ID,Project Code,PQ #,PO / SO #,ASN/DN #,Country,Managed By,Fulfill Via,Vendor INCO Term,Shipment Mode,PQ First Sent to Client Date,PO Sent to Vendor Date,Scheduled Delivery Date,Delivered to Client Date,Delivery Recorded Date,Product Group,Sub Classification,Vendor,Item Description,Molecule/Test Type,Brand,Dosage,Dosage Form,Unit of Measure (Per Pack),Line Item Quantity,Line Item Value,Pack Price,Unit Price,Manufacturing Site,First Line Designation,Weight (Kilograms),Freight Cost (USD),Line Item Insurance (USD),Project_Code,PO/SO,ASN/DN,Managed_By,Fulfill_Via,Vendor_INCO Term,Shipment_Mode,PQ_First_Sent_to_Client_Date,Scheduled_Delivery_Date,Delivered_to_Client_Date,Delivery_Recorded_Date,Product_Group,Sub_Classification,Item_Description,Dosage_Form,Unit_of_Measure_(Per_Pack),Line_Item_Quantity,Line_Item_Value,Pack_Price,Unit_Price,Manufacturing_Site,First_Line_Designation,Weight_(Kilograms),Freight_Cost (USD),Line_Item_Insurance (USD),PQ
12620,,Pre-PQ Process,,,Mozambique,,,,,,N/A - From RDC,,,,,,SCMS from RDC,,Stavudine,Generic,30mg,,,,,,,,,,,,111-MZ-T01,SO-15520,DN-1549,PMO - US,From RDC,N/A - From RDC,Air,Date Not Captured,6-Jan-10,6-Jan-10,6-Jan-10,ARV,Adult,"Stavudine 30mg, capsules, 60 Caps",Capsule,60.0,735.0,1073.1,1.46,0.02,"Aurobindo Unit III, India",Yes,47,955.36,2.31,
5796,,Pre-PQ Process,,,Vietnam,,,,,,5/13/2008,,,,,,MYLAN LABORATORIES LTD (FORMERLY MATRIX LABORATORIES),,Lamivudine,Generic,150mg,,,,,,,,,,,,108-VN-T01,SCMS-23440,ASN-2335,PMO - US,Direct Drop,EXW,Air,Pre-PQ Process,20-Sep-08,20-Sep-08,20-Sep-08,ARV,Adult,"Lamivudine 150mg, tablets, 60 Tabs",Tablet,60.0,9576.0,24897.6,2.6,0.04,Mylan (formerly Matrix) Nashik,Yes,889,7884.8,39.84,
12741,106-HT-T01,Pre-PQ Process,SO-1286,DN-458,Haiti,PMO - US,From RDC,N/A - From RDC,Air,Pre-PQ Process,N/A - From RDC,5-Dec-07,5-Dec-07,5-Dec-07,ARV,Pediatric,SCMS from RDC,"Efavirenz 200mg, capsule, 90 Caps",Efavirenz,Generic,200mg,Capsule,90.0,500.0,8000.0,16.0,0.18,"Aurobindo Unit III, India",No,See DN-458 (ID#:11814),See DN-458 (ID#:11814),12.8,,,,,,,,,,,,,,,,,,,,,,,,,,
3739,,,,,South Africa,,,,,,Date Not Captured,,,,,,S. BUYS WHOLESALER,,Lamivudine,Epivir,150mg,,,,,,,,,,,,116-ZA-T01,SCMS-40890,ASN-3585,PMO - US,Direct Drop,DDP,Air,Pre-PQ Process,19-May-09,2-Jan-09,2-Jan-09,ARV,Adult,"Lamivudine 150mg [Epivir], tablets, 60 Tabs",Tablet,60.0,10000.0,56800.0,5.68,0.09,GSK Cape Town Factory (South Africa),Yes,Weight Captured Separately,Freight Included in Commodity Cost,111.33,Pre-PQ Process
84263,151-NG-T30,FPQ-11771,SO-44752,DN-3174,Nigeria,PMO - US,From RDC,N/A - From RDC,Air Charter,2/28/13,N/A - From RDC,21-Aug-13,10-May-13,10-May-13,ARV,Pediatric,SCMS from RDC,"Abacavir/Lamivudine 60/30mg, tablets, 60 Tabs",Abacavir/Lamivudine,Generic,60/30mg,Tablet - FDC,60.0,763.0,3509.8,4.6,0.08,"Aurobindo Unit III, India",Yes,56,20666.07,4.34,,,,,,,,,,,,,,,,,,,,,,,,,,
10759,,Pre-PQ Process,,,Kenya,,,,,,N/A - From RDC,,,,,,SCMS from RDC,,"HIV 1/2, Bioline 3.0 Kit (no accessories)",Bioline,,,,,,,,,,,,,102-KE-T01,SO-18001,DN-1189,PMO - US,From RDC,N/A - From RDC,Truck,Pre-PQ Process,27-Apr-09,27-Apr-09,27-Apr-09,HRDT,HIV test,"HIV 1/2, Bioline 3.0 Kit, (no accessories), 30 Tests",Test kit,30.0,5000.0,118500.0,23.7,0.79,"Standard Diagnostics, Korea",Yes,Weight Captured Separately,Invoiced Separately,232.26,
82904,,,,,Nigeria,,,,,,N/A - From RDC,,,,,,SCMS from RDC,,Emtricitabine/Tenofovir Disoproxil Fumarate,Generic,200/300mg,,,,,,,,,,,,151-NG-T30,SO-36412,DN-1929,PMO - US,From RDC,N/A - From RDC,Air,2/10/2010,15-Jul-10,28-Jun-10,28-Jun-10,ARV,Adult,"Emtricitabine/Tenofovir Disoproxil Fumarate 200/300mg, tablets, 30 Tabs",Tablet - FDC,30.0,1000.0,11750.0,11.75,0.39,Mylan (formerly Matrix) Nashik,Yes,90,Freight Included in Commodity Cost,25.33,FPQ-5023
83060,151-NG-T30,FPQ-9432,SO-42802,DN-2767,Nigeria,PMO - US,From RDC,N/A - From RDC,Air Charter,3/1/12,N/A - From RDC,2-Aug-12,24-Jul-12,24-Jul-12,ARV,Adult,SCMS from RDC,"Lamivudine/Nevirapine/Zidovudine 150/200/300mg, tablets, 60 Tabs",Lamivudine/Nevirapine/Zidovudine,Generic,150/300/200mg,Tablet - FDC,60.0,159964.0,1569246.84,9.81,0.16,"Aurobindo Unit III, India",Yes,37944,16532.5,2200.08,,,,,,,,,,,,,,,,,,,,,,,,,,
44630,,FPQ-11560,,,Vietnam,,,,,,2/13/2013,,,,,,MYLAN LABORATORIES LTD (FORMERLY MATRIX LABORATORIES),,Efavirenz/Lamivudine/Tenofovir Disoproxil Fumarate,Generic,600/300/300mg,,,,,,,,,,,,108-VN-T30,SCMS-177630,ASN-20043,PMO - US,Direct Drop,EXW,Air,2/7/2013,13-Jul-13,13-Jul-13,13-Jul-13,ARV,Adult,"Efavirenz/Lamivudine/Tenofovir Disoproxil Fumarate 600/300/300mg, tablets, 30 Tabs",Tablet - FDC,30.0,30339.0,348595.11,11.49,0.38,Mylan (formerly Matrix) Nashik,Yes,3419,15006.27,431.21,
20407,,FPQ-12522,,,South Africa,,,,,,8/29/2014,,,,,,S. BUYS WHOLESALER,,Tenofovir Disoproxil Fumarate,Generic,300mg,,,,,,,,,,,,116-ZA-T30,SCMS-199289,ASN-28036,PMO - US,Direct Drop,DDP,Truck,7/11/2013,29-Aug-14,29-Aug-14,29-Aug-14,ARV,Adult,"Tenofovir Disoproxil Fumarate 300mg, tablets, 30 Tabs",Tablet,30.0,627.0,13051.03,20.82,0.69,Hetero Unit III Hyderabad IN,Yes,Weight Captured Separately,Freight Included in Commodity Cost,16.14,
21279,,,,,"Congo, DRC",,,,,,1/3/2013,,,,,,Aurobindo Pharma Limited,,Nevirapine,Generic,50mg,,,,,,,,,,,,101-CD-T30,SCMS-170580,ASN-18701,PMO - US,Direct Drop,EXW,Air,12/7/2012,11-Jul-13,11-Jul-13,11-Jul-13,ARV,Pediatric,"Nevirapine 50mg, dispersible tablets (tablets for oral suspension), 30 Tabs",Chewable/dispersible tablet,30.0,984.0,1230.0,1.25,0.04,"Aurobindo Unit III, India",Yes,53,938.05,1.52,FPQ-11103
86531,,FPQ-10210,,,Mozambique,,,,,,N/A - From RDC,,,,,,SCMS from RDC,,Efavirenz,Generic,600mg,,,,,,,,,,,,111-MZ-T30,SO-42830,DN-2939,PMO - US,From RDC,N/A - From RDC,Truck,6/28/2012,11-Jan-13,11-Jan-13,11-Jan-13,ARV,Adult,"Efavirenz 600mg, tablets, 30 Tabs",Tablet,30.0,1928.0,7345.68,3.81,0.13,Mylan (formerly Matrix) Nashik,No,See DN-2939 (ID#:82528),See DN-2939 (ID#:82528),10.3,
85782,114-UG-T30,FPQ-7162,SO-38802,DN-2315,Uganda,PMO - US,From RDC,N/A - From RDC,Truck,2/14/11,N/A - From RDC,5-Aug-11,24-Aug-11,24-Aug-11,ARV,Adult,SCMS from RDC,"Lamivudine/Zidovudine 150/300mg, tablets, 60 Tabs",Lamivudine/Zidovudine,Generic,150/300mg,Tablet - FDC,60.0,32000.0,264320.0,8.26,0.14,"Aurobindo Unit III, India",Yes,3026,14406.99,436.13,,,,,,,,,,,,,,,,,,,,,,,,,,
12191,,,,,Namibia,,,,,,N/A - From RDC,,,,,,SCMS from RDC,,"HIV 1/2, Clearview Complete Kit",Clearview,,,,,,,,,,,,,119-NA-T01,SO-1970,DN-680,PMO - US,From RDC,N/A - From RDC,Air,Pre-PQ Process,19-Mar-08,19-Mar-08,19-Mar-08,HRDT,HIV test,"HIV 1/2, Clearview Complete Kit, 25 Tests",Test kit,25.0,229.0,17175.0,75.0,3.0,Inverness USA,Yes,140,1286.7,27.48,Pre-PQ Process
85313,,FPQ-9968,,,Nigeria,,,,,,N/A - From RDC,,,,,,SCMS from RDC,,Lamivudine/Zidovudine,Generic,150/300mg,,,,,,,,,,,,151-NG-T30,SO-42681,DN-2900,PMO - US,From RDC,N/A - From RDC,Air,5/23/2012,6-Nov-12,6-Nov-12,6-Nov-12,ARV,Adult,"Lamivudine/Zidovudine 150/300mg, tablets, 60 Tabs",Tablet - FDC,60.0,11597.0,89528.84,7.72,0.13,Mylan (formerly Matrix) Nashik,No,See DN-2900 (ID#:84199),See DN-2900 (ID#:84199),125.52,
82626,103-ZW-T30,FPQ-12086,SO-45130,DN-3457,Zimbabwe,PMO - US,From RDC,N/A - From RDC,Truck,4/19/13,N/A - From RDC,31-Jan-14,13-Jan-14,23-Jan-14,ARV,Pediatric,SCMS from RDC,"Lamivudine/Nevirapine/Zidovudine 30/50/60mg, dispersible tablets, 60 Tabs",Lamivudine/Nevirapine/Zidovudine,Generic,30/50/60mg,Chewable/dispersible tablet - FDC,60.0,92045.0,358055.05,3.89,0.06,"Strides, Bangalore, India.",Yes,5103,11604.57,442.91,,,,,,,,,,,,,,,,,,,,,,,,,,
16379,,FPQ-14942,,,South Africa,,,,,,10/9/2014,,,,,,PHARMACY DIRECT,,Etravirine,Intelence,100mg,,,,,,,,,,,,116-ZA-T30,SCMS-259077,ASN-33478,PMO - US,Direct Drop,DDP,Truck,9/11/2014,24-Jul-15,24-Jul-15,24-Jul-15,ARV,Adult,"Etravirine 100mg [Intelence], tablets, 120 Tabs",Tablet,120.0,27.0,742.84,27.51,0.23,"Janssen-Cilag, Latina, IT",Yes,Weight Captured Separately,Freight Included in Commodity Cost,0.76,
12318,,Pre-PQ Process,,,Côte d'Ivoire,,,,,,N/A - From RDC,,,,,,SCMS from RDC,,Emtricitabine/Tenofovir Disoproxil Fumarate,Generic,200/300mg,,,,,,,,,,,,104-CI-T01,SO-33250,DN-1428,PMO - US,From RDC,N/A - From RDC,Air,Date Not Captured,21-Sep-09,21-Sep-09,21-Sep-09,ARV,Adult,"Emtricitabine/Tenofovir Disoproxil Fumarate 200/300mg, tablets, 30 Tabs",Tablet - FDC,30.0,666.0,7825.5,11.75,0.39,Mylan (formerly Matrix) Nashik,Yes,54,1713.01,15.34,
55030,,,,,Côte d'Ivoire,,,,,,9/10/2010,,,,,,MERCK SHARP & DOHME IDEA GMBH (FORMALLY MERCK SHARP & DOHME B.V.),,Efavirenz/Emtricitabine/Tenofovir Disoproxil Fumarate,Atripla,600/200/300mg,,,,,,,,,,,,104-CI-T30,SCMS-83691,ASN-8512,PMO - US,Direct Drop,CIP,Air,8/10/2010,27-Oct-10,27-Oct-10,27-Oct-10,ARV,Adult,"Efavirenz/Emtricitabine/Tenofovir Disoproxil Fumarate 600/200/300mg [Atripla], tablets, 30 Tabs",Tablet - FDC,30.0,2000.0,100800.0,50.4,1.68,"MSD, Haarlem, NL",Yes,269,1315.14,217.32,FPQ-6183
40851,,,,,Cameroon,,,,,,8/23/2013,,,,,,MYLAN LABORATORIES LTD (FORMERLY MATRIX LABORATORIES),,Zidovudine,Generic,300mg,,,,,,,,,,,,901-CM-T30,SCMS-204330,ASN-21572,PMO - US,Direct Drop,EXW,Air,8/19/2013,26-Sep-13,26-Sep-13,26-Sep-13,ARV,Adult,"Zidovudine 300mg, tablets, 60 Tabs",Tablet,60.0,5000.0,32500.0,6.5,0.11,Mylan (formerly Matrix) Nashik,Yes,294,4339.64,40.2,FPQ-12837
9488,,Pre-PQ Process,,,Rwanda,,,,,,11/19/2007,,,,,,"Trinity Biotech, Plc",,"HIV 1/2, Capillus HIV Kit",Capillus,,,,,,,,,,,,,107-RW-T01,SCMS-14150,ASN-1085,PMO - US,Direct Drop,EXW,Air,Pre-PQ Process,18-Jan-08,18-Jan-08,18-Jan-08,HRDT,HIV test,"HIV 1/2, Capillus HIV Kit, 100 Tests",Test kit,100.0,300.0,41700.0,139.0,1.39,"Trinity Biotech, Plc",No,See ASN-1085 (ID#:9487),See ASN-1085 (ID#:9487),66.72,
10724,,,,,Ethiopia,,,,,,N/A - From RDC,,,,,,SCMS from RDC,,Lamivudine/Zidovudine,Generic,150/300mg,,,,,,,,,,,,117-ET-T01,SO-19400,DN-1027,PMO - US,From RDC,N/A - From RDC,Air,Pre-PQ Process,12-Dec-08,12-Dec-08,12-Dec-08,ARV,Adult,"Lamivudine/Zidovudine 150/300mg, tablets, 60 Tabs",Tablet - FDC,60.0,31000.0,271560.0,8.76,0.15,"Aurobindo Unit III, India",Yes,1787,10073.76,532.26,Pre-PQ Process
33097,116-ZA-T30,FPQ-11828,SCMS-183950,ASN-19166,South Africa,South Africa Field Office,Direct Drop,DDP,Truck,3/18/13,Date Not Captured,16-Apr-13,16-Apr-13,16-Apr-13,ARV,Pediatric,S. BUYS WHOLESALER,"Nevirapine 10mg/ml [Viramune], oral suspension, Bottle, 240 ml",Nevirapine,Viramune,10mg/ml,Oral suspension,240.0,212.0,2720.61,12.83,0.05,Boehringer Ingelheim Roxane US,No,Weight Captured Separately,Freight Included in Commodity Cost,3.37,,,,,,,,,,,,,,,,,,,,,,,,,,
86355,,,,,Dominican Republic,,,,,,N/A - From RDC,,,,,,SCMS from RDC,,Lamivudine/Zidovudine,Generic,150/300mg,,,,,,,,,,,,200-DO-T30,SO-38020,DN-2065,PMO - US,From RDC,N/A - From RDC,Air,10/25/2010,31-Jan-11,8-Dec-10,8-Dec-10,ARV,Adult,"Lamivudine/Zidovudine 150/300mg, tablets, 60 Tabs",Tablet - FDC,60.0,16000.0,136800.0,8.55,0.14,"Aurobindo Unit III, India",No,See DN-2065 (ID#:82360),See DN-2065 (ID#:82360),225.72,FPQ-6616
28838,161-ZA-T30,FPQ-5648,SCMS-75560,ASN-8147,South Africa,PMO - US,Direct Drop,DDP,Ocean,6/2/10,6/17/10,4-Nov-10,4-Nov-10,4-Nov-10,ARV,Adult,STRIDES ARCOLAB LIMITED,"Lamivudine 150mg, tablets, 60 Tabs",Lamivudine,Generic,150mg,Tablet,60.0,150000.0,373500.0,2.49,0.04,"Strides, Bangalore, India.",Yes,7670,8256.97,805.27,,,,,,,,,,,,,,,,,,,,,,,,,,
84875,,FPQ-12587,,,Tanzania,,,,,,N/A - From RDC,,,,,,SCMS from RDC,,Lamivudine/Nevirapine/Stavudine,Generic,60/100/12mg,,,,,,,,,,,,109-TZ-T30,SO-45995,DN-3458,PMO - US,From RDC,N/A - From RDC,Truck,7/4/2013,31-Dec-13,25-Feb-14,13-Mar-14,ARV,Pediatric,"Lamivudine/Nevirapine/Stavudine 60/100/12mg, dispersible tablets, 60 Tabs",Chewable/dispersible tablet - FDC,60.0,7894.0,33944.2,4.3,0.07,"Cipla, Goa, India",No,See DN-3458 (ID#:83196),See DN-3458 (ID#:83196),41.99,
19940,,FPQ-13524,,,Vietnam,,,,,,6/27/2014,,,,,,MYLAN LABORATORIES LTD (FORMERLY MATRIX LABORATORIES),,Lamivudine/Zidovudine,Generic,150/300mg,,,,,,,,,,,,108-VN-T30,SCMS-226251,ASN-27964,PMO - US,Direct Drop,EXW,Air,2/6/2014,3-Nov-14,3-Nov-14,3-Nov-14,ARV,Adult,"Lamivudine/Zidovudine 150/300mg, tablets, 60 Tabs",Tablet - FDC,60.0,20000.0,129800.0,6.49,0.11,Mylan (formerly Matrix) Nashik,Yes,1725,3273.14,133.43,
53618,,FPQ-7175,,,South Africa,,,,,,3/24/2011,,,,,,Aurobindo Pharma Limited,,Abacavir,Generic,300mg,,,,,,,,,,,,161-ZA-T30,SCMS-103480,ASN-12823,PMO - US,Direct Drop,DDP,Ocean,3/10/2011,4-Jan-12,4-Jan-12,4-Jan-12,ARV,Adult,"Abacavir 300mg, tablets, 60 Tabs",Tablet,60.0,6155.0,91894.15,14.93,0.25,"Aurobindo Unit III, India",Yes,590,146.5,151.63,
84075,,FPQ-6499,,,Côte d'Ivoire,,,,,,N/A - From RDC,,,,,,SCMS from RDC,,Efavirenz/Emtricitabine/Tenofovir Disoproxil Fumarate,Generic,600/200/300mg,,,,,,,,,,,,104-CI-T30,SO-37730,DN-2158,PMO - US,From RDC,N/A - From RDC,Air,10/4/2010,24-Mar-11,7-Jun-11,7-Jun-11,ARV,Adult,"Efavirenz/Emtricitabine/Tenofovir Disoproxil Fumarate 600/200/300mg, tablets, 30 Tabs",Tablet - FDC,30.0,11280.0,224697.6,19.92,0.66,Mylan (formerly Matrix) Nashik,Yes,1264,3380.35,370.75,
33179,,FPQ-15314,,,Uganda,,,,,,12/4/2014,,,,,,"Orgenics, Ltd",,"HIV 1/2, Determine Complete HIV Kit",Determine,,,,,,,,,,,,,114-UG-T30,SCMS-264750,ASN-31496,PMO - US,Direct Drop,EXW,Air,11/11/2014,5-May-15,5-May-15,5-May-15,HRDT,HIV test,"HIV 1/2, Determine Complete HIV Kit, 100 Tests",Test kit,100.0,6227.0,498160.0,80.0,0.8,"Alere Medical Co., Ltd.",Yes,2527,20534.4,586.33,
60840,161-ZA-T30,FPQ-6262,SCMS-84240,ASN-8846,South Africa,PMO - US,Direct Drop,DDP,Ocean,8/31/10,9/21/10,13-Dec-10,13-Dec-10,13-Dec-10,ARV,Adult,STRIDES ARCOLAB LIMITED,"Nevirapine 200mg, tablets, 60 Tabs",Nevirapine,Generic,200mg,Tablet,60.0,237500.0,681625.0,2.87,0.05,"Strides, Bangalore, India.",Yes,15475,14682.98,1469.58,,,,,,,,,,,,,,,,,,,,,,,,,,
83578,,FPQ-7560,,,Zimbabwe,,,,,,N/A - From RDC,,,,,,SCMS from RDC,,Zidovudine,Generic,300mg,,,,,,,,,,,,113-ZW-T30,SO-39470,DN-2604,PMO - US,From RDC,N/A - From RDC,Truck,4/26/2011,18-Apr-12,10-Apr-12,10-Apr-12,ARV,Adult,"Zidovudine 300mg, tablets, 60 Tabs",Tablet,60.0,31263.0,219466.26,7.02,0.12,Hetero Unit III Hyderabad IN,Yes,1616,3489.53,362.12,
11402,,Pre-PQ Process,,,Rwanda,,,,,,N/A - From RDC,,,,,,SCMS from RDC,,"HIV 1/2, Capillus HIV Kit",Capillus,,,,,,,,,,,,,107-RW-T01,SO-240,DN-150,PMO - US,From RDC,N/A - From RDC,Air,Pre-PQ Process,22-May-07,22-May-07,22-May-07,HRDT,HIV test,"HIV 1/2, Capillus HIV Kit, 100 Tests",Test kit,100.0,60.0,8340.0,139.0,1.39,"Trinity Biotech, Plc",No,See DN-150 (ID#:11401),See DN-150 (ID#:11401),,
11799,,Pre-PQ Process,,,Zambia,,,,,,N/A - From RDC,,,,,,SCMS from RDC,,Lamivudine/Zidovudine,Generic,150/300mg,,,,,,,,,,,,110-ZM-T01,SO-976,DN-384,PMO - US,From RDC,N/A - From RDC,,Pre-PQ Process,29-Oct-07,29-Oct-07,29-Oct-07,ARV,Adult,"Lamivudine/Zidovudine 150/300mg, tablets, 60 Tabs",Tablet - FDC,60.0,60060.0,372372.0,6.2,0.1,"Aurobindo Unit III, India",No,See DN-384 (ID#:10901),See DN-384 (ID#:10901),595.8,
10774,,,,,Zambia,,,,,,N/A - From RDC,,,,,,SCMS from RDC,,Zidovudine,Generic,300mg,,,,,,,,,,,,110-ZM-T01,SO-30300,DN-1250,PMO - US,From RDC,N/A - From RDC,Truck,Pre-PQ Process,15-Jun-09,15-Jun-09,15-Jun-09,ARV,Adult,"Zidovudine 300mg, tablets, 60 Tabs",Tablet,60.0,500.0,3855.0,7.71,0.13,"Aurobindo Unit III, India",Yes,10681,17384.76,7.56,Pre-PQ Process
30589,,,,,South Africa,,,,,,10/9/2014,,,,,,PHARMACY DIRECT,,Efavirenz,Generic,200mg,,,,,,,,,,,,116-ZA-T30,SCMS-259078,ASN-33470,PMO - US,Direct Drop,DDP,Truck,9/11/2014,24-Jul-15,24-Jul-15,24-Jul-15,ARV,Pediatric,"Efavirenz 200mg, capsule, 90 Caps",Capsule,90.0,10.0,182.5,18.25,0.2,"Aurobindo Unit III, India",No,Weight Captured Separately,Freight Included in Commodity Cost,0.19,FPQ-14942
85144,,,,,Côte d'Ivoire,,,,,,N/A - From RDC,,,,,,SCMS from RDC,,Lamivudine/Zidovudine,Generic,150/300mg,,,,,,,,,,,,104-CI-T30,SO-36300,DN-2000,PMO - US,From RDC,N/A - From RDC,Air,3/3/2010,14-Sep-10,6-Sep-10,6-Sep-10,ARV,Adult,"Lamivudine/Zidovudine 150/300mg, tablets, 60 Tabs",Tablet - FDC,60.0,61920.0,542419.2,8.76,0.15,Hetero Unit III Hyderabad IN,Yes,5334,8815.65,1169.46,FPQ-5201
11895,,Pre-PQ Process,,,Nigeria,,,,,,N/A - From RDC,,,,,,SCMS from RDC,,Efavirenz,Generic,600mg,,,,,,,,,,,,130-NG-T01,SO-2500,DN-729,PMO - US,From RDC,N/A - From RDC,Air,Pre-PQ Process,9-May-08,9-May-08,9-May-08,ARV,Adult,"Efavirenz 600mg, tablets, 30 Tabs",Tablet,30.0,1031.0,12382.31,12.01,0.4,"Aurobindo Unit III, India",Yes,236,1651.16,19.81,
10675,100-PK-T01,Pre-PQ Process,SO-2496,DN-732,Pakistan,PMO - US,From RDC,N/A - From RDC,Air,Pre-PQ Process,N/A - From RDC,19-May-08,19-May-08,19-May-08,HRDT,HIV test,SCMS from RDC,"HIV 1/2, Determine HIV Kit, without Lancets, 100 Tests","HIV 1/2, Determine HIV Kit, without Lancets",Determine,,Test kit,100.0,20.0,1439.8,71.99,0.72,Inverness Japan,Yes,Weight Captured Separately,Invoiced Separately,2.3,,,,,,,,,,,,,,,,,,,,,,,,,,
5769,,,,,Botswana,,,,,,4/28/2008,,,,,,"Orgenics, Ltd",,"HIV, Lancet, Safety, for HIV Test kits, 100 Pcs",Generic,,,,,,,,,,,,,102-BW-T01,SCMS-22770,ASN-2235,PMO - US,Direct Drop,EXW,Air,Pre-PQ Process,20-Jan-09,20-Jan-09,20-Jan-09,HRDT,HIV test - Ancillary,"HIV, Lancet, Safety, for HIV Test kits, 100 Pcs",Test kit - Ancillary,100.0,100.0,1.0,0.01,0.0,Inverness Japan,Yes,Weight Captured Separately,Invoiced Separately,0.0,Pre-PQ Process
8462,108-VN-T01,Pre-PQ Process,SCMS-23450,ASN-2336,Vietnam,PMO - US,Direct Drop,EXW,Air,Pre-PQ Process,5/14/08,19-Sep-08,19-Sep-08,19-Sep-08,ARV,Adult,MYLAN LABORATORIES LTD (FORMERLY MATRIX LABORATORIES),"Lamivudine 150mg, tablets, 60 Tabs",Lamivudine,Generic,150mg,Tablet,60.0,14364.0,37346.4,2.6,0.04,Mylan (formerly Matrix) Nashik,No,See ASN-2336 (ID#:530),See ASN-2336 (ID#:530),59.75,,,,,,,,,,,,,,,,,,,,,,,,,,
52677,114-UG-T30,FPQ-13116,SCMS-212630,ASN-23223,Uganda,PMO - US,Direct Drop,EXW,Air,10/23/13,10/30/13,4-Mar-14,4-Mar-14,5-Mar-14,ARV,Pediatric,ABBVIE LOGISTICS (FORMERLY ABBOTT LOGISTICS BV),"Lopinavir/Ritonavir 80/20mg/ml [Kaletra], oral solution, cool, Bottle 5 x 60 ml",Lopinavir/Ritonavir,Kaletra,80/20mg/ml,Oral solution,300.0,188.0,5794.16,30.82,0.1,ABBVIE (Abbott) Logis. UK,Yes,221,2553.06,5.96,,,,,,,,,,,,,,,,,,,,,,,,,,
85144,,FPQ-5201,,,Côte d'Ivoire,,,,,,N/A - From RDC,,,,,,SCMS from RDC,,Lamivudine/Zidovudine,Generic,150/300mg,,,,,,,,,,,,104-CI-T30,SO-36300,DN-2000,PMO - US,From RDC,N/A - From RDC,Air,3/3/2010,14-Sep-10,6-Sep-10,6-Sep-10,ARV,Adult,"Lamivudine/Zidovudine 150/300mg, tablets, 60 Tabs",Tablet - FDC,60.0,61920.0,542419.2,8.76,0.15,Hetero Unit III Hyderabad IN,Yes,5334,8815.65,1169.46,
27462,,,,,Guyana,,,,,,5/23/2013,,,,,,ABBVIE LOGISTICS (FORMERLY ABBOTT LOGISTICS BV),,Lopinavir/Ritonavir,Kaletra,80/20mg/ml,,,,,,,,,,,,105-GY-T30,SCMS-188860,ASN-21852,PMO - US,Direct Drop,FCA,Air,4/15/2013,29-Oct-13,29-Oct-13,29-Oct-13,ARV,Pediatric,"Lopinavir/Ritonavir 80/20mg/ml [Kaletra], oral solution, cool, Bottle 5 x 60 ml",Oral solution,300.0,12.0,729.84,60.82,0.2,ABBVIE (Abbott) Logis. UK,Yes,48,749.36,0.9,FPQ-12057
74499,,FPQ-6802,,,Haiti,,,,,,1/6/2011,,,,,,MERCK SHARP & DOHME IDEA GMBH (FORMALLY MERCK SHARP & DOHME B.V.),,Efavirenz,Stocrin/Sustiva,30mg/ml,,,,,,,,,,,,106-HT-T30,SCMS-96310,ASN-12382,PMO - US,Direct Drop,CIP,Air,12/21/2010,18-Oct-11,18-Oct-11,18-Oct-11,ARV,Pediatric,"Efavirenz 30mg/ml [Stocrin/Sustiva], oral solution, Bottle, 180 ml",Oral solution,180.0,270.0,4579.2,16.96,0.09,"MSD Patheon, Canada",Yes,76,290,7.56,
82286,,FPQ-4384,,,Haiti,,,,,,N/A - From RDC,,,,,,SCMS from RDC,,Nevirapine,Generic,10mg/ml,,,,,,,,,,,,106-HT-T30,SO-34700,DN-1609,PMO - US,From RDC,N/A - From RDC,Air,10/23/2009,18-Jan-10,27-Jan-10,27-Jan-10,ARV,Pediatric,"Nevirapine 10mg/ml, oral suspension, Bottle, 240 ml",Oral suspension,240.0,3635.0,6979.2,1.92,0.01,"Aurobindo Unit III, India",Yes,1345,14489.1,15.05,
70978,114-UG-T30,FPQ-12289,SCMS-192020,ASN-20948,Uganda,PMO - US,Direct Drop,EXW,Air,5/14/13,6/7/13,19-Aug-13,19-Aug-13,19-Aug-13,ARV,Pediatric,MICRO LABS LIMITED,"Efavirenz 50mg, capsule, 30 Caps",Efavirenz,Generic,50mg,Capsule,30.0,252.0,509.04,2.02,0.07,"Micro labs, Verna, Goa, India",Yes,9,1678.53,0.63,,,,,,,,,,,,,,,,,,,,,,,,,,
86067,114-UG-T30,FPQ-13108,SO-46872,DN-3607,Uganda,PMO - US,From RDC,N/A - From RDC,Truck,10/16/13,N/A - From RDC,21-Mar-14,18-Apr-14,28-Apr-14,ARV,Adult,SCMS from RDC,"Lamivudine/Nevirapine/Zidovudine 150/200/300mg, tablets, 60 Tabs",Lamivudine/Nevirapine/Zidovudine,Generic,150/300/200mg,Tablet - FDC,60.0,34138.0,281979.88,8.26,0.14,"Aurobindo Unit III, India",Yes,4009,4947.38,289.88,,,,,,,,,,,,,,,,,,,,,,,,,,
48065,,FPQ-5303,,,South Africa,,,,,,3/19/2010,,,,,,Aurobindo Pharma Limited,,Lamivudine,Generic,10mg/ml,,,,,,,,,,,,161-ZA-T30,SCMS-68952,ASN-7506,PMO - US,Direct Drop,DDP,Air,3/18/2010,24-Aug-10,24-Aug-10,24-Aug-10,ARV,Pediatric,"Lamivudine 10mg/ml, oral solution w/syringe, Bottle, 240 ml",Oral solution,240.0,11668.0,35004.0,3.0,0.01,"Aurobindo Unit III, India",Yes,4396,3283.59,75.47,
65349,,,,,South Africa,,,,,,3/23/2011,,,,,,EMCURE PHARMACEUTICALS LTD,,Efavirenz,Generic,600mg,,,,,,,,,,,,161-ZA-T30,SCMS-103680,ASN-12948,PMO - US,Direct Drop,DDP,Ocean,3/10/2011,1-Dec-11,1-Dec-11,1-Dec-11,ARV,Adult,"Efavirenz 600mg, tablets, 30 Tabs",Tablet,30.0,96224.0,413763.2,4.3,0.14,"Emcure Plot No.P-2, I.T-B.T. Park, Phase II, MIDC, Hinjwadi, Pune, India",Yes,7556,9582.53,682.71,FPQ-7175
11595,,Pre-PQ Process,,,Zambia,,,,,,N/A - From RDC,,,,,,SCMS from RDC,,Efavirenz,Generic,600mg,,,,,,,,,,,,110-ZM-T01,SO-17600,DN-1116,PMO - US,From RDC,N/A - From RDC,Air,Pre-PQ Process,17-Mar-09,17-Mar-09,17-Mar-09,ARV,Adult,"Efavirenz 600mg, tablets, 30 Tabs",Tablet,30.0,100000.0,1100000.0,11.0,0.37,"Aurobindo Unit III, India",Yes,8645,14041.17,2156.0,
16231,,FPQ-6936,,,Tanzania,,,,,,5/2/2011,,,,,,"Standard Diagnostics, Inc.",,"HIV 1/2, Bioline 3.0 Kit, Lancets, Capillary pipets, Alcohol swabs included",Bioline,,,,,,,,,,,,,109-TZ-T30,SCMS-100632,ASN-10905,PMO - US,Direct Drop,EXW,Air,12/27/2010,14-Jul-11,14-Jul-11,14-Jul-11,HRDT,HIV test,"HIV 1/2, Bioline 3.0 Kit, Lancets, Capillary pipets, Alcohol swabs included, 25 Tests",Test kit,25.0,10000.0,200000.0,20.0,0.8,"Standard Diagnostics, Korea",Yes,3335,23616.68,330.0,
82552,,FPQ-9907,,,Zimbabwe,,,,,,N/A - From RDC,,,,,,SCMS from RDC,,Lamivudine/Nevirapine/Stavudine,Generic,30/50/6mg,,,,,,,,,,,,103-ZW-T30,SO-42260,DN-3032,PMO - US,From RDC,N/A - From RDC,Truck,5/15/2012,31-Mar-13,14-Mar-13,14-Mar-13,ARV,Pediatric,"Lamivudine/Nevirapine/Stavudine 30/50/6mg, dispersible tablets, 60 Tabs",Chewable/dispersible tablet - FDC,60.0,28220.0,64906.0,2.3,0.04,"Cipla, Goa, India",No,See DN-3032 (ID#:82551),See DN-3032 (ID#:82551),91.0,
84314,104-CI-T30,FPQ-12800,SO-46340,DN-3469,Côte d'Ivoire,PMO - US,From RDC,N/A - From RDC,Air,8/9/13,N/A - From RDC,22-Jan-14,16-Dec-13,20-Jan-14,ARV,Adult,SCMS from RDC,"Lamivudine/Tenofovir Disoproxil Fumarate 300/300mg, tablets, 30 Tabs",Lamivudine/Tenofovir Disoproxil Fumarate,Generic,300/300mg,Tablet - FDC,30.0,7130.0,33511.0,4.7,0.16,"Aurobindo Unit VII, IN",Yes,669,2431.39,41.45,,,,,,,,,,,,,,,,,,,,,,,,,,
12886,,,,,Nigeria,,,,,,N/A - From RDC,,,,,,SCMS from RDC,,Lamivudine,Generic,10mg/ml,,,,,,,,,,,,112-NG-T01,SO-21050,DN-1244,PMO - US,From RDC,N/A - From RDC,Air Charter,Pre-PQ Process,16-Jun-09,16-Jun-09,16-Jun-09,ARV,Pediatric,"Lamivudine 10mg/ml, oral solution, Bottle, 240 ml",Oral solution,240.0,806.0,1531.4,1.9,0.01,"Aurobindo Unit III, India",No,See DN-1244 (ID#:11048),See DN-1244 (ID#:11048),3.0,Pre-PQ Process
32193,,,,,Ethiopia,,,,,,11/6/2013,,,,,,"Trinity Biotech, Plc",,"HIV 1/2, Uni-Gold HIV Kit",Uni-Gold,,,,,,,,,,,,,117-ET-T30,SCMS-213980,ASN-23661,PMO - US,Direct Drop,EXW,Air,10/25/2013,14-Jan-14,14-Jan-14,15-Jan-14,HRDT,HIV test,"HIV 1/2, Uni-Gold HIV Kit, 20 Tests",Test kit,20.0,11.0,352.0,32.0,1.6,"Trinity Biotech, Plc",Yes,4,526.44,0.36,FPQ-13200
28333,,FPQ-16330,,,Nigeria,,,,,,5/22/2015,,,,,,ACOUNS NIGERIA LTD,,"HIV 1/2, Determine HIV Kit, without Lancets",Determine,,,,,,,,,,,,,133-NG-T30,SCMS-288770,ASN-32400,PMO - US,Direct Drop,DDP,Air,5/11/2015,25-May-15,25-May-15,26-May-15,HRDT,HIV test,"HIV 1/2, Determine HIV Kit, without Lancets, 100 Tests",Test kit,100.0,6107.0,407642.25,66.75,0.67,"Alere Medical Co., Ltd.",Yes,Weight Captured Separately,Freight Included in Commodity Cost,479.79,
82357,,,,,Côte d'Ivoire,,,,,,N/A - From RDC,,,,,,SCMS from RDC,,Lamivudine,Generic,10mg/ml,,,,,,,,,,,,104-CI-T30,SO-37150,DN-2035,PMO - US,From RDC,N/A - From RDC,Truck,6/23/2010,30-Nov-10,26-Nov-10,26-Nov-10,ARV,Pediatric,"Lamivudine 10mg/ml, oral solution w/syringe, Bottle, 240 ml",Oral solution,240.0,2415.0,4467.75,1.85,0.01,"Aurobindo Unit III, India",No,See DN-2035 (ID#:82356),See DN-2035 (ID#:82356),9.63,FPQ-5925
65280,,FPQ-12522,,,South Africa,,,,,,8/29/2014,,,,,,S. BUYS WHOLESALER,,Lamivudine,Generic,150mg,,,,,,,,,,,,116-ZA-T30,SCMS-199289,ASN-28036,PMO - US,Direct Drop,DDP,Truck,7/11/2013,29-Aug-14,29-Aug-14,29-Aug-14,ARV,Adult,"Lamivudine 150mg, tablets, 60 Tabs",Tablet,60.0,783.0,7639.77,9.76,0.16,Hetero Unit III Hyderabad IN,No,Weight Captured Separately,Freight Included in Commodity Cost,9.45,
11560,,Pre-PQ Process,,,Ethiopia,,,,,,N/A - From RDC,,,,,,SCMS from RDC,,Zidovudine,Generic,300mg,,,,,,,,,,,,117-ET-T01,SO-18340,DN-1003,PMO - US,From RDC,N/A - From RDC,Air,Pre-PQ Process,11-Nov-08,11-Nov-08,11-Nov-08,ARV,Adult,"Zidovudine 300mg, tablets, 60 Tabs",Tablet,60.0,5000.0,39500.0,7.9,0.13,"Aurobindo Unit III, India",Yes,229,1774.3,77.42,
83674,114-UG-T30,FPQ-11143,SO-43951,DN-3119,Uganda,PMO - US,From RDC,N/A - From RDC,Truck,12/13/12,N/A - From RDC,8-May-13,9-May-13,9-May-13,ARV,Adult,SCMS from RDC,"Lamivudine/Nevirapine/Zidovudine 150/200/300mg, tablets, 60 Tabs",Lamivudine/Nevirapine/Zidovudine,Generic,150/300/200mg,Tablet - FDC,60.0,15795.0,135521.1,8.58,0.14,Hetero Unit III Hyderabad IN,Yes,2234,6582.95,167.64,,,,,,,,,,,,,,,,,,,,,,,,,,
71917,107-RW-T30,FPQ-12518,SCMS-198222,ASN-24719,Rwanda,PMO - US,Direct Drop,EXW,Air,6/21/13,8/12/13,27-Mar-14,27-Mar-14,8-May-14,HRDT,HIV test,"SHANGHAI KEHUA BIOENGINEERING CO.,LTD.  (KHB)","HIV 1/2, SKB Colloidal Gold, Diagnostic Kit, Antibody, 50 Tests","HIV 1/2, Colloidal Gold, Diagnostic Kit, Antibody",Colloidal Gold,,Test kit,1.0,2988.0,73206.0,24.5,24.5,"KHB Test Kit Facility, Shanghai China",Yes,1992,26266.34,90.56,,,,,,,,,,,,,,,,,,,,,,,,,,
62433,,,,,Mozambique,,,,,,7/25/2009,,,,,,"Trinity Biotech, Plc",,"HIV 1/2, Uni-Gold HIV Kit",Uni-Gold,,,,,,,,,,,,,111-MZ-T30,SCMS-50170,ASN-4672,PMO - US,Direct Drop,EXW,Air,7/15/2009,8-Sep-09,8-Sep-09,8-Sep-09,HRDT,HIV test,"HIV 1/2, Uni-Gold HIV Kit, 20 Tests",Test kit,20.0,4200.0,134400.0,32.0,1.6,"Trinity Biotech, Plc",Yes,1650,23167.84,263.42,FPQ-3999
85071,104-CI-T30,FPQ-3964,SO-34500,DN-1523,Côte d'Ivoire,PMO - US,From RDC,N/A - From RDC,Air,7/24/09,N/A - From RDC,1-Dec-09,2-Dec-09,2-Dec-09,ARV,Adult,SCMS from RDC,"Abacavir 300mg, tablets, 60 Tabs",Abacavir,Generic,300mg,Tablet,60.0,4000.0,85680.0,21.42,0.36,Mylan (formerly Matrix) Nashik,No,See DN-1523 (ID#:83961),See DN-1523 (ID#:83961),167.93,,,,,,,,,,,,,,,,,,,,,,,,,,
41694,106-HT-T30,FPQ-13494,SCMS-225414,ASN-30328,Haiti,PMO - US,Direct Drop,EXW,Air,1/21/14,2/19/14,26-Feb-15,26-Feb-15,27-Feb-15,HRDT,HIV test,"Orgenics, Ltd","HIV 1/2, Determine Complete HIV Kit, 100 Tests","HIV 1/2, Determine Complete HIV Kit",Determine,,Test kit,100.0,4500.0,450000.0,100.0,1.0,"Alere Medical Co., Ltd.",Yes,1825,15408.29,462.6,,,,,,,,,,,,,,,,,,,,,,,,,,
74610,,FPQ-7898,,,Vietnam,,,,,,7/8/2011,,,,,,HETERO LABS LIMITED,,Lamivudine/Zidovudine,Generic,150/300mg,,,,,,,,,,,,108-VN-T30,SCMS-113670,ASN-12274,PMO - US,Direct Drop,EXW,Air,6/27/2011,24-Oct-11,24-Oct-11,24-Oct-11,ARV,Adult,"Lamivudine/Zidovudine 150/300mg, tablets, 60 Tabs",Tablet - FDC,60.0,11755.0,96391.0,8.2,0.14,Hetero Unit III Hyderabad IN,Yes,1083,9046.76,159.05,
85843,109-TZ-T30,FPQ-8303,SO-40491,DN-2592,Tanzania,PMO - US,From RDC,N/A - From RDC,Truck,8/22/11,N/A - From RDC,8-May-12,11-Apr-12,11-Apr-12,ARV,Pediatric,SCMS from RDC,"Lamivudine/Nevirapine/Zidovudine 30/50/60mg, dispersible tablets, 60 Tabs",Lamivudine/Nevirapine/Zidovudine,Generic,30/50/60mg,Chewable/dispersible tablet - FDC,60.0,5603.0,23812.75,4.25,0.07,Mylan (formerly Matrix) Nashik,Yes,316,3279.25,39.29,,,,,,,,,,,,,,,,,,,,,,,,,,
42505,,,,,South Africa,,,,,,8/29/2014,,,,,,S. BUYS WHOLESALER,,Emtricitabine/Tenofovir Disoproxil Fumarate,Generic,200/300mg,,,,,,,,,,,,116-ZA-T30,SCMS-199289,ASN-28033,PMO - US,Direct Drop,DDP,Truck,7/11/2013,29-Aug-14,29-Aug-14,29-Aug-14,ARV,Adult,"Emtricitabine/Tenofovir Disoproxil Fumarate 200/300mg, tablets, 30 Tabs",Tablet - FDC,30.0,55.0,1833.08,33.33,1.11,"Aurobindo Unit III, India",No,Weight Captured Separately,Freight Included in Commodity Cost,2.27,FPQ-12522
73996,,FPQ-12806,,,Côte d'Ivoire,,,,,,9/16/2013,,,,,,MYLAN LABORATORIES LTD (FORMERLY MATRIX LABORATORIES),,Atazanavir/Ritonavir,Generic,300/100mg,,,,,,,,,,,,104-CI-T30,SCMS-206580,ASN-22054,PMO - US,Direct Drop,EXW,Air,8/9/2013,4-Nov-13,4-Nov-13,5-Nov-13,ARV,Adult,"Atazanavir/Ritonavir 300/100mg, tablets, 30 Tabs",Tablet,30.0,4500.0,90000.0,20.0,0.67,Mylan (formerly Matrix) Nashik,Yes,608,4568.92,111.33,
22160,,FPQ-14083,,,Haiti,,,,,,6/2/2014,,,,,,MYLAN LABORATORIES LTD (FORMERLY MATRIX LABORATORIES),,Efavirenz/Lamivudine/Tenofovir Disoproxil Fumarate,Generic,600/300/300mg,,,,,,,,,,,,106-HT-T30,SCMS-240201,ASN-27545,PMO - US,Direct Drop,EXW,Ocean,5/11/2014,20-Oct-14,20-Oct-14,6-Nov-14,ARV,Adult,"Efavirenz/Lamivudine/Tenofovir Disoproxil Fumarate 600/300/300mg, tablets, 30 Tabs",Tablet - FDC,30.0,46500.0,499410.0,10.74,0.36,Mylan (formerly Matrix) Nashik,Yes,5342,9195.61,513.39,
40209,,FPQ-6897,,,Côte d'Ivoire,,,,,,4/1/2011,,,,,,ABBVIE LOGISTICS (FORMERLY ABBOTT LOGISTICS BV),,Lopinavir/Ritonavir,Aluvia,200/50mg,,,,,,,,,,,,104-CI-T30,SCMS-101001,ASN-11637,PMO - US,Direct Drop,FCA,Air,1/5/2011,18-Aug-11,18-Aug-11,18-Aug-11,ARV,Adult,"Lopinavir/Ritonavir 200/50mg [Aluvia], tablets, 120 Tabs",Tablet,120.0,16695.0,562621.5,33.7,0.28,ABBVIE Ludwigshafen Germany,Yes,4113,30130.82,928.33,
82354,111-MZ-T30,FPQ-5126,SO-35980,DN-2027,Mozambique,PMO - US,From RDC,N/A - From RDC,Truck,2/18/10,N/A - From RDC,25-Nov-10,1-Dec-10,1-Dec-10,ARV,Adult,SCMS from RDC,"Lamivudine/Nevirapine/Zidovudine 150/200/300mg, tablets, 60 Tabs",Lamivudine/Nevirapine/Zidovudine,Generic,150/300/200mg,Tablet - FDC,60.0,208501.0,2339381.22,11.22,0.19,"Aurobindo Unit III, India",Yes,28237,14163.13,5043.71,,,,,,,,,,,,,,,,,,,,,,,,,,
78314,107-RW-T30,FPQ-5792,SCMS-75810,ASN-9743,Rwanda,PMO - US,Direct Drop,EXW,Air,6/7/10,7/21/10,17-Feb-11,17-Feb-11,17-Feb-11,HRDT,HIV test,"Orgenics, Ltd","HIV 1/2, Determine HIV Kit, without Lancets, 100 Tests","HIV 1/2, Determine HIV Kit, without Lancets",Determine,,Test kit,100.0,5000.0,388500.0,77.7,0.78,Inverness Japan,Yes,1134,15367.03,837.61,,,,,,,,,,,,,,,,,,,,,,,,,,
57849,,FPQ-4157,,,Tanzania,,,,,,9/11/2009,,,,,,"Standard Diagnostics, Inc.",,"HIV 1/2, Bioline 3.0 Kit (no accessories)",Bioline,,,,,,,,,,,,,109-TZ-T30,SCMS-52776,ASN-5591,PMO - US,Direct Drop,EXW,Air,8/27/2009,24-Dec-09,24-Dec-09,24-Dec-09,HRDT,HIV test,"HIV 1/2, Bioline 3.0 Kit, (no accessories), 30 Tests",Test kit,30.0,4950.0,118800.0,24.0,0.8,"Standard Diagnostics, Korea",Yes,1650,11737.26,232.85,
67448,,,,,South Africa,,,,,,6/25/2014,,,,,,PHARMACY DIRECT,,Tenofovir Disoproxil Fumarate,Generic,300mg,,,,,,,,,,,,116-ZA-T30,SCMS-238551,ASN-26882,PMO - US,Direct Drop,DDP,Truck,4/30/2014,25-Jun-14,25-Jun-14,25-Jun-14,ARV,Adult,"Tenofovir Disoproxil Fumarate 300mg, tablets, 30 Tabs",Tablet,30.0,91.0,1644.26,18.07,0.6,Mylan (formerly Matrix) Nashik,No,Weight Captured Separately,Freight Included in Commodity Cost,1.69,FPQ-13973
60994,,,,,Sudan,,,,,,9/14/2011,,,,,,"Orgenics, Ltd",,"HIV, Capillary Tubes, for Determine, EDTA, 50uL,100 Pcs",Determine,,,,,,,,,,,,,102-SD-T30,SCMS-121853,ASN-13539,PMO - US,Direct Drop,EXW,Air,9/7/2011,20-Feb-12,20-Feb-12,20-Feb-12,HRDT,HIV test - Ancillary,"Capillary Tubes, for Determine, EDTA, 50uL,100 Pcs",Test kit - Ancillary,100.0,1.0,8.0,8.0,0.08,"Alere Medical Co., Ltd.",Yes,2,980.7,0.01,FPQ-8264
54487,,,,,Mozambique,,,,,,11/13/2013,,,,,,"Orgenics, Ltd",,"HIV 1/2, Determine Complete HIV Kit",Determine,,,,,,,,,,,,,111-MZ-T30,SCMS-211561,ASN-25197,PMO - US,Direct Drop,EXW,Air,10/15/2013,2-May-14,30-May-14,30-May-14,HRDT,HIV test,"HIV 1/2, Determine Complete HIV Kit, 100 Tests",Test kit,100.0,5102.0,408160.0,80.0,0.8,"Alere Medical Co., Ltd.",Yes,3543,13789.73,419.59,FPQ-13093
77519,,FPQ-4266,,,Vietnam,,,,,,11/9/2009,,,,,,Aurobindo Pharma Limited,,Lamivudine/Zidovudine,Generic,150/300mg,,,,,,,,,,,,108-VN-T30,SCMS-56530,ASN-7262,PMO - US,Direct Drop,EXW,Air,10/20/2009,6-Jul-10,6-Jul-10,6-Jul-10,ARV,Adult,"Lamivudine/Zidovudine 150/300mg, tablets, 60 Tabs",Tablet - FDC,60.0,14952.0,128736.72,8.61,0.14,"Aurobindo Unit III, India",No,See ASN-7262 (ID#:25201),See ASN-7262 (ID#:25201),252.32,
68893,,FPQ-3560,,,South Africa,,,,,,7/21/2009,,,,,,S. BUYS WHOLESALER,,Efavirenz,Generic,600mg,,,,,,,,,,,,116-ZA-T30,SCMS-49631,ASN-5446,PMO - US,Direct Drop,DDP,Truck,5/7/2009,30-Sep-09,30-Sep-09,30-Sep-09,ARV,Adult,"Efavirenz 600mg, tablets, 30 Tabs",Tablet,30.0,15328.0,291978.46,19.05,0.64,"Cipla, Goa, India",No,Weight Captured Separately,Freight Included in Commodity Cost,572.28,
11697,117-ET-T01,Pre-PQ Process,SO-34570,DN-1558,Ethiopia,PMO - US,From RDC,N/A - From RDC,Air,Date Not Captured,N/A - From RDC,26-Nov-09,26-Nov-09,26-Nov-09,ARV,Adult,SCMS from RDC,"Nevirapine 200mg, tablets, 60 Tabs",Nevirapine,Generic,200mg,Tablet,60.0,6661.0,19316.9,2.9,0.05,"Aurobindo Unit III, India",Yes,778,4702.02,41.65,,,,,,,,,,,,,,,,,,,,,,,,,,
86242,,,,,Nigeria,,,,,,N/A - From RDC,,,,,,SCMS from RDC,,Nevirapine,Generic,200mg,,,,,,,,,,,,123-NG-T30,SO-32971,DN-1493,PMO - US,From RDC,N/A - From RDC,Air Charter,7/27/2009,18-Dec-09,20-Nov-09,20-Nov-09,ARV,Adult,"Nevirapine 200mg, tablets, 60 Tabs",Tablet,60.0,20025.0,58072.5,2.9,0.05,"Aurobindo Unit III, India",No,See DN-1493 (ID#:83374),See DN-1493 (ID#:83374),113.82,FPQ-4395
12424,112-NG-T01,Pre-PQ Process,SO-1221,DN-409,Nigeria,PMO - US,From RDC,N/A - From RDC,Air,Pre-PQ Process,N/A - From RDC,16-Nov-07,16-Nov-07,16-Nov-07,ARV,Adult,SCMS from RDC,"Efavirenz 600mg, tablets, 30 Tabs",Efavirenz,Generic,600mg,Tablet,30.0,1200.0,14904.0,12.42,0.41,"Aurobindo Unit III, India",No,See DN-409 (ID#:10903),See DN-409 (ID#:10903),23.85,,,,,,,,,,,,,,,,,,,,,,,,,,
70714,,,,,Nigeria,,,,,,6/2/2014,,,,,,"Orgenics, Ltd",,"HIV 1/2, Determine Complete HIV Kit",Determine,,,,,,,,,,,,,133-NG-T30,SCMS-240830,ASN-27467,PMO - US,Direct Drop,EXW,Air,5/16/2014,19-Aug-14,19-Aug-14,17-Sep-14,HRDT,HIV test,"HIV 1/2, Determine Complete HIV Kit, 100 Tests",Test kit,100.0,6101.0,542989.0,89.0,0.89,"Alere Medical Co., Ltd.",Yes,2471,35912.43,558.19,FPQ-14305
10364,116-ZA-T01,Pre-PQ Process,SCMS-41582,ASN-4304,South Africa,PMO - US,Direct Drop,DDP,Air,Pre-PQ Process,3/27/09,25-Jun-09,8-Apr-09,8-Apr-09,ARV,Adult,S. BUYS WHOLESALER,"Zidovudine 300mg, tablets, 60 Tabs",Zidovudine,Generic,300mg,Tablet,60.0,1000.0,19760.0,19.76,0.33,"Aurobindo Unit III, India",No,Weight Captured Separately,Freight Included in Commodity Cost,38.73,,,,,,,,,,,,,,,,,,,,,,,,,,
40627,161-ZA-T30,FPQ-7175,SCMS-103950,ASN-11462,South Africa,PMO - US,Direct Drop,DDP,Ocean,3/10/11,3/28/11,16-Sep-11,16-Sep-11,16-Sep-11,ARV,Adult,STRIDES ARCOLAB LIMITED,"Nevirapine 200mg, tablets, 60 Tabs",Nevirapine,Generic,200mg,Tablet,60.0,150000.0,430500.0,2.87,0.05,"Strides, Bangalore, India.",Yes,9282,15222.94,710.32,,,,,,,,,,,,,,,,,,,,,,,,,,
82664,,FPQ-13221,,,Zambia,,,,,,N/A - From RDC,,,,,,SCMS from RDC,,Lamivudine,Generic,150mg,,,,,,,,,,,,110-ZM-T30,SO-47190,DN-3616,PMO - US,From RDC,N/A - From RDC,Truck,10/31/2013,19-May-14,19-May-14,4-Jun-14,ARV,Adult,"Lamivudine 150mg, tablets, 60 Tabs",Tablet,60.0,10391.0,23171.93,2.23,0.04,"Micro labs, Verna, Goa, India",Yes,633,886.11,23.82,
17207,107-RW-T30,FPQ-3859,SCMS-49090,ASN-7249,Rwanda,PMO - US,Direct Drop,CIP,Air,6/30/09,7/16/09,1-Jul-10,1-Jul-10,1-Jul-10,ARV,Adult,HETERO LABS LIMITED,"Nevirapine 200mg, tablets, 60 Tabs",Nevirapine,Generic,200mg,Tablet,60.0,66825.0,206489.25,3.09,0.05,Hetero Unit III Hyderabad IN,Yes,3845,20194.78,404.72,,,,,,,,,,,,,,,,,,,,,,,,,,
11407,,,,,Côte d'Ivoire,,,,,,N/A - From RDC,,,,,,SCMS from RDC,,Lopinavir/Ritonavir,Aluvia,200/50mg,,,,,,,,,,,,104-CI-T01,SO-652,DN-244,PMO - US,From RDC,N/A - From RDC,,Pre-PQ Process,20-Jul-07,20-Jul-07,20-Jul-07,ARV,Adult,"Lopinavir/Ritonavir 200/50mg [Aluvia], tablets, 120 Tabs",Tablet,120.0,1110.0,45621.0,41.1,0.34,ABBVIE Ludwigshafen Germany,Yes,222,1603,72.99,Pre-PQ Process
9279,,Pre-PQ Process,,,Uganda,,,,,,Date Not Captured,,,,,,Aurobindo Pharma Limited,,Efavirenz,Generic,600mg,,,,,,,,,,,,114-UG-T01,SCMS-157,ASN-127,PMO - US,Direct Drop,EXW,Air,Pre-PQ Process,21-Dec-06,21-Dec-06,21-Dec-06,ARV,Adult,"Efavirenz 600mg, tablets, 30 Tabs",Tablet,30.0,5080.0,85090.0,16.75,0.56,"Aurobindo Unit III, India",No,See ASN-127 (ID#:3955),See ASN-127 (ID#:3955),,
84166,102-LY-T30,FPQ-9665,SO-41900,DN-2641,Libya,PMO - US,From RDC,N/A - From RDC,Air,4/4/12,N/A - From RDC,23-May-12,23-May-12,23-May-12,ARV,Adult,SCMS from RDC,"Lamivudine 150mg, tablets, 60 Tabs",Lamivudine,Generic,150mg,Tablet,60.0,8334.0,19418.22,2.33,0.04,Macleods Daman Plant INDIA,No,See DN-2641 (ID#:83029),See DN-2641 (ID#:83029),27.22,,,,,,,,,,,,,,,,,,,,,,,,,,
58806,116-ZA-T30,FPQ-4054,SCMS-51251,ASN-5340,South Africa,PMO - US,Direct Drop,DDP,Truck,7/29/09,8/7/09,7-Oct-09,7-Oct-09,7-Oct-09,ARV,Adult,S. BUYS WHOLESALER,"Efavirenz 600mg, tablets, 30 Tabs",Efavirenz,Generic,600mg,Tablet,30.0,1440.0,27430.13,19.05,0.64,"Cipla, Goa, India",Yes,Weight Captured Separately,Freight Included in Commodity Cost,53.76,,,,,,,,,,,,,,,,,,,,,,,,,,
71009,,,,,Liberia,,,,,,8/18/2011,,,,,,"Trinity Biotech, Plc",,"HIV 1/2, Uni-Gold HIV Kit",Uni-Gold,,,,,,,,,,,,,901-LR-T30,SCMS-118690,ASN-12572,PMO - US,Direct Drop,EXW,Air,8/4/2011,31-Oct-11,31-Oct-11,31-Oct-11,HRDT,HIV test,"HIV 1/2, Uni-Gold HIV Kit, 20 Tests",Test kit,20.0,20.0,640.0,32.0,1.6,"Trinity Biotech, Plc",Yes,7,498.72,1.06,FPQ-8135
82590,,,,,Burundi,,,,,,N/A - From RDC,,,,,,SCMS from RDC,,Efavirenz,Generic,600mg,,,,,,,,,,,,102-BI-T30,SO-45160,DN-3235,PMO - US,From RDC,N/A - From RDC,Air,4/22/2013,6-Aug-13,23-Aug-13,23-Aug-13,ARV,Adult,"Efavirenz 600mg, tablets, 30 Tabs",Tablet,30.0,4032.0,13426.56,3.33,0.11,"Aurobindo Unit III, India",Yes,336,4385.44,16.61,FPQ-12065
82307,,FPQ-4537,,,Nigeria,,,,,,N/A - From RDC,,,,,,SCMS from RDC,,Tenofovir Disoproxil Fumarate,Generic,300mg,,,,,,,,,,,,151-NG-T30,SO-35140,DN-1729,PMO - US,From RDC,N/A - From RDC,Air Charter,11/6/2009,19-Apr-10,31-Mar-10,31-Mar-10,ARV,Adult,"Tenofovir Disoproxil Fumarate 300mg, tablets, 30 Tabs",Tablet,30.0,500.0,4070.0,8.14,0.27,Mylan (formerly Matrix) Nashik,Yes,28,Freight Included in Commodity Cost,8.77,
12328,110-ZM-T01,Pre-PQ Process,SO-33320,DN-1499,Zambia,PMO - US,From RDC,N/A - From RDC,Air,Date Not Captured,N/A - From RDC,23-Oct-09,23-Oct-09,23-Oct-09,ARV,Adult,SCMS from RDC,"Efavirenz 600mg, tablets, 30 Tabs",Efavirenz,Generic,600mg,Tablet,30.0,13941.0,80578.98,5.78,0.19,"Emcure Plot No.P-2, I.T-B.T. Park, Phase II, MIDC, Hinjwadi, Pune, India",Yes,986,5097.09,173.73,,,,,,,,,,,,,,,,,,,,,,,,,,
12564,,Pre-PQ Process,,,Côte d'Ivoire,,,,,,N/A - From RDC,,,,,,SCMS from RDC,,Nevirapine,Generic,200mg,,,,,,,,,,,,104-CI-T01,SO-21871,DN-1170,PMO - US,From RDC,N/A - From RDC,Air,Pre-PQ Process,19-Jun-09,19-Jun-09,19-Jun-09,ARV,Adult,"Nevirapine 200mg, tablets, 60 Tabs",Tablet,60.0,5259.0,15777.0,3.0,0.05,Hetero Unit III Hyderabad IN,Yes,294,5432.93,30.92,
5917,,,,,Nigeria,,,,,,7/15/2008,,,,,,IDA FOUNDATION,,Sulfadoxine/Pyrimethamine,Generic,500/25mg,,,,,,,,,,,,130-NG-T01,SCMS-26840,ASN-2554,PMO - US,Direct Drop,EXW,Air,Pre-PQ Process,9-Oct-08,9-Oct-08,9-Oct-08,ANTM,Malaria,"Sulfadoxine/Pyrimethamine 500/25mg, tablets, 1000 Tabs",Tablet - FDC,1000.0,7.0,184.45,26.35,0.03,"Micro Labs Ltd. (Brown & Burk), India",Yes,488,4404.9,0.3,Pre-PQ Process
24187,,FPQ-6262,,,South Africa,,,,,,9/24/2010,,,,,,Aurobindo Pharma Limited,,Efavirenz,Generic,600mg,,,,,,,,,,,,161-ZA-T30,SCMS-83830,ASN-9486,PMO - US,Direct Drop,DDP,Ocean,8/31/2010,1-Feb-11,4-Mar-11,4-Mar-11,ARV,Adult,"Efavirenz 600mg, tablets, 30 Tabs",Tablet,30.0,116218.0,526467.54,4.53,0.15,"Aurobindo Unit III, India",Yes,12410,10446.37,1135.06,
29913,,FPQ-11043,,,"Congo, DRC",,,,,,12/6/2012,,,,,,"Trinity Biotech, Plc",,"HIV 1/2, Uni-Gold HIV Kit",Uni-Gold,,,,,,,,,,,,,101-CD-T30,SCMS-168010,ASN-18081,PMO - US,Direct Drop,EXW,Air,11/16/2012,29-Jul-13,29-Jul-13,29-Jul-13,HRDT,HIV test,"HIV 1/2, Uni-Gold HIV Kit, 20 Tests",Test kit,20.0,362.0,11584.0,32.0,1.6,"Trinity Biotech, Plc",Yes,134,1941.34,14.33,
83496,,,,,Nigeria,,,,,,N/A - From RDC,,,,,,SCMS from RDC,,Zidovudine,Generic,300mg,,,,,,,,,,,,151-NG-T30,SO-39150,DN-2164,PMO - US,From RDC,N/A - From RDC,Air Charter,2/21/2011,15-Jun-11,11-May-11,11-May-11,ARV,Adult,"Zidovudine 300mg, tablets, 60 Tabs",Tablet,60.0,15000.0,108150.0,7.21,0.12,"Aurobindo Unit III, India",Yes,823,12601.06,178.45,FPQ-7217
11975,110-ZM-T01,Pre-PQ Process,SO-17630,DN-1240,Zambia,PMO - US,From RDC,N/A - From RDC,Truck,Pre-PQ Process,N/A - From RDC,10-Jun-09,10-Jun-09,10-Jun-09,ARV,Adult,SCMS from RDC,"Efavirenz 600mg, tablets, 30 Tabs",Efavirenz,Generic,600mg,Tablet,30.0,100000.0,1100000.0,11.0,0.37,Hetero Unit III Hyderabad IN,Yes,7736,10069.54,2156.0,,,,,,,,,,,,,,,,,,,,,,,,,,
82687,,FPQ-13692,,,Zambia,,,,,,N/A - From RDC,,,,,,SCMS from RDC,,Abacavir/Lamivudine,Generic,60/30mg,,,,,,,,,,,,110-ZM-T30,SO-47992,DN-3889,PMO - US,From RDC,N/A - From RDC,Truck,2/6/2014,30-Sep-14,2-Oct-14,22-Oct-14,ARV,Pediatric,"Abacavir/Lamivudine 60/30mg, tablets, 60 Tabs",Tablet - FDC,60.0,60000.0,237000.0,3.95,0.07,Mylan (formerly Matrix) Nashik,Yes,2484,3613.05,243.64,
61612,,FPQ-14895,,,Haiti,,,,,,11/14/2014,,,,,,EMCURE PHARMACEUTICALS LTD,,Atazanavir/Ritonavir,Generic,300/100mg,,,,,,,,,,,,106-HT-T30,SCMS-261010,ASN-32057,PMO - US,Direct Drop,EXW,Air,9/24/2014,28-May-15,28-May-15,29-May-15,ARV,Adult,"Atazanavir/Ritonavir 300/100mg, tablets, 30 Tabs",Tablet,30.0,1000.0,18000.0,18.0,0.6,"Emcure Plot No.P-2, I.T-B.T. Park, Phase II, MIDC, Hinjwadi, Pune, India",Yes,132,1579.89,18.5,
49429,,FPQ-12154,,,Uganda,,,,,,5/9/2013,,,,,,"Orgenics, Ltd",,"HIV 1/2, Determine Complete HIV Kit",Determine,,,,,,,,,,,,,114-UG-T30,SCMS-188330,ASN-20240,PMO - US,Direct Drop,EXW,Air,4/23/2013,11-Jul-13,11-Jul-13,11-Jul-13,HRDT,HIV test,"HIV 1/2, Determine Complete HIV Kit, 100 Tests",Test kit,100.0,3047.0,243760.0,80.0,0.8,"Alere Medical Co., Ltd.",Yes,1323,16337.04,301.53,
84905,103-SS-T30,FPQ-13173,SO-47100,DN-3581,South Sudan,PMO - US,From RDC,N/A - From RDC,Air,10/28/13,N/A - From RDC,31-Mar-14,21-Mar-14,26-Mar-14,ARV,Adult,SCMS from RDC,"Lamivudine/Zidovudine 150/300mg, tablets, 60 Tabs",Lamivudine/Zidovudine,Generic,150/300mg,Tablet - FDC,60.0,1702.0,11454.46,6.73,0.11,"Cipla, Goa, India",No,See DN-3581 (ID#:83219),See DN-3581 (ID#:83219),11.78,,,,,,,,,,,,,,,,,,,,,,,,,,
10688,106-HT-T01,Pre-PQ Process,SO-2059,DN-733,Haiti,PMO - US,From RDC,N/A - From RDC,Air,Pre-PQ Process,N/A - From RDC,26-May-08,26-May-08,26-May-08,ARV,Adult,SCMS from RDC,"Nevirapine 200mg, tablets, 60 Tabs",Nevirapine,Generic,200mg,Tablet,60.0,11760.0,39984.0,3.4,0.06,"Aurobindo Unit III, India",Yes,3820,35933.8,63.97,,,,,,,,,,,,,,,,,,,,,,,,,,
33962,,FPQ-4337,,,Haiti,,,,,,11/6/2009,,,,,,BRISTOL-MYERS SQUIBB,,Didanosine,Videx,25mg,,,,,,,,,,,,106-HT-T30,SCMS-56120,ASN-5630,PMO - US,Direct Drop,CIP,Air,10/13/2009,21-Dec-09,21-Dec-09,21-Dec-09,ARV,Pediatric,"Didanosine 25mg [Videx], chewable tablets, 60 Tabs",Chewable/dispersible tablet,60.0,120.0,840.0,7.0,0.12,"BMS Meymac, France",Yes,29,260,1.65,
68126,,FPQ-9211,,,Tanzania,,,,,,1/27/2012,,,,,,"Orgenics, Ltd",,"HIV 1/2, Determine Complete HIV Kit",Determine,,,,,,,,,,,,,109-TZ-T30,SCMS-135870,ASN-13851,PMO - US,Direct Drop,EXW,Air,1/25/2012,7-Mar-12,8-Mar-12,8-Mar-12,HRDT,HIV test,"HIV 1/2, Determine Complete HIV Kit, 100 Tests",Test kit,100.0,1044.0,83520.0,80.0,0.8,"Alere Medical Co., Ltd.",Yes,499,9894.85,117.1,
48155,,,,,Vietnam,,,,,,10/18/2010,,,,,,HETERO LABS LIMITED,,Zidovudine,Generic,300mg,,,,,,,,,,,,108-VN-T30,SCMS-87780,ASN-9408,PMO - US,Direct Drop,EXW,Air,9/30/2010,16-Feb-11,16-Feb-11,16-Feb-11,ARV,Adult,"Zidovudine 300mg, tablets, 60 Tabs",Tablet,60.0,1008.0,7005.6,6.95,0.12,Hetero Unit III Hyderabad IN,No,See ASN-9408 (ID#:39263),See ASN-9408 (ID#:39263),15.1,FPQ-6384
43714,,FPQ-9599,,,Nigeria,,,,,,5/3/2012,,,,,,"Orgenics, Ltd",,"HIV 1/2, Determine Complete HIV Kit",Determine,,,,,,,,,,,,,133-NG-T30,SCMS-144200,ASN-15953,PMO - US,Direct Drop,EXW,Air,3/27/2012,1-Aug-12,30-Aug-12,30-Aug-12,HRDT,HIV test,"HIV 1/2, Determine Complete HIV Kit, 100 Tests",Test kit,100.0,8149.0,725261.0,89.0,0.89,"Alere Medical Co., Ltd.",Yes,3886,86928.23,1016.82,
84721,,FPQ-9665,,,Libya,,,,,,N/A - From RDC,,,,,,SCMS from RDC,,Tenofovir Disoproxil Fumarate,Generic,300mg,,,,,,,,,,,,102-LY-T30,SO-41890,DN-2640,PMO - US,From RDC,N/A - From RDC,Air,4/4/2012,6-Jun-12,8-May-12,8-May-12,ARV,Adult,"Tenofovir Disoproxil Fumarate 300mg, tablets, 30 Tabs",Tablet,30.0,150.0,825.0,5.5,0.18,Mylan (formerly Matrix) Nashik,No,See DN-2640 (ID#:83589),See DN-2640 (ID#:83589),1.16,
64051,,,,,Rwanda,,,,,,7/21/2010,,,,,,"Orgenics, Ltd",,"HIV 1/2, Determine HIV Kit, without Lancets",Determine,,,,,,,,,,,,,107-RW-T30,SCMS-75800,ASN-8529,PMO - US,Direct Drop,EXW,Air,6/7/2010,17-Nov-10,17-Nov-10,17-Nov-10,HRDT,HIV test,"HIV 1/2, Determine HIV Kit, without Lancets, 100 Tests",Test kit,100.0,5000.0,388500.0,77.7,0.78,Inverness Japan,Yes,1134,50550.58,837.61,FPQ-5792
5895,,Pre-PQ Process,,,Vietnam,,,,,,7/1/2008,,,,,,MYLAN LABORATORIES LTD (FORMERLY MATRIX LABORATORIES),,Tenofovir Disoproxil Fumarate,Generic,300mg,,,,,,,,,,,,108-VN-T01,SCMS-26370,ASN-2337,PMO - US,Direct Drop,EXW,Air,Pre-PQ Process,19-Sep-08,19-Sep-08,19-Sep-08,ARV,Adult,"Tenofovir Disoproxil Fumarate 300mg, tablets, 30 Tabs",Tablet,30.0,5040.0,62294.4,12.36,0.41,Mylan (formerly Matrix) Nashik,Yes,301,4883.46,99.67,
86268,,FPQ-4273,,,Zambia,,,,,,N/A - From RDC,,,,,,SCMS from RDC,,Zidovudine,Generic,300mg,,,,,,,,,,,,110-ZM-T30,SO-35830,DN-1650,PMO - US,From RDC,N/A - From RDC,Truck,9/17/2009,15-Mar-10,5-Mar-10,5-Mar-10,ARV,Adult,"Zidovudine 300mg, tablets, 60 Tabs",Tablet,60.0,60683.0,456942.99,7.53,0.13,Hetero Unit III Hyderabad IN,Yes,3325,3379.64,895.61,
82508,,,,,Zambia,,,,,,N/A - From RDC,,,,,,SCMS from RDC,,Lamivudine,Generic,150mg,,,,,,,,,,,,110-ZM-T30,SO-41840,DN-2846,PMO - US,From RDC,N/A - From RDC,Truck,3/29/2012,31-Oct-12,7-Sep-12,7-Sep-12,ARV,Adult,"Lamivudine 150mg, tablets, 60 Tabs",Tablet,60.0,57984.0,135102.72,2.33,0.04,Hetero Unit III Hyderabad IN,Yes,3144,7317.47,189.41,FPQ-9552
83907,,FPQ-15197,,,Zimbabwe,,,,,,N/A - From RDC,,,,,,SCMS from RDC,,Lamivudine/Nevirapine/Zidovudine,Generic,30/50/60mg,,,,,,,,,,,,103-ZW-T30,SO-50010,DN-4243,PMO - US,From RDC,N/A - From RDC,Truck,10/16/2014,30-Apr-15,30-Apr-15,30-Apr-15,ARV,Pediatric,"Lamivudine/Nevirapine/Zidovudine 30/50/60mg, dispersible tablets, 60 Tabs",Chewable/dispersible tablet - FDC,60.0,15935.0,57366.0,3.6,0.06,Mylan (formerly Matrix) Nashik,Yes,13469,16679.87,67.52,
41578,,,,,Zimbabwe,,,,,,7/18/2012,,,,,,ABBVIE LOGISTICS (FORMERLY ABBOTT LOGISTICS BV),,Lopinavir/Ritonavir,Kaletra,80/20mg/ml,,,,,,,,,,,,103-ZW-T30,SCMS-148310,ASN-17808,PMO - US,Direct Drop,FCA,Air,5/29/2012,9-Feb-13,9-Feb-13,9-Feb-13,ARV,Pediatric,"Lopinavir/Ritonavir 80/20mg/ml [Kaletra], oral solution, cool, Bottle 5 x 60 ml",Oral solution,300.0,1500.0,46230.0,30.82,0.1,ABBVIE (Abbott) Logis. UK,Yes,1374,15509.16,64.81,FPQ-9905
11539,123-NG-T01,Pre-PQ Process,SO-2553,DN-836,Nigeria,PMO - US,From RDC,N/A - From RDC,Air,Pre-PQ Process,N/A - From RDC,31-Jul-08,31-Jul-08,31-Jul-08,ARV,Adult,SCMS from RDC,"Nevirapine 200mg, tablets, 60 Tabs",Nevirapine,Generic,200mg,Tablet,60.0,6002.0,20406.8,3.4,0.06,"Aurobindo Unit III, India",No,See DN-836 (ID#:11244),See DN-836 (ID#:11244),32.65,,,,,,,,,,,,,,,,,,,,,,,,,,
85762,151-NG-T30,FPQ-6800,SO-39380,DN-2210,Nigeria,PMO - US,From RDC,N/A - From RDC,Air Charter,12/7/10,N/A - From RDC,21-Jun-11,6-Jul-11,6-Jul-11,ARV,Adult,SCMS from RDC,"Nevirapine 200mg, tablets, 60 Tabs",Nevirapine,Generic,200mg,Tablet,60.0,22623.0,56783.73,2.51,0.04,"Aurobindo Unit III, India",Yes,2809,13398.06,93.69,,,,,,,,,,,,,,,,,,,,,,,,,,
85821,,,,,"Congo, DRC",,,,,,N/A - From RDC,,,,,,SCMS from RDC,,Zidovudine,Generic,300mg,,,,,,,,,,,,101-CD-T30,SO-41144,DN-2508,PMO - US,From RDC,N/A - From RDC,Air,11/21/2011,16-Mar-12,14-Mar-12,14-Mar-12,ARV,Adult,"Zidovudine 300mg, tablets, 60 Tabs",Tablet,60.0,187.0,1312.74,7.02,0.12,Hetero Unit III Hyderabad IN,Yes,125,1554.64,1.84,FPQ-8840
83989,,,,,Nigeria,,,,,,N/A - From RDC,,,,,,SCMS from RDC,,Lamivudine/Nevirapine/Zidovudine,Generic,150/300/200mg,,,,,,,,,,,,151-NG-T30,SO-35061,DN-1723,PMO - US,From RDC,N/A - From RDC,Air Charter,11/6/2009,19-Apr-10,30-Mar-10,30-Mar-10,ARV,Adult,"Lamivudine/Nevirapine/Zidovudine 150/200/300mg, tablets, 60 Tabs",Tablet - FDC,60.0,20518.0,230211.96,11.22,0.19,"Aurobindo Unit III, India",Yes,2407,Freight Included in Commodity Cost,496.34,FPQ-4537
85574,,FPQ-14766,,,Nigeria,,,,,,N/A - From RDC,,,,,,SCMS from RDC,,Lamivudine/Nevirapine/Zidovudine,Generic,150/300/200mg,,,,,,,,,,,,151-NG-T30,SO-51091,DN-4188,PMO - US,From RDC,N/A - From RDC,Air Charter,8/13/2014,30-Apr-15,20-Mar-15,30-Mar-15,ARV,Adult,"Lamivudine/Nevirapine/Zidovudine 150/200/300mg, tablets, 60 Tabs",Tablet - FDC,60.0,156995.0,1212001.4,7.72,0.13,"Strides, Bangalore, India.",Yes,32219,50569.84,1245.94,
42752,106-HT-T30,FPQ-13797,SCMS-233910,ASN-26209,Haiti,PMO - US,Direct Drop,EXW,Ocean,3/20/14,4/30/14,19-Jul-14,19-Jul-14,31-Jul-14,ARV,Adult,CIPLA LIMITED,"Efavirenz/Lamivudine/Tenofovir Disoproxil Fumarate 600/300/300mg, tablets, 30 Tabs",Efavirenz/Lamivudine/Tenofovir Disoproxil Fumarate,Generic,600/300/300mg,Tablet - FDC,30.0,60000.0,630000.0,10.5,0.35,Cipla Ltd A-42 MIDC Mahar. IN,Yes,8113,8217.8,647.64,,,,,,,,,,,,,,,,,,,,,,,,,,
82468,,,,,Burundi,,,,,,N/A - From RDC,,,,,,SCMS from RDC,,Abacavir,Generic,300mg,,,,,,,,,,,,102-BI-T30,SO-41532,DN-2637,PMO - US,From RDC,N/A - From RDC,Air,1/25/2012,26-Apr-12,30-Apr-12,30-Apr-12,ARV,Adult,"Abacavir 300mg, tablets, 60 Tabs",Tablet,60.0,350.0,4602.5,13.15,0.22,Mylan (formerly Matrix) Nashik,Yes,36,1188.75,6.45,FPQ-9229
19851,114-UG-T30,FPQ-12777,SCMS-202560,ASN-22984,Uganda,PMO - US,Direct Drop,EXW,Air,8/5/13,8/9/13,10-Dec-13,12-Dec-13,13-Dec-13,ARV,Pediatric,Aurobindo Pharma Limited,"Nevirapine 10mg/ml, oral suspension w/syringe, Bottle, 100 ml",Nevirapine,Generic,10mg/ml,Oral suspension,100.0,11310.0,14703.0,1.3,0.01,"Aurobindo Unit III, India",Yes,2454,10898.12,18.19,,,,,,,,,,,,,,,,,,,,,,,,,,
21338,,FPQ-11828,,,South Africa,,,,,,Date Not Captured,,,,,,S. BUYS WHOLESALER,,Lamivudine/Zidovudine,Combivir,150/300mg,,,,,,,,,,,,116-ZA-T30,SCMS-183950,ASN-19166,South Africa Field Office,Direct Drop,DDP,Truck,3/18/2013,16-Apr-13,16-Apr-13,16-Apr-13,ARV,Adult,"Lamivudine/Zidovudine 150/300mg [Combivir], tablets, 60 Tabs",Tablet - FDC,60.0,39.0,746.32,19.14,0.32,"GSK, U1, Poznan, Poland",No,Weight Captured Separately,Freight Included in Commodity Cost,0.92,
82619,105-GY-T30,FPQ-12619,SO-46090,DN-3425,Guyana,PMO - US,From RDC,N/A - From RDC,Air,7/16/13,N/A - From RDC,31-Dec-13,2-Dec-13,20-Dec-13,ARV,Pediatric,SCMS from RDC,"Nevirapine 10mg/ml, oral suspension w/syringe, Bottle, 240 ml",Nevirapine,Generic,10mg/ml,Oral suspension,240.0,394.0,732.84,1.86,0.01,"Aurobindo Unit III, India",No,See DN-3425 (ID#:82618),See DN-3425 (ID#:82618),0.91,,,,,,,,,,,,,,,,,,,,,,,,,,
11766,,Pre-PQ Process,,,Côte d'Ivoire,,,,,,N/A - From RDC,,,,,,SCMS from RDC,,Lamivudine,Generic,10mg/ml,,,,,,,,,,,,104-CI-T01,SO-959,DN-320,PMO - US,From RDC,N/A - From RDC,,Pre-PQ Process,30-Aug-07,30-Aug-07,30-Aug-07,ARV,Pediatric,"Lamivudine 10mg/ml, oral solution, Bottle, 240 ml",Oral solution,240.0,2523.0,4970.31,1.97,0.01,"Cipla, Goa, India",No,See DN-320 (ID#:10593),See DN-320 (ID#:10593),7.95,
69881,,FPQ-7066,,,Haiti,,,,,,2/15/2011,,,,,,BRISTOL-MYERS SQUIBB,,Didanosine,Videx,50mg,,,,,,,,,,,,106-HT-T30,SCMS-100140,ASN-10007,PMO - US,Direct Drop,FCA,Air,1/27/2011,5-Apr-11,5-Apr-11,5-Apr-11,ARV,Pediatric,"Didanosine 50mg [Videx], chewable tablets, 60 Tabs",Chewable/dispersible tablet,60.0,300.0,2850.0,9.5,0.16,"BMS Meymac, France",No,See ASN-10007 (ID#:23194),See ASN-10007 (ID#:23194),4.7,
82584,151-NG-T30,FPQ-11022,SO-44260,DN-3198,Nigeria,PMO - US,From RDC,N/A - From RDC,Air Charter,11/15/12,N/A - From RDC,28-May-13,28-May-13,28-May-13,ARV,Adult,SCMS from RDC,"Efavirenz/Lamivudine/Tenofovir Disoproxil Fumarate 600/300/300mg, tablets, 30 Tabs",Efavirenz/Lamivudine/Tenofovir Disoproxil Fumarate,Generic,600/300/300mg,Tablet - FDC,30.0,180000.0,1893600.0,10.52,0.35,Hetero Unit III Hyderabad IN,Yes,26361,20761,2342.38,,,,,,,,,,,,,,,,,,,,,,,,,,
84939,111-MZ-T30,FPQ-13123,SO-47087,DN-3757,Mozambique,PMO - US,From RDC,N/A - From RDC,Truck,10/21/13,N/A - From RDC,31-Jul-14,6-Oct-14,13-Oct-14,ARV,Adult,SCMS from RDC,"Efavirenz 600mg, tablets, 30 Tabs",Efavirenz,Generic,600mg,Tablet,30.0,20340.0,65291.4,3.21,0.11,"Strides, Bangalore, India.",Yes,1242,9384,67.12,,,,,,,,,,,,,,,,,,,,,,,,,,
84500,,FPQ-3815,,,Nigeria,,,,,,N/A - From RDC,,,,,,SCMS from RDC,,Efavirenz,Generic,200mg,,,,,,,,,,,,154-NG-T30,SO-32272,DN-1360,PMO - US,From RDC,N/A - From RDC,Air Charter,5/26/2009,31-Aug-09,4-Aug-09,4-Aug-09,ARV,Pediatric,"Efavirenz 200mg, capsule, 90 Caps",Capsule,90.0,15.0,190.95,12.73,0.14,"Aurobindo Unit III, India",No,See DN-1360 (ID#:83371),See DN-1360 (ID#:83371),0.37,
79597,133-NG-T30,FPQ-14305,SCMS-240830,ASN-27470,Nigeria,PMO - US,Direct Drop,EXW,Air,5/16/14,6/2/14,19-Aug-14,2-Sep-14,4-Sep-14,HRDT,HIV test,"Orgenics, Ltd","HIV 1/2, Determine Complete HIV Kit, 100 Tests","HIV 1/2, Determine Complete HIV Kit",Determine,,Test kit,100.0,5905.0,525545.0,89.0,0.89,"Alere Medical Co., Ltd.",Yes,2402,35747.28,540.26,,,,,,,,,,,,,,,,,,,,,,,,,,
85907,900-CM-T30,FPQ-10641,SO-43380,DN-2887,Cameroon,PMO - US,From RDC,N/A - From RDC,Air Charter,9/19/12,N/A - From RDC,7-Nov-12,17-Oct-12,17-Oct-12,ARV,Adult,SCMS from RDC,"Lamivudine/Tenofovir Disoproxil Fumarate 300/300mg, tablets, 30 Tabs",Lamivudine/Tenofovir Disoproxil Fumarate,Generic,300/300mg,Tablet - FDC,30.0,18486.0,99084.96,5.36,0.18,"Cipla, Kurkumbh, India",No,See DN-2887 (ID#:82520),See DN-2887 (ID#:82520),138.92,,,,,,,,,,,,,,,,,,,,,,,,,,
76855,116-ZA-T30,FPQ-5630,SCMS-72760,ASN-7111,South Africa,PMO - US,Direct Drop,DDP,Truck,4/30/10,5/5/10,12-May-10,12-May-10,12-May-10,ARV,Pediatric,S. BUYS WHOLESALER,"Zidovudine 10mg/ml [Retrovir], oral solution, Bottle, 200 ml",Zidovudine,Retrovir,10mg/ml,Oral solution,200.0,100.0,698.98,6.99,0.03,GSK Mississauga (Canada),No,Weight Captured Separately,Freight Included in Commodity Cost,1.51,,,,,,,,,,,,,,,,,,,,,,,,,,
11564,,Pre-PQ Process,,,Guyana,,,,,,N/A - From RDC,,,,,,SCMS from RDC,,Zidovudine,Generic,300mg,,,,,,,,,,,,105-GY-T01,SO-18470,DN-1017,PMO - US,From RDC,N/A - From RDC,Air,Pre-PQ Process,21-Nov-08,21-Nov-08,21-Nov-08,ARV,Adult,"Zidovudine 300mg, tablets, 60 Tabs",Tablet,60.0,416.0,3286.4,7.9,0.13,"Aurobindo Unit III, India",Yes,49,1465.71,6.44,
53822,,,,,Guyana,,,,,,6/21/2010,,,,,,"Trinity Biotech, Plc",,"HIV 1/2, Uni-Gold HIV Kit",Uni-Gold,,,,,,,,,,,,,102-GY-T30,SCMS-71610,ASN-8225,PMO - US,Direct Drop,EXW,Air,4/15/2010,6-Oct-10,6-Oct-10,6-Oct-10,HRDT,HIV test,"HIV 1/2, Uni-Gold HIV Kit, 20 Tests",Test kit,20.0,1686.0,53952.0,32.0,1.6,"Trinity Biotech, Plc",Yes,564,5806.53,116.32,FPQ-5496
12289,,Pre-PQ Process,,,Nigeria,,,,,,N/A - From RDC,,,,,,SCMS from RDC,,Lamivudine/Zidovudine,Generic,150/300mg,,,,,,,,,,,,112-NG-T01,SO-21052,DN-1257,PMO - US,From RDC,N/A - From RDC,Air,Pre-PQ Process,5-Jun-09,5-Jun-09,5-Jun-09,ARV,Adult,"Lamivudine/Zidovudine 150/300mg, tablets, 60 Tabs",Tablet - FDC,60.0,1747.0,15303.72,8.76,0.15,Mylan (formerly Matrix) Nashik,Yes,148,1012.18,30.0,
7093,,Pre-PQ Process,,,Botswana,,,,,,4/28/2008,,,,,,"Trinity Biotech, Plc",,"HIV 1/2, Uni-Gold HIV Kit",Uni-Gold,,,,,,,,,,,,,102-BW-T01,SCMS-22710,ASN-1833,PMO - US,Direct Drop,EXW,Air,Pre-PQ Process,3-Jul-08,3-Jul-08,3-Jul-08,HRDT,HIV test,"HIV 1/2, Uni-Gold HIV Kit, 20 Tests",Test kit,20.0,500.0,16000.0,32.0,1.6,"Trinity Biotech, Plc",Yes,500,2442.32,25.6,
49760,116-ZA-T30,FPQ-13973,SCMS-238555,ASN-29257,South Africa,PMO - US,Direct Drop,DDP,Truck,4/30/14,11/4/14,5-Nov-14,5-Nov-14,5-Nov-14,ARV,Adult,PHARMACY DIRECT,"Didanosine 250mg, delayed-release capsules, 30 Caps",Didanosine,Generic,250mg,Delayed-release capsules,30.0,6.0,91.48,15.25,0.51,"Aurobindo Unit III, India",No,Weight Captured Separately,Freight Included in Commodity Cost,0.09,,,,,,,,,,,,,,,,,,,,,,,,,,
6062,,,,,Namibia,,,,,,9/24/2008,,,,,,"Orgenics, Ltd",,"HIV, Lancet, Safety, for HIV Test kits, 100 Pcs",Generic,,,,,,,,,,,,,119-NA-T01,SCMS-31180,ASN-2717,PMO - US,Direct Drop,EXW,Air,Pre-PQ Process,29-Oct-08,29-Oct-08,29-Oct-08,HRDT,HIV test - Ancillary,"HIV, Lancet, Safety, for HIV Test kits, 100 Pcs",Test kit - Ancillary,100.0,150.0,1.5,0.01,0.0,Inverness Japan,No,See ASN-2717 (ID#:791),See ASN-2717 (ID#:791),0.0,Pre-PQ Process
83454,114-UG-T30,FPQ-5275,SO-36230,DN-1987,Uganda,PMO - US,From RDC,N/A - From RDC,Air,3/4/10,N/A - From RDC,3-Sep-10,27-Aug-10,27-Aug-10,ARV,Adult,SCMS from RDC,"Emtricitabine/Tenofovir Disoproxil Fumarate 200/300mg, tablets, 30 Tabs",Emtricitabine/Tenofovir Disoproxil Fumarate,Generic,200/300mg,Tablet - FDC,30.0,650.0,7637.5,11.75,0.39,Mylan (formerly Matrix) Nashik,Yes,61,536.02,16.47,,,,,,,,,,,,,,,,,,,,,,,,,,
41222,,,,,Kenya,,,,,,10/26/2011,,,,,,"Orgenics, Ltd",,"HIV 1/2, Determine Complete HIV Kit",Determine,,,,,,,,,,,,,102-KE-T30,SCMS-124900,ASN-13150,PMO - US,Direct Drop,EXW,Air,10/5/2011,17-Jan-12,17-Jan-12,17-Jan-12,HRDT,HIV test,"HIV 1/2, Determine Complete HIV Kit, 100 Tests",Test kit,100.0,6100.0,542900.0,89.0,0.89,"Alere Medical Co., Ltd.",Yes,3497,40917.19,895.78,FPQ-8446
12793,,Pre-PQ Process,,,Cameroon,,,,,,N/A - From RDC,,,,,,SCMS from RDC,,"HIV 1/2, Uni-Gold HIV Kit",Uni-Gold,,,,,,,,,,,,,136-RW-T01,SO-11520,DN-842,PMO - US,From RDC,N/A - From RDC,Air,Pre-PQ Process,20-Aug-08,20-Aug-08,20-Aug-08,HRDT,HIV test,"HIV 1/2, Uni-Gold HIV Kit, 20 Tests",Test kit,20.0,2000.0,64000.0,32.0,1.6,"Trinity Biotech, Plc",Yes,643,7805.33,102.4,
67090,,FPQ-12590,,,Haiti,,,,,,10/24/2013,,,,,,STRIDES ARCOLAB LIMITED,,Efavirenz,Generic,600mg,,,,,,,,,,,,106-HT-T30,SCMS-210490,ASN-23840,PMO - US,Direct Drop,EXW,Air,8/21/2013,17-Feb-14,17-Feb-14,18-Feb-14,ARV,Adult,"Efavirenz 600mg, tablets, 30 Tabs",Tablet,30.0,28080.0,89575.2,3.19,0.11,"Strides, Bangalore, India.",Yes,1772,11656.59,110.8,
55862,,,,,Haiti,,,,,,11/5/2012,,,,,,Aurobindo Pharma Limited,,Abacavir/Lamivudine,Generic,60/30mg,,,,,,,,,,,,106-HT-T30,SCMS-164450,ASN-17492,PMO - US,Direct Drop,EXW,Air,5/14/2012,4-Jan-13,4-Jan-13,4-Jan-13,ARV,Pediatric,"Abacavir/Lamivudine 60/30mg, tablets, 60 Tabs",Tablet - FDC,60.0,2516.0,11573.6,4.6,0.08,"Aurobindo Unit III, India",Yes,118,1442.83,16.23,FPQ-9635
85456,105-GY-T30,FPQ-13567,SO-47730,DN-3626,Guyana,PMO - US,From RDC,N/A - From RDC,Air,1/16/14,N/A - From RDC,30-Jun-14,14-Apr-14,6-Jun-14,ARV,Pediatric,SCMS from RDC,"Lamivudine 10mg/ml, oral solution w/syringe, Bottle, 240 ml",Lamivudine,Generic,10mg/ml,Oral solution,240.0,144.0,205.92,1.43,0.01,"Aurobindo Unit III, India",No,See DN-3626 (ID#:83781),See DN-3626 (ID#:83781),0.21,,,,,,,,,,,,,,,,,,,,,,,,,,
22516,116-ZA-T30,FPQ-12522,SCMS-199283,ASN-27978,South Africa,PMO - US,Direct Drop,DDP,Truck,7/11/13,8/27/14,27-Aug-14,27-Aug-14,27-Aug-14,ARV,Pediatric,S. BUYS WHOLESALER,"Lamivudine 10mg/ml, oral solution w/syringe, Bottle, 240 ml",Lamivudine,Generic,10mg/ml,Oral solution,240.0,13.0,103.95,8.0,0.03,"Aurobindo Unit III, India",No,Weight Captured Separately,Freight Included in Commodity Cost,0.13,,,,,,,,,,,,,,,,,,,,,,,,,,
84756,111-MZ-T30,FPQ-10210,SO-42831,DN-2864,Mozambique,PMO - US,From RDC,N/A - From RDC,Truck,6/28/12,N/A - From RDC,30-Nov-12,10-Oct-12,10-Oct-12,ARV,Adult,SCMS from RDC,"Efavirenz 600mg, tablets, 30 Tabs",Efavirenz,Generic,600mg,Tablet,30.0,22122.0,84284.82,3.81,0.13,"Strides, Bangalore, India.",Yes,1409,3855.95,118.17,,,,,,,,,,,,,,,,,,,,,,,,,,
24386,,,,,Nigeria,,,,,,5/7/2015,,,,,,HETERO LABS LIMITED,,Lamivudine/Zidovudine,Generic,150/300mg,,,,,,,,,,,,151-NG-T30,SCMS-287700,ASN-32527,PMO - US,Direct Drop,EXW,Air,5/4/2015,24-Jun-15,24-Jun-15,30-Jun-15,ARV,Adult,"Lamivudine/Zidovudine 150/300mg, tablets, 60 Tabs",Tablet - FDC,60.0,58462.0,385849.2,6.6,0.11,Hetero Unit III Hyderabad IN,Yes,6093,42199.11,454.14,FPQ-16312
85265,,FPQ-8464,,,Zimbabwe,,,,,,N/A - From RDC,,,,,,SCMS from RDC,,Lamivudine/Stavudine,Generic,150/30mg,,,,,,,,,,,,113-ZW-T30,SO-40883,DN-2693,PMO - US,From RDC,N/A - From RDC,Truck,10/4/2011,14-Aug-12,27-Jun-12,27-Jun-12,ARV,Adult,"Lamivudine/Stavudine 150/30mg, tablets, 60 Tabs",Tablet - FDC,60.0,7150.0,21092.5,2.95,0.05,"Strides, Bangalore, India.",No,See DN-2693 (ID#:82481),See DN-2693 (ID#:82481),34.8,
43059,,,,,Haiti,,,,,,2/24/2012,,,,,,MERCK SHARP & DOHME IDEA GMBH (FORMALLY MERCK SHARP & DOHME B.V.),,Efavirenz,Stocrin/Sustiva,30mg/ml,,,,,,,,,,,,106-HT-T30,SCMS-138550,ASN-15433,PMO - US,Direct Drop,CIP,Air,1/6/2012,17-Jul-12,17-Jul-12,17-Jul-12,ARV,Pediatric,"Efavirenz 30mg/ml [Stocrin/Sustiva], oral solution, Bottle, 180 ml",Oral solution,180.0,6705.0,113716.8,16.96,0.09,"MSD Patheon, Canada",Yes,1979,853.07,159.43,FPQ-9066
13568,116-ZA-T30,FPQ-14942,SCMS-259074,ASN-31070,South Africa,PMO - US,Direct Drop,DDP,Truck,9/11/14,3/9/15,9-Mar-15,9-Mar-15,9-Mar-15,ARV,Adult,PHARMACY DIRECT,"Efavirenz 600mg, tablets, 30 Tabs",Efavirenz,Generic,600mg,Tablet,30.0,139.0,1566.38,11.27,0.38,"Aurobindo Unit III, India",Yes,Weight Captured Separately,Freight Included in Commodity Cost,1.61,,,,,,,,,,,,,,,,,,,,,,,,,,
45147,,,,,Uganda,,,,,,11/25/2014,,,,,,EMCURE PHARMACEUTICALS LTD,,Atazanavir/Ritonavir,Generic,300/100mg,,,,,,,,,,,,114-UG-T30,SCMS-264980,ASN-33165,PMO - US,Direct Drop,EXW,Air,11/11/2014,27-Jul-15,27-Jul-15,28-Jul-15,ARV,Adult,"Atazanavir/Ritonavir 300/100mg, tablets, 30 Tabs",Tablet,30.0,6907.0,124326.0,18.0,0.6,"Emcure Plot No.P-2, I.T-B.T. Park, Phase II, MIDC, Hinjwadi, Pune, India",Yes,Weight Captured Separately,Invoiced Separately,146.33,FPQ-15303
1361,,,,,Vietnam,,,,,,7/3/2007,,,,,,ABBVIE LOGISTICS (FORMERLY ABBOTT LOGISTICS BV),,Lopinavir/Ritonavir,Aluvia,200/50mg,,,,,,,,,,,,108-VN-T01,SCMS-757,ASN-631,PMO - US,Direct Drop,FCA,Air,Pre-PQ Process,27-Aug-07,27-Aug-07,27-Aug-07,ARV,Adult,"Lopinavir/Ritonavir 200/50mg [Aluvia], tablets, 120 Tabs",Tablet,120.0,500.0,41095.0,82.19,0.68,ABBVIE Ludwigshafen Germany,Yes,117,1767.38,65.75,Pre-PQ Process
24865,,FPQ-5303,,,South Africa,,,,,,3/19/2010,,,,,,Aurobindo Pharma Limited,,Zidovudine,Generic,300mg,,,,,,,,,,,,161-ZA-T30,SCMS-69010,ASN-7316,PMO - US,Direct Drop,DDP,Air,3/18/2010,24-Jun-10,24-Jun-10,24-Jun-10,ARV,Adult,"Zidovudine 300mg, tablets, 60 Tabs",Tablet,60.0,60234.0,447538.62,7.43,0.12,"Aurobindo Unit III, India",Yes,3221,3296.57,964.89,
83761,109-TZ-T30,FPQ-12587,SO-45999,DN-3531,Tanzania,PMO - US,From RDC,N/A - From RDC,Truck,7/4/13,N/A - From RDC,31-Jan-14,19-Feb-14,24-Feb-14,ARV,Adult,SCMS from RDC,"Emtricitabine/Tenofovir Disoproxil Fumarate 200/300mg, tablets, 30 Tabs",Emtricitabine/Tenofovir Disoproxil Fumarate,Generic,200/300mg,Tablet - FDC,30.0,40000.0,234800.0,5.87,0.2,"Aurobindo Unit III, India",Yes,7393,7083.18,290.45,,,,,,,,,,,,,,,,,,,,,,,,,,
40840,101-CD-T30,FPQ-14654,SCMS-253260,ASN-28279,"Congo, DRC",PMO - US,Direct Drop,EXW,Air,8/11/14,8/27/14,4-Nov-14,4-Nov-14,20-Nov-14,HRDT,HIV test,"Trinity Biotech, Plc","HIV 1/2, Uni-Gold HIV Kit, 20 Tests","HIV 1/2, Uni-Gold HIV Kit",Uni-Gold,,Test kit,20.0,89.0,2848.0,32.0,1.6,"Trinity Biotech, Plc",No,See ASN-28279 (ID#:13547),See ASN-28279 (ID#:13547),2.93,,,,,,,,,,,,,,,,,,,,,,,,,,
82649,,,,,Mozambique,,,,,,N/A - From RDC,,,,,,SCMS from RDC,,Efavirenz/Lamivudine/Tenofovir Disoproxil Fumarate,Generic,600/300/300mg,,,,,,,,,,,,111-MZ-T30,SO-45901,DN-3526,PMO - US,From RDC,N/A - From RDC,Truck,6/28/2013,10-Mar-14,20-Feb-14,19-Mar-14,ARV,Adult,"Efavirenz/Lamivudine/Tenofovir Disoproxil Fumarate 600/300/300mg, tablets, 30 Tabs",Tablet - FDC,30.0,66946.0,727703.02,10.87,0.36,Hetero Unit III Hyderabad IN,Yes,36903,7928.11,900.17,FPQ-12421
37040,,,,,South Africa,,,,,,9/22/2009,,,,,,S. BUYS WHOLESALER,,Nevirapine,Viramune,200mg,,,,,,,,,,,,116-ZA-T30,SCMS-50360,ASN-5454,PMO - US,Direct Drop,DDP,Truck,5/7/2009,27-Oct-09,27-Oct-09,27-Oct-09,ARV,Adult,"Nevirapine 200mg [Viramune], tablets, 60 Tabs",Tablet,60.0,5000.0,101541.09,20.31,0.34,"Boehringer Ing., Koropi, GR",Yes,Weight Captured Separately,Freight Included in Commodity Cost,199.02,FPQ-3596
43229,,,,,Côte d'Ivoire,,,,,,9/16/2010,,,,,,"CHEMBIO DIAGNOSTIC SYSTEMS, INC.",,"HIV 1/2, Stat-Pak HIV, Kit",Stat-Pak,,,,,,,,,,,,,104-CI-T30,SCMS-85420,ASN-8571,PMO - US,Direct Drop,EXW,Air,8/26/2010,24-Nov-10,24-Nov-10,24-Nov-10,HRDT,HIV test,"HIV 1/2, Stat-Pak HIV, Kit, 20 Tests",Test kit,20.0,220.0,5940.0,27.0,1.35,Chembio Diagnostics Sys. Inc.,Yes,115,7883.32,12.81,FPQ-6252
1529,,,,,Rwanda,,,,,,12/3/2007,,,,,,MYLAN LABORATORIES LTD (FORMERLY MATRIX LABORATORIES),,Abacavir,Generic,300mg,,,,,,,,,,,,107-RW-T01,SCMS-14750,ASN-1194,PMO - US,Direct Drop,CIP,Air,Pre-PQ Process,28-Jan-08,28-Jan-08,28-Jan-08,ARV,Adult,"Abacavir 300mg, tablets, 60 Tabs",Tablet,60.0,1099.0,30222.5,27.5,0.46,Mylan (formerly Matrix) Nashik,Yes,113,1511.25,48.36,Pre-PQ Process
15726,,FPQ-9168,,,Rwanda,,,,,,5/31/2012,,,,,,MYLAN LABORATORIES LTD (FORMERLY MATRIX LABORATORIES),,Abacavir,Generic,300mg,,,,,,,,,,,,107-RW-T30,SCMS-137552,ASN-15729,PMO - US,Direct Drop,EXW,Air,1/13/2012,7-Aug-12,7-Aug-12,7-Aug-12,ARV,Adult,"Abacavir 300mg, tablets, 60 Tabs",Tablet,60.0,46530.0,581159.7,12.49,0.21,Mylan (formerly Matrix) Nashik,Yes,4810,27894.81,814.79,
77750,,FPQ-9905,,,Zimbabwe,,,,,,7/18/2012,,,,,,ABBVIE LOGISTICS (FORMERLY ABBOTT LOGISTICS BV),,Lopinavir/Ritonavir,Kaletra,80/20mg/ml,,,,,,,,,,,,103-ZW-T30,SCMS-148290,ASN-16913,PMO - US,Direct Drop,FCA,Air,5/29/2012,8-Nov-12,22-Nov-12,22-Nov-12,ARV,Pediatric,"Lopinavir/Ritonavir 80/20mg/ml [Kaletra], oral solution, cool, Bottle 5 x 60 ml",Oral solution,300.0,1364.0,42038.48,30.82,0.1,ABBVIE (Abbott) Logis. UK,Yes,1309,15578.89,58.94,
84744,,,,,"Congo, DRC",,,,,,N/A - From RDC,,,,,,SCMS from RDC,,Nevirapine,Generic,200mg,,,,,,,,,,,,102-CD-T30,SO-42340,DN-2812,PMO - US,From RDC,N/A - From RDC,Air,5/15/2012,14-Feb-13,14-Feb-13,14-Feb-13,ARV,Adult,"Nevirapine 200mg, tablets, 60 Tabs",Tablet,60.0,739.0,1803.16,2.44,0.04,Hetero Unit III Hyderabad IN,No,See DN-2812 (ID#:83068),See DN-2812 (ID#:83068),2.53,FPQ-9906
41603,,,,,South Africa,,,,,,8/24/2015,,,,,,PHARMACY DIRECT,,Efavirenz,Generic,600mg,,,,,,,,,,,,116-ZA-T30,SCMS-295800,ASN-33865,PMO - US,Direct Drop,DDP,Truck,9/11/2014,24-Aug-15,24-Aug-15,24-Aug-15,ARV,Adult,"Efavirenz 600mg, tablets, 30 Tabs",Tablet,30.0,39.0,471.65,12.09,0.4,"Aurobindo Unit III, India",No,Weight Captured Separately,Freight Included in Commodity Cost,0.48,FPQ-14942
86806,,,,,Zambia,,,,,,N/A - From RDC,,,,,,SCMS from RDC,,Efavirenz,Generic,200mg,,,,,,,,,,,,110-ZM-T30,SO-49601,DN-4250,PMO - US,From RDC,N/A - From RDC,Truck,8/12/2014,29-May-15,15-May-15,15-May-15,ARV,Pediatric,"Efavirenz 200mg, scored tablets, 90 Tabs",Tablet,90.0,15000.0,82500.0,5.5,0.06,"Strides, Bangalore, India.",No,See DN-4250 (ID#:82799),See DN-4250 (ID#:82799),84.81,FPQ-14784
61675,110-ZM-T30,FPQ-12252,SCMS-189240,ASN-20479,Zambia,PMO - US,Direct Drop,EXW,Air,5/2/13,5/22/13,5-Aug-13,9-Aug-13,9-Aug-13,HRDT,HIV test,"Orgenics, Ltd","HIV 1/2, Determine Complete HIV Kit, 100 Tests","HIV 1/2, Determine Complete HIV Kit",Determine,,Test kit,100.0,2127.0,170160.0,80.0,0.8,"Alere Medical Co., Ltd.",Yes,881,14019.38,210.49,,,,,,,,,,,,,,,,,,,,,,,,,,
82391,,,,,Zambia,,,,,,N/A - From RDC,,,,,,SCMS from RDC,,Emtricitabine/Tenofovir Disoproxil Fumarate,Generic,200/300mg,,,,,,,,,,,,110-ZM-T30,SO-39031,DN-2289,PMO - US,From RDC,N/A - From RDC,Air,3/1/2011,15-Aug-11,18-Jul-11,18-Jul-11,ARV,Adult,"Emtricitabine/Tenofovir Disoproxil Fumarate 200/300mg, tablets, 30 Tabs",Tablet - FDC,30.0,10015.0,109363.8,10.92,0.36,Mylan (formerly Matrix) Nashik,Yes,846,3798.73,180.45,FPQ-7233
71241,,,,,Cameroon,,,,,,8/6/2013,,,,,,"Orgenics, Ltd",,"Chase Buffer, Determine, 100 Tests, 2.5ml x 1 Vial",Determine,,,,,,,,,,,,,103-CM-T30,SCMS-201930,ASN-21679,PMO - US,Direct Drop,EXW,Air,7/26/2013,10-Oct-13,10-Oct-13,18-Oct-13,HRDT,HIV test - Ancillary,"Chase Buffer, Determine, 100 Tests, 2.5ml x 1 Vial",Test kit - Ancillary,1.0,50.0,250.0,5.0,5.0,"Alere Medical Co., Ltd.",No,See ASN-21679 (ID#:13900),See ASN-21679 (ID#:13900),0.31,FPQ-12659
85645,111-MZ-T30,FPQ-4479,SO-34170,DN-1580,Mozambique,PMO - US,From RDC,N/A - From RDC,Air,2/26/09,N/A - From RDC,19-Jan-10,26-Jan-10,26-Jan-10,ARV,Adult,SCMS from RDC,"Zidovudine 300mg, tablets, 60 Tabs",Zidovudine,Generic,300mg,Tablet,60.0,6552.0,50515.92,7.71,0.13,"Aurobindo Unit III, India",No,See DN-1580 (ID#:82281),See DN-1580 (ID#:82281),99.01,,,,,,,,,,,,,,,,,,,,,,,,,,
18679,,FPQ-11442,,,Haiti,,,,,,3/7/2013,,,,,,HETERO LABS LIMITED,,Efavirenz/Lamivudine/Tenofovir Disoproxil Fumarate,Generic,600/300/300mg,,,,,,,,,,,,106-HT-T30,SCMS-177150,ASN-19530,PMO - US,Direct Drop,EXW,Ocean,1/30/2013,25-Jul-13,25-Jul-13,25-Jul-13,ARV,Adult,"Efavirenz/Lamivudine/Tenofovir Disoproxil Fumarate 600/300/300mg, tablets, 30 Tabs",Tablet - FDC,30.0,54090.0,567945.0,10.5,0.35,Hetero Unit III Hyderabad IN,Yes,7140,7992.56,702.55,
5036,116-ZA-T01,Pre-PQ Process,SCMS-40850,ASN-3611,South Africa,PMO - US,Direct Drop,DDP,Air,Pre-PQ Process,Date Not Captured,16-Jun-09,28-Jan-09,28-Jan-09,ARV,Adult,S. BUYS WHOLESALER,"Zidovudine 300mg, tablets, 60 Tabs",Zidovudine,Generic,300mg,Tablet,60.0,6800.0,82620.0,12.15,0.2,"Aurobindo Unit III, India",Yes,Weight Captured Separately,Freight Included in Commodity Cost,161.94,,,,,,,,,,,,,,,,,,,,,,,,,,
28928,,,,,South Africa,,,,,,6/17/2010,,,,,,Aurobindo Pharma Limited,,Tenofovir Disoproxil Fumarate,Generic,300mg,,,,,,,,,,,,161-ZA-T30,SCMS-75510,ASN-8300,PMO - US,Direct Drop,DDP,Air,6/2/2010,25-Nov-10,25-Nov-10,25-Nov-10,ARV,Adult,"Tenofovir Disoproxil Fumarate 300mg, tablets, 30 Tabs",Tablet,30.0,40319.0,278604.29,6.91,0.23,"Aurobindo Unit III, India",Yes,3545,5953.38,600.67,FPQ-5648
12432,104-CI-T01,Pre-PQ Process,SO-1101,DN-434,Côte d'Ivoire,PMO - US,From RDC,N/A - From RDC,Air,Pre-PQ Process,N/A - From RDC,22-Nov-07,22-Nov-07,22-Nov-07,ARV,Pediatric,SCMS from RDC,"Didanosine 200mg, chewable/dispersible tablets, 60 Tabs",Didanosine,Generic,200mg,Chewable/dispersible tablet,60.0,7744.0,297059.84,38.36,0.64,"Aurobindo Unit III, India",No,See DN-434 (ID#:11483),See DN-434 (ID#:11483),475.3,,,,,,,,,,,,,,,,,,,,,,,,,,
84553,,FPQ-4537,,,Nigeria,,,,,,N/A - From RDC,,,,,,SCMS from RDC,,Zidovudine,Generic,300mg,,,,,,,,,,,,151-NG-T30,SO-36112,DN-1790,PMO - US,From RDC,N/A - From RDC,Air Charter,11/6/2009,31-May-10,18-May-10,18-May-10,ARV,Adult,"Zidovudine 300mg, tablets, 60 Tabs",Tablet,60.0,10076.0,75872.28,7.53,0.13,"Aurobindo Unit III, India",Yes,553,9736.1,163.58,
5595,,,,,Benin,,,,,,2/6/2008,,,,,,"Orgenics, Ltd",,"HIV, Lancet, Safety, for HIV Test kits, 100 Pcs",Generic,,,,,,,,,,,,,128-BJ-T01,SCMS-17280,ASN-1412,PMO - US,Direct Drop,EXW,Air,Pre-PQ Process,10-Mar-08,10-Mar-08,10-Mar-08,HRDT,HIV test - Ancillary,"HIV, Lancet, Safety, for HIV Test kits, 100 Pcs",Test kit - Ancillary,100.0,1436.0,14.36,0.01,0.0,Inverness Japan,Yes,Weight Captured Separately,Invoiced Separately,0.02,Pre-PQ Process
54064,116-ZA-T30,FPQ-13035,SCMS-215370,ASN-24415,South Africa,PMO - US,Direct Drop,DDP,Truck,10/8/13,12/2/13,6-Feb-14,6-Feb-14,6-Feb-14,ARV,Adult,S. BUYS WHOLESALER,"Abacavir 300mg, tablets, 60 Tabs",Abacavir,Generic,300mg,Tablet,60.0,94.0,6070.54,64.58,1.08,"Aurobindo Unit III, India",No,Weight Captured Separately,Freight Included in Commodity Cost,7.51,,,,,,,,,,,,,,,,,,,,,,,,,,
23488,,FPQ-14470,,,South Sudan,,,,,,7/1/2014,,,,,,"Trinity Biotech, Plc",,"HIV 1/2, Uni-Gold HIV Kit",Uni-Gold,,,,,,,,,,,,,105-SS-T30,SCMS-245230,ASN-27241,PMO - US,Direct Drop,EXW,Air,6/17/2014,29-Sep-14,29-Sep-14,30-Sep-14,HRDT,HIV test,"HIV 1/2, Uni-Gold HIV Kit, 20 Tests",Test kit,20.0,25.0,800.0,32.0,1.6,"Trinity Biotech, Plc",Yes,175,4011.66,0.82,
85292,113-ZW-T30,FPQ-8464,SO-40900,DN-2804,Zimbabwe,PMO - US,From RDC,N/A - From RDC,Truck,10/4/11,N/A - From RDC,11-Dec-12,4-Sep-12,4-Sep-12,ARV,Adult,SCMS from RDC,"Efavirenz 600mg, tablets, 30 Tabs",Efavirenz,Generic,600mg,Tablet,30.0,17422.0,66377.82,3.81,0.13,"Emcure Plot No.P-2, I.T-B.T. Park, Phase II, MIDC, Hinjwadi, Pune, India",No,See DN-2804 (ID#:82499),See DN-2804 (ID#:82499),109.52,,,,,,,,,,,,,,,,,,,,,,,,,,
85266,,,,,Zimbabwe,,,,,,N/A - From RDC,,,,,,SCMS from RDC,,Lamivudine/Nevirapine/Zidovudine,Generic,150/300/200mg,,,,,,,,,,,,113-ZW-T30,SO-40883,DN-2693,PMO - US,From RDC,N/A - From RDC,Truck,10/4/2011,14-Aug-12,27-Jun-12,27-Jun-12,ARV,Adult,"Lamivudine/Nevirapine/Zidovudine 150/200/300mg, tablets, 60 Tabs",Tablet - FDC,60.0,11574.0,119096.46,10.29,0.17,Mylan (formerly Matrix) Nashik,No,See DN-2693 (ID#:82481),See DN-2693 (ID#:82481),196.51,FPQ-8464
23664,,FPQ-5317,,,Vietnam,,,,,,3/29/2010,,,,,,MYLAN LABORATORIES LTD (FORMERLY MATRIX LABORATORIES),,Efavirenz,Generic,600mg,,,,,,,,,,,,108-VN-T30,SCMS-69730,ASN-8446,PMO - US,Direct Drop,EXW,Air,3/22/2010,9-Nov-10,9-Nov-10,9-Nov-10,ARV,Adult,"Efavirenz 600mg, tablets, 30 Tabs",Tablet,30.0,42836.0,184194.8,4.3,0.14,Mylan (formerly Matrix) Nashik,Yes,3494,10711.06,397.12,
45149,,,,,Vietnam,,,,,,10/14/2010,,,,,,Aurobindo Pharma Limited,,Didanosine,Generic,250mg,,,,,,,,,,,,108-VN-T30,SCMS-87720,ASN-9249,PMO - US,Direct Drop,EXW,Air,9/30/2010,11-Feb-11,11-Feb-11,11-Feb-11,ARV,Adult,"Didanosine 250mg, delayed-release capsules, 30 Caps",Delayed-release capsules,30.0,300.0,3900.0,13.0,0.43,"Aurobindo Unit III, India",Yes,21,3657.69,8.41,FPQ-6384
7849,,,,,Uganda,,,,,,5/11/2009,,,,,,BRISTOL-MYERS SQUIBB,,Didanosine EC,Videx EC,250mg,,,,,,,,,,,,114-UG-T01,SCMS-45660,ASN-4378,PMO - US,Direct Drop,CIP,Air,Pre-PQ Process,6-Jul-09,6-Jul-09,6-Jul-09,ARV,Adult,"Didanosine EC 250mg [Videx EC], delayed-release capsules, Blister 3 x 10 Caps",Delayed-release capsules - blister,30.0,84.0,1540.56,18.34,0.61,"BMS Meymac, France",Yes,4,390.81,3.02,Pre-PQ Process
9252,,Pre-PQ Process,,,Zambia,,,,,,Date Not Captured,,,,,,Abbott GmbH & Co. KG,,"HIV 1/2, Determine Complete HIV Kit",Determine,,,,,,,,,,,,,110-ZM-T01,SCMS-61,ASN-43,PMO - US,Direct Drop,EXW,Air,Pre-PQ Process,30-Sep-06,30-Sep-06,30-Sep-06,HRDT,HIV test,"HIV 1/2, Determine Complete HIV Kit, 100 Tests",Test kit,100.0,1250.0,100000.0,80.0,0.8,ABBVIE GmbH & Co.KG Wiesbaden,Yes,428,2829.61,,
85343,,,,,Uganda,,,,,,N/A - From RDC,,,,,,SCMS from RDC,,Lamivudine/Zidovudine,Generic,30/60mg,,,,,,,,,,,,114-UG-T30,SO-43871,DN-3065,PMO - US,From RDC,N/A - From RDC,Truck,12/13/2012,28-Jun-13,20-Mar-13,20-Mar-13,ARV,Pediatric,"Lamivudine/Zidovudine 30/60mg, tablets, 60 Tabs",Tablet - FDC,60.0,2125.0,4802.5,2.26,0.04,Mylan (formerly Matrix) Nashik,No,See DN-3065 (ID#:83123),See DN-3065 (ID#:83123),5.94,FPQ-11133
84819,,,,,Zambia,,,,,,N/A - From RDC,,,,,,SCMS from RDC,,Efavirenz/Emtricitabine/Tenofovir Disoproxil Fumarate,Generic,600/200/300mg,,,,,,,,,,,,110-ZM-T30,SO-44770,DN-3161,PMO - US,From RDC,N/A - From RDC,Truck,10/5/2012,31-May-13,28-May-13,28-May-13,ARV,Adult,"Efavirenz/Emtricitabine/Tenofovir Disoproxil Fumarate 600/200/300mg, tablets, 30 Tabs",Tablet - FDC,30.0,249965.0,3239546.4,12.96,0.43,Mylan (formerly Matrix) Nashik,Yes,28182,17650.15,4541.84,FPQ-10728
83792,,,,,Côte d'Ivoire,,,,,,N/A - From RDC,,,,,,SCMS from RDC,,Lopinavir/Ritonavir,Aluvia,200/50mg,,,,,,,,,,,,104-CI-T30,SO-47153,DN-3694,PMO - US,From RDC,N/A - From RDC,Truck,10/22/2013,30-May-14,17-May-14,30-Jun-14,ARV,Adult,"Lopinavir/Ritonavir 200/50mg [Aluvia], tablets, 120 Tabs",Tablet,120.0,33171.0,626931.9,18.9,0.16,ABBVIE Ludwigshafen Germany,Yes,7355,28647.52,644.49,FPQ-13142
82458,,,,,South Sudan,,,,,,N/A - From RDC,,,,,,SCMS from RDC,,Lamivudine/Zidovudine,Generic,150/300mg,,,,,,,,,,,,900-SS-T30,SO-41080,DN-2581,PMO - US,From RDC,N/A - From RDC,Air,11/4/2011,21-Mar-12,8-Mar-12,8-Mar-12,ARV,Adult,"Lamivudine/Zidovudine 150/300mg, tablets, 60 Tabs",Tablet - FDC,60.0,250.0,2065.0,8.26,0.14,"Aurobindo Unit III, India",No,See DN-2581 (ID#:82457),See DN-2581 (ID#:82457),2.9,FPQ-8624
25967,,,,,Nigeria,,,,,,8/13/2012,,,,,,"Orgenics, Ltd",,"HIV 1/2, Determine Complete HIV Kit",Determine,,,,,,,,,,,,,133-NG-T30,SCMS-155321,ASN-17166,PMO - US,Direct Drop,EXW,Air,7/17/2012,28-Nov-12,27-Nov-12,27-Nov-12,HRDT,HIV test,"HIV 1/2, Determine Complete HIV Kit, 100 Tests",Test kit,100.0,2744.0,244216.0,89.0,0.89,"Alere Medical Co., Ltd.",Yes,1303,28734.43,342.39,FPQ-10349
37037,,,,,Zimbabwe,,,,,,5/27/2014,,,,,,HETERO LABS LIMITED,,Lamivudine/Tenofovir Disoproxil Fumarate,Generic,300/300mg,,,,,,,,,,,,113-ZW-T30,SCMS-240570,ASN-27584,PMO - US,Direct Drop,EXW,Air Charter,4/1/2014,17-Sep-14,17-Sep-14,19-Sep-14,ARV,Adult,"Lamivudine/Tenofovir Disoproxil Fumarate 300/300mg, tablets, 30 Tabs",Tablet - FDC,30.0,42336.0,195592.32,4.62,0.15,Hetero Unit III Hyderabad IN,Yes,4601,28788.73,201.07,FPQ-13939
16828,,FPQ-4720,,,Vietnam,,,,,,1/12/2010,,,,,,MYLAN LABORATORIES LTD (FORMERLY MATRIX LABORATORIES),,Abacavir,Generic,300mg,,,,,,,,,,,,108-VN-T30,SCMS-62460,ASN-6355,PMO - US,Direct Drop,EXW,Air,1/4/2009,29-Mar-10,29-Mar-10,29-Mar-10,ARV,Adult,"Abacavir 300mg, tablets, 60 Tabs",Tablet,60.0,100.0,1750.0,17.5,0.29,Mylan (formerly Matrix) Nashik,Yes,2128,7784.92,3.77,
73806,,,,,South Africa,,,,,,11/28/2014,,,,,,PHARMACY DIRECT,,Didanosine,Generic,250mg,,,,,,,,,,,,116-ZA-T30,SCMS-259071,ASN-29597,PMO - US,Direct Drop,DDP,Truck,9/11/2014,28-Nov-14,28-Nov-14,28-Nov-14,ARV,Adult,"Didanosine 250mg, delayed-release capsules, 30 Caps",Delayed-release capsules,30.0,6.0,66.1,11.02,0.37,"Aurobindo Unit III, India",No,Weight Captured Separately,Freight Included in Commodity Cost,0.07,FPQ-14942
72535,106-HT-T30,FPQ-14895,SCMS-261012,ASN-32854,Haiti,PMO - US,Direct Drop,EXW,Air,9/24/14,11/14/14,21-Jul-15,21-Jul-15,22-Jul-15,ARV,Adult,EMCURE PHARMACEUTICALS LTD,"Atazanavir/Ritonavir 300/100mg, tablets, 30 Tabs",Atazanavir/Ritonavir,Generic,300/100mg,Tablet,30.0,8000.0,144000.0,18.0,0.6,"Emcure Plot No.P-2, I.T-B.T. Park, Phase II, MIDC, Hinjwadi, Pune, India",Yes,1023,6433.8,148.03,,,,,,,,,,,,,,,,,,,,,,,,,,
82289,104-CI-T30,FPQ-4187,SO-33472,DN-1618,Côte d'Ivoire,PMO - US,From RDC,N/A - From RDC,Air,9/9/09,N/A - From RDC,5-Feb-10,23-Jan-10,23-Jan-10,ARV,Adult,SCMS from RDC,"Lamivudine/Nevirapine/Zidovudine 150/200/300mg, tablets, 60 Tabs",Lamivudine/Nevirapine/Zidovudine,Generic,150/300/200mg,Tablet - FDC,60.0,30060.0,337273.2,11.22,0.19,"Aurobindo Unit III, India",Yes,3508,5254.1,661.06,,,,,,,,,,,,,,,,,,,,,,,,,,
35054,,,,,Vietnam,,,,,,2/17/2015,,,,,,HETERO LABS LIMITED,,Efavirenz/Lamivudine/Tenofovir Disoproxil Fumarate,Generic,600/300/300mg,,,,,,,,,,,,108-VN-T30,SCMS-274370,ASN-32261,PMO - US,Direct Drop,EXW,Air,1/28/2015,13-Jul-15,13-Jul-15,14-Jul-15,ARV,Adult,"Efavirenz/Lamivudine/Tenofovir Disoproxil Fumarate 600/300/300mg, tablets, 30 Tabs",Tablet - FDC,30.0,17760.0,177600.0,10.0,0.33,Hetero Unit III Hyderabad IN,Yes,2516,3809.94,209.04,FPQ-15692
67389,108-VN-T30,FPQ-5317,SCMS-69240,ASN-7581,Vietnam,PMO - US,Direct Drop,EXW,Air,3/22/10,3/25/10,13-Aug-10,13-Aug-10,13-Aug-10,ARV,Adult,Aurobindo Pharma Limited,"Stavudine 30mg, capsules, 60 Caps",Stavudine,Generic,30mg,Capsule,60.0,28496.0,39894.4,1.4,0.02,"Aurobindo Unit III, India",No,See ASN-7581 (ID#:42811),See ASN-7581 (ID#:42811),86.01,,,,,,,,,,,,,,,,,,,,,,,,,,
84619,,,,,Haiti,,,,,,N/A - From RDC,,,,,,SCMS from RDC,,Stavudine,Generic,1mg/ml,,,,,,,,,,,,106-HT-T30,SO-38620,DN-2114,PMO - US,From RDC,N/A - From RDC,Air,12/14/2010,28-Feb-11,14-Feb-11,14-Feb-11,ARV,Pediatric,"Stavudine 1mg/ml, powder for oral solution w/syringe, 200 ml",Powder for oral solution,200.0,600.0,804.0,1.34,0.01,"Aurobindo Unit III, India",No,See DN-2114 (ID#:83486),See DN-2114 (ID#:83486),1.33,FPQ-6801
86531,111-MZ-T30,FPQ-10210,SO-42830,DN-2939,Mozambique,PMO - US,From RDC,N/A - From RDC,Truck,6/28/12,N/A - From RDC,11-Jan-13,11-Jan-13,11-Jan-13,ARV,Adult,SCMS from RDC,"Efavirenz 600mg, tablets, 30 Tabs",Efavirenz,Generic,600mg,Tablet,30.0,1928.0,7345.68,3.81,0.13,Mylan (formerly Matrix) Nashik,No,See DN-2939 (ID#:82528),See DN-2939 (ID#:82528),10.3,,,,,,,,,,,,,,,,,,,,,,,,,,
10930,,,,,Zambia,,,,,,N/A - From RDC,,,,,,SCMS from RDC,,Efavirenz,Generic,600mg,,,,,,,,,,,,110-ZM-T01,SO-993,DN-507,PMO - US,From RDC,N/A - From RDC,,Pre-PQ Process,8-Jan-08,8-Jan-08,8-Jan-08,ARV,Adult,"Efavirenz 600mg, tablets, 30 Tabs",Tablet,30.0,50061.0,976189.5,19.5,0.65,Mylan (formerly Matrix) Nashik,Yes,3946,14199.3,1561.9,Pre-PQ Process
85877,,,,,Zimbabwe,,,,,,N/A - From RDC,,,,,,SCMS from RDC,,Efavirenz,Generic,600mg,,,,,,,,,,,,113-ZW-T30,SO-40890,DN-2741,PMO - US,From RDC,N/A - From RDC,Truck,10/4/2011,16-Oct-12,23-Jul-12,23-Jul-12,ARV,Adult,"Efavirenz 600mg, tablets, 30 Tabs",Tablet,30.0,17422.0,66377.82,3.81,0.13,"Aurobindo Unit III, India",No,See DN-2741 (ID#:84180),See DN-2741 (ID#:84180),109.52,FPQ-8464
65452,,,,,Burundi,,,,,,2/3/2014,,,,,,"CHEMBIO DIAGNOSTIC SYSTEMS, INC.",,"HIV 1/2, Stat-Pak Dipstick Assay Kit",Stat-Pak,,,,,,,,,,,,,102-BI-T30,SCMS-223460,ASN-24711,PMO - US,Direct Drop,EXW,Air,1/6/2014,24-Mar-14,24-Mar-14,24-Mar-14,HRDT,HIV test,"HIV 1/2, Stat-Pak Dipstick Assay Kit, 30 Tests",Test kit,30.0,345.0,9522.0,27.6,0.92,Chembio Diagnostics Sys. Inc.,Yes,37,946.77,9.79,FPQ-13443
85542,104-CI-T30,FPQ-13628,SO-47912,DN-4024,Côte d'Ivoire,PMO - US,From RDC,N/A - From RDC,Truck,1/29/14,N/A - From RDC,30-Jan-15,11-Feb-15,16-Feb-15,ARV,Adult,SCMS from RDC,"Lamivudine/Nevirapine/Zidovudine 150/200/300mg, tablets, 60 Tabs",Lamivudine/Nevirapine/Zidovudine,Generic,150/300/200mg,Tablet - FDC,60.0,50700.0,391404.0,7.72,0.13,Mylan (formerly Matrix) Nashik,No,See DN-4024 (ID#:82756),See DN-4024 (ID#:82756),402.36,,,,,,,,,,,,,,,,,,,,,,,,,,
39971,,FPQ-10286,,,Vietnam,,,,,,8/14/2012,,,,,,ABBVIE LOGISTICS (FORMERLY ABBOTT LOGISTICS BV),,Lopinavir/Ritonavir,Generic,100/25mg,,,,,,,,,,,,108-VN-T30,SCMS-155700,ASN-17019,PMO - US,Direct Drop,FCA,Air,7/25/2012,11-Dec-12,11-Dec-12,11-Dec-12,ARV,Pediatric,"Lopinavir/Ritonavir 100/25mg [Aluvia], tablets, 60 Tabs",Tablet,60.0,104.0,1581.84,15.21,0.25,ABBVIE Ludwigshafen Germany,Yes,18,612.07,2.22,
11934,,Pre-PQ Process,,,Nigeria,,,,,,N/A - From RDC,,,,,,SCMS from RDC,,Lamivudine/Zidovudine,Generic,150/300mg,,,,,,,,,,,,112-NG-T01,SO-2728,DN-917,PMO - US,From RDC,N/A - From RDC,Air,Pre-PQ Process,24-Sep-08,24-Sep-08,24-Sep-08,ARV,Adult,"Lamivudine/Zidovudine 150/300mg, tablets, 60 Tabs",Tablet - FDC,60.0,1054.0,9854.9,9.35,0.16,Mylan (formerly Matrix) Nashik,No,See DN-917 (ID#:10745),See DN-917 (ID#:10745),15.77,
82751,,,,,Nigeria,,,,,,N/A - From RDC,,,,,,SCMS from RDC,,Lopinavir/Ritonavir,Aluvia,200/50mg,,,,,,,,,,,,151-NG-T30,SO-49701,DN-3998,PMO - US,From RDC,N/A - From RDC,Air Charter,8/13/2014,31-Mar-15,30-Oct-14,3-Nov-14,ARV,Adult,"Lopinavir/Ritonavir 200/50mg [Aluvia], tablets, 120 Tabs",Tablet,120.0,28000.0,529200.0,18.9,0.16,ABBVIE Ludwigshafen Germany,Yes,6702,20526,544.02,FPQ-14766
86791,101-CD-T30,FPQ-15787,SO-50910,DN-4195,"Congo, DRC",PMO - US,From RDC,N/A - From RDC,Air,1/26/15,N/A - From RDC,6-May-15,6-Jul-15,6-Jul-15,ARV,Pediatric,SCMS from RDC,"Lamivudine/Zidovudine 30/60mg, dispersible tablets, 60 Tabs",Lamivudine/Zidovudine,Generic,30/60mg,Chewable/dispersible tablet - FDC,60.0,490.0,955.5,1.95,0.03,"Mylan,  H-12 & H-13, India",No,See DN-4195 (ID#:83324),See DN-4195 (ID#:83324),1.12,,,,,,,,,,,,,,,,,,,,,,,,,,
31306,116-ZA-T30,FPQ-13973,SCMS-238551,ASN-26882,South Africa,PMO - US,Direct Drop,DDP,Truck,4/30/14,6/25/14,25-Jun-14,25-Jun-14,25-Jun-14,ARV,Pediatric,PHARMACY DIRECT,"Efavirenz 50mg, capsule, 30 Caps",Efavirenz,Generic,50mg,Capsule,30.0,9.0,27.05,3.01,0.1,"Aurobindo Unit III, India",No,Weight Captured Separately,Freight Included in Commodity Cost,0.03,,,,,,,,,,,,,,,,,,,,,,,,,,
85300,,,,,Zambia,,,,,,N/A - From RDC,,,,,,SCMS from RDC,,Efavirenz,Generic,600mg,,,,,,,,,,,,110-ZM-T30,SO-41991,DN-2833,PMO - US,From RDC,N/A - From RDC,Truck,4/27/2012,25-Sep-12,7-Sep-12,7-Sep-12,ARV,Adult,"Efavirenz 600mg, tablets, 30 Tabs",Tablet,30.0,17124.0,66954.84,3.91,0.13,"Emcure Plot No.P-2, I.T-B.T. Park, Phase II, MIDC, Hinjwadi, Pune, India",No,See DN-2833 (ID#:82506),See DN-2833 (ID#:82506),93.87,FPQ-9773
25536,151-NG-T30,FPQ-12803,SCMS-206340,ASN-23739,Nigeria,PMO - US,Direct Drop,EXW,Air,8/13/13,9/17/13,11-Feb-14,11-Feb-14,13-Feb-14,ARV,Pediatric,CIPLA LIMITED,"Abacavir 60mg, dispersible tablets, 60 Tabs",Abacavir,Generic,60mg,Chewable/dispersible tablet,60.0,7325.0,36625.0,5.0,0.08,"Cipla, Patalganga, India",Yes,455,4967.03,45.31,,,,,,,,,,,,,,,,,,,,,,,,,,
7398,104-CI-T01,Pre-PQ Process,SCMS-30410,ASN-2712,Côte d'Ivoire,PMO - US,Direct Drop,EXW,Air,Pre-PQ Process,9/18/08,24-Nov-08,24-Nov-08,24-Nov-08,HRDT,HIV test,BIO-RAD LABORATORIES (FRANCE),"#108853** HIV, Genie II HIV-1/HIV-2 Kit, 40 Tests","HIV, Genie II HIV-1/HIV-2 Kit",Genie,,Test kit,40.0,603.0,45828.0,76.0,1.9,Bio-Rad Laboratories,Yes,679,9698.22,89.82,,,,,,,,,,,,,,,,,,,,,,,,,,
83576,,FPQ-8157,,,Mozambique,,,,,,N/A - From RDC,,,,,,SCMS from RDC,,Lamivudine/Nevirapine/Zidovudine,Generic,150/300/200mg,,,,,,,,,,,,111-MZ-T30,SO-40381,DN-2590,PMO - US,From RDC,N/A - From RDC,Truck,8/4/2011,7-May-12,24-May-12,24-May-12,ARV,Adult,"Lamivudine/Nevirapine/Zidovudine 150/200/300mg, tablets, 60 Tabs",Tablet - FDC,60.0,20000.0,224400.0,11.22,0.19,Mylan (formerly Matrix) Nashik,No,See DN-2590 (ID#:83019),See DN-2590 (ID#:83019),370.26,
3080,,,,,South Africa,,,,,,2/20/2008,,,,,,S. BUYS WHOLESALER,,Efavirenz,Stocrin/Sustiva,200mg,,,,,,,,,,,,116-ZA-T01,SCMS-19800,ASN-1664,PMO - US,Direct Drop,DDP,Truck,Pre-PQ Process,24-Apr-08,29-Feb-08,29-Feb-08,ARV,Pediatric,"Efavirenz 200mg [Stocrin/Sustiva], capsule, 90 Caps",Capsule,90.0,20.0,563.0,28.15,0.31,"MSD Midrand, J'burg, SA",Yes,Weight Captured Separately,Freight Included in Commodity Cost,0.9,Pre-PQ Process
85371,,FPQ-11032,,,Zambia,,,,,,N/A - From RDC,,,,,,SCMS from RDC,,Efavirenz/Emtricitabine/Tenofovir Disoproxil Fumarate,Generic,600/200/300mg,,,,,,,,,,,,110-ZM-T30,SO-43831,DN-3204,PMO - US,From RDC,N/A - From RDC,Truck,11/28/2012,23-Jul-13,6-Aug-13,6-Aug-13,ARV,Adult,"Efavirenz/Emtricitabine/Tenofovir Disoproxil Fumarate 600/200/300mg, tablets, 30 Tabs",Tablet - FDC,30.0,53787.0,697079.52,12.96,0.43,"Cipla, Goa, India",Yes,6342,42040.3,862.29,
10536,111-MZ-T01,Pre-PQ Process,SO-321,DN-13,Mozambique,PMO - US,From RDC,N/A - From RDC,Air,Pre-PQ Process,N/A - From RDC,8-Jan-07,8-Jan-07,8-Jan-07,ARV,Pediatric,SCMS from RDC,"Efavirenz 50mg [Stocrin/Sustiva], capsule, 30 Caps",Efavirenz,Stocrin/Sustiva,50mg,Capsule,30.0,341.0,1166.22,3.42,0.11,"MSD Manati, Puerto Rico, (USA)",No,See DN-13 (ID#:10535),See DN-13 (ID#:10535),,,,,,,,,,,,,,,,,,,,,,,,,,,
22843,,FPQ-14516,,,Vietnam,,,,,,8/11/2014,,,,,,ABBVIE LOGISTICS (FORMERLY ABBOTT LOGISTICS BV),,Ritonavir,Norvir,100mg,,,,,,,,,,,,108-VN-T30,SCMS-249141,ASN-29593,PMO - US,Direct Drop,FCA,Air,7/9/2014,16-Jan-15,16-Jan-15,24-Feb-15,ARV,Adult,"Ritonavir 100mg [Norvir], film coated tablets, 30 Tabs",Tablet,30.0,200.0,4652.0,23.26,0.78,ABBVIE Ludwigshafen Germany,Yes,Weight Captured Separately,Invoiced Separately,4.78,
65688,105-GY-T30,FPQ-10249,SCMS-153860,ASN-16350,Guyana,PMO - US,Direct Drop,EXW,Air,7/5/12,7/26/12,18-Sep-12,18-Sep-12,18-Sep-12,HRDT,HIV test,"CHEMBIO DIAGNOSTIC SYSTEMS, INC.","HIV 1/2, Stat-Pak HIV, Kit, 20 Tests","HIV 1/2, Stat-Pak HIV, Kit",Stat-Pak,,Test kit,20.0,19.0,551.0,29.0,1.45,Chembio Diagnostics Sys. Inc.,Yes,5,296.52,0.77,,,,,,,,,,,,,,,,,,,,,,,,,,
84864,,,,,Zambia,,,,,,N/A - From RDC,,,,,,SCMS from RDC,,Efavirenz/Emtricitabine/Tenofovir Disoproxil Fumarate,Generic,600/200/300mg,,,,,,,,,,,,110-ZM-T30,SO-45081,DN-3360,PMO - US,From RDC,N/A - From RDC,Truck,4/19/2013,24-Jan-14,24-Jan-14,17-Mar-14,ARV,Adult,"Efavirenz/Emtricitabine/Tenofovir Disoproxil Fumarate 600/200/300mg, tablets, 30 Tabs",Tablet - FDC,30.0,100619.0,1237613.7,12.3,0.41,"Cipla, Goa, India",Yes,47387,30981.39,1530.93,FPQ-12066
39291,114-UG-T30,FPQ-14407,SCMS-244440,ASN-27804,Uganda,PMO - US,Direct Drop,FCA,Air,6/11/14,6/23/14,23-Sep-14,23-Sep-14,23-Sep-14,ARV,Pediatric,ABBVIE LOGISTICS (FORMERLY ABBOTT LOGISTICS BV),"Lopinavir/Ritonavir 80/20mg/ml [Kaletra], oral solution, cool, Bottle 5 x 60 ml",Lopinavir/Ritonavir,Kaletra,80/20mg/ml,Oral solution,300.0,75.0,2311.5,30.82,0.1,ABBVIE (Abbott) Logis. UK,Yes,120,1487.76,2.38,,,,,,,,,,,,,,,,,,,,,,,,,,
64904,,FPQ-10765,,,Nigeria,,,,,,10/16/2012,,,,,,"Orgenics, Ltd",,"HIV 1/2, Determine Complete HIV Kit",Determine,,,,,,,,,,,,,133-NG-T30,SCMS-162440,ASN-17528,PMO - US,Direct Drop,EXW,Air,10/5/2012,9-Jan-13,9-Jan-13,9-Jan-13,HRDT,HIV test,"HIV 1/2, Determine Complete HIV Kit, 100 Tests",Test kit,100.0,2744.0,244216.0,89.0,0.89,"Alere Medical Co., Ltd.",Yes,1186,24927.19,342.39,
74540,108-VN-T30,FPQ-4662,SCMS-58710,ASN-5842,Vietnam,PMO - US,Direct Drop,EXW,Air,12/2/09,12/8/09,27-Jan-10,27-Jan-10,27-Jan-10,ARV,Adult,STRIDES ARCOLAB LIMITED,"Stavudine 30mg, capsules, 60 Caps",Stavudine,Generic,30mg,Capsule,60.0,8904.0,12465.6,1.4,0.02,"Strides, Bangalore, India.",Yes,429,2633.91,26.88,,,,,,,,,,,,,,,,,,,,,,,,,,
85237,,FPQ-8787,,,Côte d'Ivoire,,,,,,N/A - From RDC,,,,,,SCMS from RDC,,Efavirenz,Generic,600mg,,,,,,,,,,,,104-CI-T30,SO-41160,DN-2552,PMO - US,From RDC,N/A - From RDC,Air,11/11/2011,19-Mar-12,24-Feb-12,24-Feb-12,ARV,Adult,"Efavirenz 600mg, tablets, 30 Tabs",Tablet,30.0,47614.0,196169.68,4.12,0.14,"Strides, Bangalore, India.",Yes,3453,9657.88,275.03,
43507,116-ZA-T30,FPQ-14942,SCMS-259074,ASN-31070,South Africa,PMO - US,Direct Drop,DDP,Truck,9/11/14,3/9/15,9-Mar-15,9-Mar-15,9-Mar-15,ARV,Pediatric,PHARMACY DIRECT,"Abacavir 20mg/ml, oral solution, Bottle, 240 ml",Abacavir,Generic,20mg/ml,Oral solution,240.0,13.0,230.24,17.71,0.07,"Aurobindo Unit III, India",No,Weight Captured Separately,Freight Included in Commodity Cost,0.24,,,,,,,,,,,,,,,,,,,,,,,,,,
83372,154-NG-T30,FPQ-3815,SO-32272,DN-1360,Nigeria,PMO - US,From RDC,N/A - From RDC,Air Charter,5/26/09,N/A - From RDC,31-Aug-09,4-Aug-09,4-Aug-09,ARV,Adult,SCMS from RDC,"Nevirapine 200mg, tablets, 60 Tabs",Nevirapine,Generic,200mg,Tablet,60.0,233.0,675.7,2.9,0.05,"Aurobindo Unit III, India",No,See DN-1360 (ID#:83371),See DN-1360 (ID#:83371),1.32,,,,,,,,,,,,,,,,,,,,,,,,,,
59919,,FPQ-13214,,,South Africa,,,,,,12/2/2013,,,,,,S. BUYS WHOLESALER,,Stavudine,Generic,30mg,,,,,,,,,,,,116-ZA-T30,SCMS-215410,ASN-23875,PMO - US,Direct Drop,DDP,Truck,11/14/2013,13-Jan-14,13-Jan-14,13-Jan-14,ARV,Adult,"Stavudine 30mg, capsules, 60 Caps",Capsule,60.0,44.0,163.95,3.73,0.06,"Aurobindo Unit III, India",No,Weight Captured Separately,Freight Included in Commodity Cost,0.17,
36147,108-VN-T30,FPQ-15692,SCMS-274370,ASN-32258,Vietnam,PMO - US,Direct Drop,EXW,Air,1/28/15,2/17/15,13-Jul-15,13-Jul-15,14-Jul-15,ARV,Adult,HETERO LABS LIMITED,"Nevirapine 200mg, tablets, 60 Tabs",Nevirapine,Generic,200mg,Tablet,60.0,10000.0,21600.0,2.16,0.04,Hetero Unit III Hyderabad IN,No,See ASN-32258 (ID#:29880),See ASN-32258 (ID#:29880),25.42,,,,,,,,,,,,,,,,,,,,,,,,,,
45158,108-VN-T30,FPQ-5317,SCMS-69230,ASN-7571,Vietnam,PMO - US,Direct Drop,FCA,Air,3/22/10,3/31/10,31-Jul-10,31-Jul-10,31-Jul-10,ARV,Adult,ABBVIE LOGISTICS (FORMERLY ABBOTT LOGISTICS BV),"Lopinavir/Ritonavir 200/50mg [Aluvia], tablets, 120 Tabs",Lopinavir/Ritonavir,Aluvia,200/50mg,Tablet,120.0,1010.0,83022.0,82.2,0.68,ABBVIE Ludwigshafen Germany,Yes,255,8227.99,179.0,,,,,,,,,,,,,,,,,,,,,,,,,,
5253,,,,,Nigeria,,,,,,Date Not Captured,,,,,,Aurobindo Pharma Limited,,Nevirapine,Generic,10mg/ml,,,,,,,,,,,,112-NG-T01,SCMS-87,ASN-57,PMO - US,Direct Drop,EXW,Air,Pre-PQ Process,28-Sep-06,28-Sep-06,28-Sep-06,ARV,Pediatric,"Nevirapine 10mg/ml, oral suspension, Bottle, 240 ml",Oral suspension,240.0,416.0,2579.2,6.2,0.03,"Aurobindo Unit III, India",No,See ASN-57 (ID#:23),See ASN-57 (ID#:23),,Pre-PQ Process
12155,106-HT-T01,Pre-PQ Process,SO-1288,DN-445,Haiti,PMO - US,From RDC,N/A - From RDC,Air,Pre-PQ Process,N/A - From RDC,22-Jan-08,22-Jan-08,22-Jan-08,ARV,Adult,SCMS from RDC,"Lamivudine 150mg, tablets, 60 Tabs",Lamivudine,Generic,150mg,Tablet,60.0,5000.0,15200.0,3.04,0.05,"Ranbaxy, Paonta Shahib, India",No,See DN-445 (ID#:10640),See DN-445 (ID#:10640),24.32,,,,,,,,,,,,,,,,,,,,,,,,,,
12551,,,,,Nigeria,,,,,,N/A - From RDC,,,,,,SCMS from RDC,,Nevirapine,Generic,200mg,,,,,,,,,,,,130-NG-T01,SO-10540,DN-844,PMO - US,From RDC,N/A - From RDC,Air,Pre-PQ Process,24-Jul-08,24-Jul-08,24-Jul-08,ARV,Adult,"Nevirapine 200mg, tablets, 60 Tabs",Tablet,60.0,1672.0,5684.8,3.4,0.06,"Aurobindo Unit III, India",No,See DN-844 (ID#:12249),See DN-844 (ID#:12249),9.1,Pre-PQ Process
84250,,FPQ-11969,,,Zambia,,,,,,N/A - From RDC,,,,,,SCMS from RDC,,Emtricitabine/Tenofovir Disoproxil Fumarate,Generic,200/300mg,,,,,,,,,,,,110-ZM-T30,SO-44910,DN-3116,PMO - US,From RDC,N/A - From RDC,Air,3/26/2013,28-Jun-13,13-May-13,13-May-13,ARV,Adult,"Emtricitabine/Tenofovir Disoproxil Fumarate 200/300mg, tablets, 30 Tabs",Tablet - FDC,30.0,20537.0,124659.59,6.07,0.2,Hetero Unit III Hyderabad IN,No,See DN-3116 (ID#:84248),See DN-3116 (ID#:84248),154.2,
12734,104-CI-T01,Pre-PQ Process,SO-1245,DN-423,Côte d'Ivoire,PMO - US,From RDC,N/A - From RDC,Air,Pre-PQ Process,N/A - From RDC,13-Nov-07,13-Nov-07,13-Nov-07,ARV,Adult,SCMS from RDC,"Zidovudine 300mg, tablets, 60 Tabs",Zidovudine,Generic,300mg,Tablet,60.0,6.0,48.9,8.15,0.14,"Aurobindo Unit III, India",No,See DN-423 (ID#:11194),See DN-423 (ID#:11194),0.08,,,,,,,,,,,,,,,,,,,,,,,,,,
75153,133-NG-T30,FPQ-12812,SCMS-210340,ASN-23200,Nigeria,PMO - US,Direct Drop,EXW,Air,8/13/13,11/1/13,3-Jan-14,3-Jan-14,13-Jan-14,HRDT,HIV test,"CHEMBIO DIAGNOSTIC SYSTEMS, INC.","HIV 1/2, Stat-Pak HIV, Kit, 20 Tests","HIV 1/2, Stat-Pak HIV, Kit",Stat-Pak,,Test kit,20.0,3337.0,106784.0,32.0,1.6,Chembio Diagnostics Sys. Inc.,Yes,1252,5758.84,132.09,,,,,,,,,,,,,,,,,,,,,,,,,,
35559,116-ZA-T30,FPQ-12522,SCMS-199283,ASN-27976,South Africa,PMO - US,Direct Drop,DDP,Truck,7/11/13,8/27/14,27-Aug-14,27-Aug-14,27-Aug-14,ARV,Pediatric,S. BUYS WHOLESALER,"Efavirenz 50mg, capsule, 30 Caps",Efavirenz,Generic,50mg,Capsule,30.0,18.0,59.69,3.32,0.11,"Aurobindo Unit III, India",No,Weight Captured Separately,Freight Included in Commodity Cost,0.07,,,,,,,,,,,,,,,,,,,,,,,,,,
1954,108-VN-T01,Pre-PQ Process,SCMS-27290,ASN-2854,Vietnam,PMO - US,Direct Drop,FCA,Air,Pre-PQ Process,7/24/08,2-Dec-08,2-Dec-08,2-Dec-08,ARV,Adult,ABBVIE LOGISTICS (FORMERLY ABBOTT LOGISTICS BV),"Lopinavir/Ritonavir 200/50mg [Aluvia], tablets, 120 Tabs",Lopinavir/Ritonavir,Aluvia,200/50mg,Tablet,120.0,434.0,35674.8,82.2,0.68,ABBVIE Ludwigshafen Germany,Yes,113,2709.98,69.92,,,,,,,,,,,,,,,,,,,,,,,,,,
30065,,FPQ-6606,,,Nigeria,,,,,,11/9/2010,,,,,,"Trinity Biotech, Plc",,"HIV 1/2, Uni-Gold HIV Kit",Uni-Gold,,,,,,,,,,,,,133-NG-T30,SCMS-91790,ASN-8940,PMO - US,Direct Drop,EXW,Air,10/29/2010,17-Dec-10,17-Dec-10,17-Dec-10,HRDT,HIV test,"HIV 1/2, Uni-Gold HIV Kit, 20 Tests",Test kit,20.0,3750.0,120000.0,32.0,1.6,"Trinity Biotech, Plc",Yes,1072,16036.98,198.0,
65261,133-NG-T30,FPQ-7634,SCMS-108740,ASN-11758,Nigeria,PMO - US,Direct Drop,EXW,Air,4/28/11,5/23/11,31-Aug-11,31-Aug-11,31-Aug-11,HRDT,HIV test,"Orgenics, Ltd","HIV 1/2, Determine Complete HIV Kit, 100 Tests","HIV 1/2, Determine Complete HIV Kit",Determine,,Test kit,100.0,2520.0,224280.0,89.0,0.89,Inverness Japan,Yes,1201,28669.23,370.06,,,,,,,,,,,,,,,,,,,,,,,,,,
27460,,,,,Vietnam,,,,,,3/10/2014,,,,,,HETERO LABS LIMITED,,Abacavir,Generic,300mg,,,,,,,,,,,,108-VN-T30,SCMS-226220,ASN-26923,PMO - US,Direct Drop,EXW,Air,2/6/2014,29-Jul-14,29-Jul-14,6-Aug-14,ARV,Adult,"Abacavir 300mg, tablets, 60 Tabs",Tablet,60.0,1600.0,18320.0,11.45,0.19,Hetero Unit III Hyderabad IN,No,See ASN-26923 (ID#:13027),See ASN-26923 (ID#:13027),18.83,FPQ-13524
85167,,FPQ-6484,,,Haiti,,,,,,N/A - From RDC,,,,,,SCMS from RDC,,Lamivudine,Generic,10mg/ml,,,,,,,,,,,,106-HT-T30,SO-37760,DN-2073,PMO - US,From RDC,N/A - From RDC,Air,10/13/2010,20-Dec-10,5-Jan-11,5-Jan-11,ARV,Pediatric,"Lamivudine 10mg/ml, oral solution w/syringe, Bottle, 240 ml",Oral solution,240.0,4810.0,8898.5,1.85,0.01,"Aurobindo Unit III, India",No,See DN-2073 (ID#:82362),See DN-2073 (ID#:82362),19.19,
83404,104-CI-T30,FPQ-4378,SO-34412,DN-1671,Côte d'Ivoire,PMO - US,From RDC,N/A - From RDC,Air,10/15/09,N/A - From RDC,9-Mar-10,10-Mar-10,10-Mar-10,ARV,Adult,SCMS from RDC,"Efavirenz 600mg, tablets, 30 Tabs",Efavirenz,Generic,600mg,Tablet,30.0,31092.0,179711.76,5.78,0.19,"Aurobindo Unit III, India",No,See DN-1671 (ID#:82863),See DN-1671 (ID#:82863),352.24,,,,,,,,,,,,,,,,,,,,,,,,,,
83988,,,,,Nigeria,,,,,,N/A - From RDC,,,,,,SCMS from RDC,,Lamivudine/Nevirapine/Zidovudine,Generic,150/300/200mg,,,,,,,,,,,,151-NG-T30,SO-35060,DN-1720,PMO - US,From RDC,N/A - From RDC,Air Charter,11/6/2009,19-Apr-10,31-Mar-10,31-Mar-10,ARV,Adult,"Lamivudine/Nevirapine/Zidovudine 150/200/300mg, tablets, 60 Tabs",Tablet - FDC,60.0,100000.0,1122000.0,11.22,0.19,"Aurobindo Unit III, India",Yes,11725,Freight Included in Commodity Cost,2419.03,FPQ-4537
84598,104-CI-T30,FPQ-5925,SO-37150,DN-2035,Côte d'Ivoire,PMO - US,From RDC,N/A - From RDC,Truck,6/23/10,N/A - From RDC,30-Nov-10,26-Nov-10,26-Nov-10,ARV,Pediatric,SCMS from RDC,"Stavudine 1mg/ml, powder for oral solution, 200 ml",Stavudine,Generic,1mg/ml,Oral solution,200.0,2449.0,3306.15,1.35,0.01,"Aurobindo Unit III, India",No,See DN-2035 (ID#:82356),See DN-2035 (ID#:82356),7.13,,,,,,,,,,,,,,,,,,,,,,,,,,
84016,,,,,Nigeria,,,,,,N/A - From RDC,,,,,,SCMS from RDC,,Efavirenz,Generic,600mg,,,,,,,,,,,,151-NG-T30,SO-36445,DN-1903,PMO - US,From RDC,N/A - From RDC,Air,2/10/2010,15-Jul-10,28-Jun-10,28-Jun-10,ARV,Adult,"Efavirenz 600mg, tablets, 30 Tabs",Tablet,30.0,804.0,3698.4,4.6,0.15,"Aurobindo Unit III, India",Yes,68,Freight Included in Commodity Cost,7.97,FPQ-5023
32435,,,,,Malawi,,,,,,10/31/2012,,,,,,MYLAN LABORATORIES LTD (FORMERLY MATRIX LABORATORIES),,Efavirenz/Lamivudine/Tenofovir Disoproxil Fumarate,Generic,600/300/300mg,,,,,,,,,,,,103-MW-T30,SCMS-163900,ASN-19497,PMO - US,Direct Drop,EXW,Ocean,10/17/2012,24-Jul-13,24-Jul-13,24-Jul-13,ARV,Adult,"Efavirenz/Lamivudine/Tenofovir Disoproxil Fumarate 600/300/300mg, tablets, 30 Tabs",Tablet - FDC,30.0,190000.0,2183100.0,11.49,0.38,Mylan (formerly Matrix) Nashik,Yes,21463,36695.74,2700.49,FPQ-10790
30589,,FPQ-14942,,,South Africa,,,,,,10/9/2014,,,,,,PHARMACY DIRECT,,Efavirenz,Generic,200mg,,,,,,,,,,,,116-ZA-T30,SCMS-259078,ASN-33470,PMO - US,Direct Drop,DDP,Truck,9/11/2014,24-Jul-15,24-Jul-15,24-Jul-15,ARV,Pediatric,"Efavirenz 200mg, capsule, 90 Caps",Capsule,90.0,10.0,182.5,18.25,0.2,"Aurobindo Unit III, India",No,Weight Captured Separately,Freight Included in Commodity Cost,0.19,
86449,,,,,Zambia,,,,,,N/A - From RDC,,,,,,SCMS from RDC,,Zidovudine,Generic,300mg,,,,,,,,,,,,110-ZM-T30,SO-40270,DN-2513,PMO - US,From RDC,N/A - From RDC,Truck,7/26/2011,28-Feb-12,17-Feb-12,17-Feb-12,ARV,Adult,"Zidovudine 300mg, tablets, 60 Tabs",Tablet,60.0,20513.0,144001.26,7.02,0.12,Hetero Unit III Hyderabad IN,No,See DN-2513 (ID#:82444),See DN-2513 (ID#:82444),237.6,FPQ-7767
62194,,FPQ-15040,,,Vietnam,,,,,,12/8/2014,,,,,,HETERO LABS LIMITED,,Efavirenz,Generic,600mg,,,,,,,,,,,,108-VN-T30,SCMS-263670,ASN-30942,PMO - US,Direct Drop,EXW,Air,10/30/2014,14-Apr-15,14-Apr-15,14-Apr-15,ARV,Adult,"Efavirenz 600mg, tablets, 30 Tabs",Tablet,30.0,12200.0,42700.0,3.5,0.12,Hetero Unit III Hyderabad IN,No,See ASN-30942 (ID#:19840),See ASN-30942 (ID#:19840),43.9,
11292,,,,,Ethiopia,,,,,,N/A - From RDC,,,,,,SCMS from RDC,,Lamivudine/Stavudine,Generic,150/30mg,,,,,,,,,,,,117-ET-T01,SO-22020,DN-1052,PMO - US,From RDC,N/A - From RDC,Air,Pre-PQ Process,3-Mar-09,3-Mar-09,3-Mar-09,ARV,Adult,"Lamivudine/Stavudine 150/30mg, tablets, 60 Tabs",Tablet - FDC,60.0,1044.0,3967.2,3.8,0.06,Mylan (formerly Matrix) Nashik,No,See DN-1052 (ID#:10737),See DN-1052 (ID#:10737),7.78,Pre-PQ Process
84132,101-CD-T30,FPQ-8840,SO-41132,DN-2494,"Congo, DRC",PMO - US,From RDC,N/A - From RDC,Air,11/21/11,N/A - From RDC,16-Mar-12,14-Feb-12,14-Feb-12,ARV,Adult,SCMS from RDC,"Abacavir 300mg, tablets, 60 Tabs",Abacavir,Generic,300mg,Tablet,60.0,20.0,292.6,14.63,0.24,Mylan (formerly Matrix) Nashik,No,See DN-2494 (ID#:82433),See DN-2494 (ID#:82433),0.41,,,,,,,,,,,,,,,,,,,,,,,,,,
85985,151-NG-T30,FPQ-11771,SO-44755,DN-3239,Nigeria,PMO - US,From RDC,N/A - From RDC,Air Charter,2/28/13,N/A - From RDC,21-Aug-13,23-Jul-13,23-Jul-13,ARV,Adult,SCMS from RDC,"Lamivudine/Nevirapine/Zidovudine 150/200/300mg, tablets, 60 Tabs",Lamivudine/Nevirapine/Zidovudine,Generic,150/300/200mg,Tablet - FDC,60.0,26.0,223.08,8.58,0.14,Hetero Unit III Hyderabad IN,Yes,33051,Freight Included in Commodity Cost,0.28,,,,,,,,,,,,,,,,,,,,,,,,,,
76113,111-MZ-T30,FPQ-13395,SCMS-219220,ASN-25452,Mozambique,PMO - US,Direct Drop,EXW,Air,12/11/13,12/17/13,2-May-14,2-May-14,7-May-14,ARV,Adult,HETERO LABS LIMITED,"Lamivudine/Nevirapine/Zidovudine 150/200/300mg, tablets, 60 Tabs",Lamivudine/Nevirapine/Zidovudine,Generic,150/300/200mg,Tablet - FDC,60.0,33792.0,274053.12,8.11,0.14,Hetero Unit III Hyderabad IN,Yes,4610,16835.52,281.73,,,,,,,,,,,,,,,,,,,,,,,,,,
21193,127-KE-T30,FPQ-7684,SCMS-109250,ASN-11441,Kenya,PMO - US,Direct Drop,EXW,Air,5/5/11,5/19/11,9-Aug-11,11-Aug-11,11-Aug-11,HRDT,HIV test,"Orgenics, Ltd","HIV 1/2, Determine Complete HIV Kit, 100 Tests","HIV 1/2, Determine Complete HIV Kit",Determine,,Test kit,100.0,8331.0,741459.0,89.0,0.89,Inverness Japan,Yes,1980,37548.87,1223.41,,,,,,,,,,,,,,,,,,,,,,,,,,
11756,,Pre-PQ Process,,,Mozambique,,,,,,N/A - From RDC,,,,,,SCMS from RDC,,Efavirenz,Generic,50mg,,,,,,,,,,,,111-MZ-T01,SO-298,DN-304,PMO - US,From RDC,N/A - From RDC,Air,Pre-PQ Process,21-Sep-07,21-Sep-07,21-Sep-07,ARV,Pediatric,"Efavirenz 50mg, capsule, 30 Caps",Capsule,30.0,2414.0,8255.88,3.42,0.11,"Aurobindo Unit III, India",No,See DN-304 (ID#:10589),See DN-304 (ID#:10589),13.21,
2562,104-CI-T01,Pre-PQ Process,SCMS-45110,ASN-4046,Côte d'Ivoire,PMO - US,Direct Drop,EXW,Air,Pre-PQ Process,4/29/09,9-Jun-09,9-Jun-09,9-Jun-09,HRDT,HIV test,BIO-RAD LABORATORIES (FRANCE),"#108853** HIV, Genie II HIV-1/HIV-2 Kit, 40 Tests","HIV, Genie II HIV-1/HIV-2 Kit",Genie,,Test kit,40.0,140.0,15400.0,110.0,2.75,Bio-Rad Laboratories,Yes,158,4318.21,30.18,,,,,,,,,,,,,,,,,,,,,,,,,,
2436,,,,,South Africa,,,,,,Date Not Captured,,,,,,S. BUYS WHOLESALER,,Zidovudine,Retrovir,300mg,,,,,,,,,,,,116-ZA-T01,SCMS-41070,ASN-3625,PMO - US,Direct Drop,DDP,Air,Pre-PQ Process,12-May-09,30-Dec-08,30-Dec-08,ARV,Adult,"Zidovudine 300mg [Retrovir], tablets, 60 Tabs",Tablet,60.0,1350.0,19062.0,14.12,0.24,GSK Aranda,No,Weight Captured Separately,Freight Included in Commodity Cost,37.36,Pre-PQ Process
18227,108-VN-T30,FPQ-7565,SCMS-108100,ASN-11579,Vietnam,PMO - US,Direct Drop,EXW,Air,4/21/11,5/2/11,11-Aug-11,11-Aug-11,11-Aug-11,ARV,Adult,MYLAN LABORATORIES LTD (FORMERLY MATRIX LABORATORIES),"Nevirapine 200mg, tablets, 60 Tabs",Nevirapine,Generic,200mg,Tablet,60.0,25000.0,65000.0,2.6,0.04,Mylan (formerly Matrix) Nashik,Yes,3098,12745.06,107.25,,,,,,,,,,,,,,,,,,,,,,,,,,
4347,,,,,South Africa,,,,,,2/20/2008,,,,,,S. BUYS WHOLESALER,,Lamivudine,Epivir,10mg/ml,,,,,,,,,,,,116-ZA-T01,SCMS-19800,ASN-1665,PMO - US,Direct Drop,DDP,Truck,Pre-PQ Process,24-Apr-08,24-Apr-08,24-Apr-08,ARV,Pediatric,"Lamivudine 10mg/ml [Epivir], oral solution, Bottle, 240 ml",Oral solution,240.0,1000.0,6410.0,6.41,0.03,GSK Mississauga (Canada),No,Weight Captured Separately,Freight Included in Commodity Cost,10.26,Pre-PQ Process
11926,,Pre-PQ Process,,,Mozambique,,,,,,N/A - From RDC,,,,,,SCMS from RDC,,Efavirenz,Generic,600mg,,,,,,,,,,,,111-MZ-T01,SO-15080,DN-1034,PMO - US,From RDC,N/A - From RDC,Air,Pre-PQ Process,21-Feb-09,21-Feb-09,21-Feb-09,ARV,Adult,"Efavirenz 600mg, tablets, 30 Tabs",Tablet,30.0,24350.0,267850.0,11.0,0.37,"Aurobindo Unit III, India",No,See DN-1034 (ID#:10732),See DN-1034 (ID#:10732),524.99,
63468,,,,,South Africa,,,,,,8/29/2014,,,,,,S. BUYS WHOLESALER,,Efavirenz,Generic,600mg,,,,,,,,,,,,116-ZA-T30,SCMS-199289,ASN-28033,PMO - US,Direct Drop,DDP,Truck,7/11/2013,29-Aug-14,29-Aug-14,29-Aug-14,ARV,Adult,"Efavirenz 600mg, tablets, 30 Tabs",Tablet,30.0,632.0,10473.05,16.57,0.55,Hetero Unit III Hyderabad IN,No,Weight Captured Separately,Freight Included in Commodity Cost,12.96,FPQ-12522
86056,,FPQ-12800,,,Côte d'Ivoire,,,,,,N/A - From RDC,,,,,,SCMS from RDC,,Lamivudine/Nevirapine/Zidovudine,Generic,150/300/200mg,,,,,,,,,,,,104-CI-T30,SO-46400,DN-3568,PMO - US,From RDC,N/A - From RDC,Truck,8/9/2013,28-Mar-14,11-Apr-14,28-Apr-14,ARV,Adult,"Lamivudine/Nevirapine/Zidovudine 150/200/300mg, tablets, 60 Tabs",Tablet - FDC,60.0,100000.0,826000.0,8.26,0.14,"Aurobindo Unit III, India",No,See DN-3568 (ID#:82655),See DN-3568 (ID#:82655),1021.76,
11510,,,,,Zambia,,,,,,N/A - From RDC,,,,,,SCMS from RDC,,Emtricitabine/Tenofovir Disoproxil Fumarate,Truvada,300/200mg,,,,,,,,,,,,110-ZM-T01,SO-1187,DN-457,PMO - US,From RDC,N/A - From RDC,Air,Pre-PQ Process,24-Dec-07,24-Dec-07,24-Dec-07,ARV,Adult,"Emtricitabine/Tenofovir Disoproxil Fumarate 200/300mg [Truvada], tablets, 30 Tabs",Tablet - FDC,30.0,17706.0,464782.5,26.25,0.88,"Aspen-OSD, Port Elizabeth, SA",Yes,1594,6035.4,743.65,Pre-PQ Process
85688,151-NG-T30,FPQ-5023,SO-36410,DN-1928,Nigeria,PMO - US,From RDC,N/A - From RDC,Air,2/10/10,N/A - From RDC,15-Jul-10,28-Jun-10,28-Jun-10,ARV,Adult,SCMS from RDC,"Emtricitabine/Tenofovir Disoproxil Fumarate 200/300mg, tablets, 30 Tabs",Emtricitabine/Tenofovir Disoproxil Fumarate,Generic,200/300mg,Tablet - FDC,30.0,55797.0,655614.75,11.75,0.39,Mylan (formerly Matrix) Nashik,Yes,4665,Freight Included in Commodity Cost,1413.51,,,,,,,,,,,,,,,,,,,,,,,,,,
24999,,,,,Rwanda,,,,,,12/8/2009,,,,,,Aurobindo Pharma Limited,,Tenofovir Disoproxil Fumarate,Generic,300mg,,,,,,,,,,,,107-RW-T30,SCMS-48871,ASN-5799,PMO - US,Direct Drop,CIP,Air,6/30/2009,27-Jan-10,27-Jan-10,27-Jan-10,ARV,Adult,"Tenofovir Disoproxil Fumarate 300mg, tablets, 30 Tabs",Tablet,30.0,1630.0,13952.8,8.56,0.29,"Aurobindo Unit III, India",Yes,153,2483.49,27.35,FPQ-3859
15825,,FPQ-16453,,,Tanzania,,,,,,6/25/2015,,,,,,"Trinity Biotech, Plc",,"HIV 1/2, Uni-Gold HIV Kit",Uni-Gold,,,,,,,,,,,,,109-TZ-T30,SCMS-293540,ASN-33245,PMO - US,Direct Drop,EXW,Air,6/8/2015,24-Aug-15,24-Aug-15,28-Aug-15,HRDT,HIV test,"HIV 1/2, Uni-Gold HIV Kit, 20 Tests",Test kit,20.0,400.0,12800.0,32.0,1.6,"Trinity Biotech, Plc",Yes,Weight Captured Separately,Invoiced Separately,15.07,
30633,,,,,South Africa,,,,,,3/19/2010,,,,,,Aurobindo Pharma Limited,,Efavirenz,Generic,600mg,,,,,,,,,,,,161-ZA-T30,SCMS-68940,ASN-8001,PMO - US,Direct Drop,DDP,Air,3/18/2010,7-Sep-10,15-Oct-10,15-Oct-10,ARV,Adult,"Efavirenz 600mg, tablets, 30 Tabs",Tablet,30.0,40135.0,187430.45,4.67,0.16,"Aurobindo Unit III, India",Yes,3764,4263.07,404.1,FPQ-5303
86364,,,,,Nigeria,,,,,,N/A - From RDC,,,,,,SCMS from RDC,,Lamivudine/Nevirapine/Zidovudine,Generic,150/300/200mg,,,,,,,,,,,,151-NG-T30,SO-38340,DN-2093,PMO - US,From RDC,N/A - From RDC,Air Charter,12/7/2010,21-Feb-11,16-Feb-11,16-Feb-11,ARV,Adult,"Lamivudine/Nevirapine/Zidovudine 150/200/300mg, tablets, 60 Tabs",Tablet - FDC,60.0,77333.0,867676.26,11.22,0.19,"Aurobindo Unit III, India",Yes,11276,43548,1431.67,FPQ-6800
84534,,,,,Haiti,,,,,,N/A - From RDC,,,,,,SCMS from RDC,,Stavudine,Generic,30mg,,,,,,,,,,,,106-HT-T30,SO-35930,DN-1668,PMO - US,From RDC,N/A - From RDC,Air,10/23/2009,7-Apr-10,3-Mar-10,3-Mar-10,ARV,Adult,"Stavudine 30mg, capsules, 60 Caps",Capsule,60.0,7056.0,10301.76,1.46,0.02,"Strides, Bangalore, India.",No,See DN-1668 (ID#:83403),See DN-1668 (ID#:83403),22.21,FPQ-4384
38914,116-ZA-T30,FPQ-5381,SCMS-69590,ASN-6724,South Africa,PMO - US,Direct Drop,DDP,Truck,3/23/10,3/25/10,1-Apr-10,1-Apr-10,1-Apr-10,ARV,Adult,S. BUYS WHOLESALER,"Emtricitabine/Tenofovir Disoproxil Fumarate 200/300mg [Truvada], tablets, 30 Tabs",Emtricitabine/Tenofovir Disoproxil Fumarate,Truvada,300/200mg,Tablet - FDC,30.0,240.0,11495.46,47.9,1.6,"Aspen-OSD, Port Elizabeth, SA",Yes,Weight Captured Separately,Freight Included in Commodity Cost,24.78,,,,,,,,,,,,,,,,,,,,,,,,,,
57541,,,,,Mozambique,,,,,,2/8/2011,,,,,,Hoffmann-La Roche ltd Basel,,Saquinavir,Invirase,200mg,,,,,,,,,,,,111-MZ-T30,SCMS-98430,ASN-12216,PMO - US,Direct Drop,FCA,Air,1/21/2011,2-Nov-11,2-Nov-11,2-Nov-11,ARV,Adult,"Saquinavir 200mg [Invirase], capsules, 270 Caps",Capsule,270.0,461.0,47723.35,103.52,0.38,Roche Basel,Yes,238,2556.61,78.74,FPQ-7054
84275,,,,,Uganda,,,,,,N/A - From RDC,,,,,,SCMS from RDC,,Lamivudine/Nevirapine/Zidovudine,Generic,150/300/200mg,,,,,,,,,,,,114-UG-T30,SO-43910,DN-3237,PMO - US,From RDC,N/A - From RDC,Truck,12/13/2012,31-Jul-13,26-Aug-13,26-Aug-13,ARV,Adult,"Lamivudine/Nevirapine/Zidovudine 150/200/300mg, tablets, 60 Tabs",Tablet - FDC,60.0,44017.0,363580.42,8.26,0.14,Hetero Unit III Hyderabad IN,No,See DN-3237 (ID#:83700),See DN-3237 (ID#:83700),449.75,FPQ-11133
28844,,FPQ-14942,,,South Africa,,,,,,10/9/2014,,,,,,PHARMACY DIRECT,,Efavirenz,Generic,200mg,,,,,,,,,,,,116-ZA-T30,SCMS-259077,ASN-33477,PMO - US,Direct Drop,DDP,Truck,9/11/2014,24-Jul-15,24-Jul-15,24-Jul-15,ARV,Pediatric,"Efavirenz 200mg, capsule, 90 Caps",Capsule,90.0,10.0,170.44,17.04,0.19,"Aurobindo Unit III, India",No,Weight Captured Separately,Freight Included in Commodity Cost,0.18,
1628,,Pre-PQ Process,,,Zambia,,,,,,2/25/2008,,,,,,"Trinity Biotech, Plc",,"HIV 1/2, Uni-Gold HIV Kit",Uni-Gold,,,,,,,,,,,,,110-ZM-T01,SCMS-18030,ASN-1619,PMO - US,Direct Drop,EXW,Air,Pre-PQ Process,14-May-08,14-May-08,14-May-08,HRDT,HIV test,"HIV 1/2, Uni-Gold HIV Kit, 20 Tests",Test kit,20.0,6040.0,193280.0,32.0,1.6,"Trinity Biotech, Plc",Yes,2052,24689,309.25,
10894,,Pre-PQ Process,,,Nigeria,,,,,,N/A - From RDC,,,,,,SCMS from RDC,,Nevirapine,Generic,200mg,,,,,,,,,,,,112-NG-T01,SO-565,DN-373,PMO - US,From RDC,N/A - From RDC,Air,Pre-PQ Process,20-Sep-07,20-Sep-07,20-Sep-07,ARV,Adult,"Nevirapine 200mg, tablets, 60 Tabs",Tablet,60.0,600.0,2142.0,3.57,0.06,"Aurobindo Unit III, India",No,See DN-373 (ID#:10623),See DN-373 (ID#:10623),3.43,
82534,,,,,Côte d'Ivoire,,,,,,N/A - From RDC,,,,,,SCMS from RDC,,Efavirenz,Generic,600mg,,,,,,,,,,,,104-CI-T30,SO-42373,DN-2954,PMO - US,From RDC,N/A - From RDC,Truck,4/19/2012,31-Dec-12,6-Dec-12,6-Dec-12,ARV,Adult,"Efavirenz 600mg, tablets, 30 Tabs",Tablet,30.0,14368.0,52299.52,3.64,0.12,"Strides, Bangalore, India.",Yes,4409,17192.4,73.32,FPQ-9749
4458,108-VN-T01,Pre-PQ Process,SCMS-23330,ASN-2276,Vietnam,PMO - US,Direct Drop,EXW,Air,Pre-PQ Process,5/13/08,19-Sep-08,19-Sep-08,19-Sep-08,ARV,Adult,Aurobindo Pharma Limited,"Lamivudine/Zidovudine 150/300mg, tablets, 60 Tabs",Lamivudine/Zidovudine,Generic,150/300mg,Tablet - FDC,60.0,2016.0,18648.0,9.25,0.15,"Aurobindo Unit III, India",Yes,185,5551.97,29.84,,,,,,,,,,,,,,,,,,,,,,,,,,
11140,104-CI-T01,Pre-PQ Process,SO-701,DN-271,Côte d'Ivoire,PMO - US,From RDC,N/A - From RDC,,Pre-PQ Process,N/A - From RDC,14-Aug-07,14-Aug-07,14-Aug-07,ARV,Adult,SCMS from RDC,"Lamivudine/Stavudine 150/30mg, tablets, 30 Tabs",Lamivudine/Stavudine,Generic,150/30mg,Tablet - FDC,30.0,86821.0,173642.0,2.0,0.07,"Cipla, Goa, India",Yes,5697,14893,277.83,,,,,,,,,,,,,,,,,,,,,,,,,,
83795,,FPQ-13627,,,Burundi,,,,,,N/A - From RDC,,,,,,SCMS from RDC,,Efavirenz/Lamivudine/Tenofovir Disoproxil Fumarate,Generic,600/300/300mg,,,,,,,,,,,,102-BI-T30,SO-47670,DN-3712,PMO - US,From RDC,N/A - From RDC,Air,1/24/2014,30-May-14,25-Jun-14,1-Jul-14,ARV,Adult,"Efavirenz/Lamivudine/Tenofovir Disoproxil Fumarate 600/300/300mg, tablets, 30 Tabs",Tablet - FDC,30.0,2880.0,31046.4,10.78,0.36,Mylan (formerly Matrix) Nashik,Yes,546,4195.64,31.92,
86592,,,,,"Congo, DRC",,,,,,N/A - From RDC,,,,,,SCMS from RDC,,Nevirapine,Generic,200mg,,,,,,,,,,,,101-CD-T30,SO-45020,DN-3268,PMO - US,From RDC,N/A - From RDC,Air,4/8/2013,27-Aug-13,8-Feb-14,11-Mar-14,ARV,Adult,"Nevirapine 200mg, tablets, 60 Tabs",Tablet,60.0,761.0,1719.86,2.26,0.04,"Aurobindo Unit III, India",No,See DN-3268 (ID#:82595),See DN-3268 (ID#:82595),2.13,FPQ-12033
32903,116-ZA-T30,FPQ-12522,SCMS-199289,ASN-28033,South Africa,PMO - US,Direct Drop,DDP,Truck,7/11/13,8/29/14,29-Aug-14,29-Aug-14,29-Aug-14,ARV,Adult,S. BUYS WHOLESALER,"Tenofovir Disoproxil Fumarate 300mg, tablets, 30 Tabs",Tenofovir Disoproxil Fumarate,Generic,300mg,Tablet,30.0,486.0,10116.11,20.82,0.69,Hetero Unit III Hyderabad IN,No,Weight Captured Separately,Freight Included in Commodity Cost,12.51,,,,,,,,,,,,,,,,,,,,,,,,,,
84098,106-HT-T30,FPQ-6801,SO-39910,DN-2263,Haiti,PMO - US,From RDC,N/A - From RDC,Air,12/14/10,N/A - From RDC,19-Jul-11,28-Jun-11,28-Jun-11,ARV,Adult,SCMS from RDC,"Stavudine 15mg, capsules, 60 Caps",Stavudine,Generic,15mg,Capsule,60.0,168.0,221.76,1.32,0.02,"Aurobindo Unit III, India",No,See DN-2263 (ID#:82959),See DN-2263 (ID#:82959),0.37,,,,,,,,,,,,,,,,,,,,,,,,,,
10682,,,,,Côte d'Ivoire,,,,,,N/A - From RDC,,,,,,SCMS from RDC,,Abacavir,Generic,300mg,,,,,,,,,,,,104-CI-T01,SO-1680,DN-673,PMO - US,From RDC,N/A - From RDC,Air,Pre-PQ Process,27-Mar-08,27-Mar-08,27-Mar-08,ARV,Adult,"Abacavir 300mg, tablets, 60 Tabs",Tablet,60.0,374.0,10296.22,27.53,0.46,"Aurobindo Unit III, India",Yes,1118,2810.58,16.47,Pre-PQ Process
77494,114-UG-T30,FPQ-12477,SCMS-198721,ASN-22001,Uganda,PMO - US,Direct Drop,EXW,Ocean,7/8/13,8/27/13,18-Dec-13,18-Dec-13,20-Dec-13,ARV,Adult,MYLAN LABORATORIES LTD (FORMERLY MATRIX LABORATORIES),"Lamivudine/Zidovudine 150/300mg, tablets, 60 Tabs",Lamivudine/Zidovudine,Generic,150/300mg,Tablet - FDC,60.0,9888.0,64173.12,6.49,0.11,Mylan (formerly Matrix) Nashik,Yes,858,10833.06,79.38,,,,,,,,,,,,,,,,,,,,,,,,,,
57513,,FPQ-6434,,,Angola,,,,,,11/10/2010,,,,,,"Trinity Biotech, Plc",,"HIV 1/2, Uni-Gold HIV Kit",Uni-Gold,,,,,,,,,,,,,102-AO-T30,SCMS-91620,ASN-9640,PMO - US,Direct Drop,EXW,Air,10/28/2010,14-Apr-11,14-Apr-11,14-Apr-11,HRDT,HIV test,"HIV 1/2, Uni-Gold HIV Kit, 20 Tests",Test kit,20.0,500.0,16000.0,32.0,1.6,"Trinity Biotech, Plc",Yes,260,9597.9,34.5,
10761,,Pre-PQ Process,,,Nigeria,,,,,,N/A - From RDC,,,,,,SCMS from RDC,,Emtricitabine/Tenofovir Disoproxil Fumarate,Truvada,300/200mg,,,,,,,,,,,,151-NG-T01,SO-21787,DN-1194,PMO - US,From RDC,N/A - From RDC,Air,Pre-PQ Process,30-Apr-09,30-Apr-09,30-Apr-09,ARV,Adult,"Emtricitabine/Tenofovir Disoproxil Fumarate 200/300mg [Truvada], tablets, 30 Tabs",Tablet - FDC,30.0,3392.0,89040.0,26.25,0.88,"Aspen-OSD, Port Elizabeth, SA",Yes,298,2922.53,174.52,
82509,,,,,Uganda,,,,,,N/A - From RDC,,,,,,SCMS from RDC,,Efavirenz,Generic,600mg,,,,,,,,,,,,900-UG-T30,SO-42590,DN-2849,PMO - US,From RDC,N/A - From RDC,Air,6/6/2012,30-Oct-12,30-Oct-12,30-Oct-12,ARV,Adult,"Efavirenz 600mg, tablets, 30 Tabs",Tablet,30.0,60000.0,234600.0,3.91,0.13,Hetero Unit III Hyderabad IN,Yes,5000,24889,328.91,FPQ-10048
5033,,Pre-PQ Process,,,South Africa,,,,,,Date Not Captured,,,,,,S. BUYS WHOLESALER,,Nevirapine,Generic,200mg,,,,,,,,,,,,116-ZA-T01,SCMS-40780,ASN-3607,PMO - US,Direct Drop,DDP,Air,Pre-PQ Process,17-Mar-09,28-Nov-08,28-Nov-08,ARV,Adult,"Nevirapine 200mg, tablets, 60 Tabs",Tablet,60.0,983.0,4875.68,4.96,0.08,"Aurobindo Unit III, India",No,Weight Captured Separately,Freight Included in Commodity Cost,9.56,
11420,,,,,Côte d'Ivoire,,,,,,N/A - From RDC,,,,,,SCMS from RDC,,Saquinavir,Invirase,200mg,,,,,,,,,,,,104-CI-T01,SO-522,DN-240,PMO - US,From RDC,N/A - From RDC,,Pre-PQ Process,16-Jul-07,16-Jul-07,16-Jul-07,ARV,Adult,"Saquinavir 200mg [Invirase], capsules, 270 Caps",Capsule,270.0,575.0,45218.0,78.64,0.29,Roche Basel,No,See DN-240 (ID#:10847),See DN-240 (ID#:10847),72.35,Pre-PQ Process
11408,107-RW-T01,Pre-PQ Process,SO-827,DN-277,Rwanda,PMO - US,From RDC,N/A - From RDC,Air,Pre-PQ Process,N/A - From RDC,6-Aug-07,6-Aug-07,6-Aug-07,HRDT,HIV test,SCMS from RDC,"HIV 1/2, Determine Complete HIV Kit, 100 Tests","HIV 1/2, Determine Complete HIV Kit",Determine,,Test kit,100.0,850.0,68000.0,80.0,0.8,ABBVIE GmbH & Co.KG Wiesbaden,Yes,195,4613.67,108.8,,,,,,,,,,,,,,,,,,,,,,,,,,
82978,106-HT-T30,FPQ-7653,SO-39730,DN-2346,Haiti,PMO - US,From RDC,N/A - From RDC,Air,5/11/11,N/A - From RDC,5-Dec-11,1-Oct-11,1-Oct-11,ARV,Adult,SCMS from RDC,"Nevirapine 200mg, tablets, 60 Tabs",Nevirapine,Generic,200mg,Tablet,60.0,15000.0,37650.0,2.51,0.04,Hetero Unit III Hyderabad IN,Yes,877,9178.48,62.12,,,,,,,,,,,,,,,,,,,,,,,,,,
11351,111-MZ-T01,Pre-PQ Process,SO-32560,DN-1395,Mozambique,PMO - US,From RDC,N/A - From RDC,Truck,Date Not Captured,N/A - From RDC,7-Oct-09,7-Oct-09,7-Oct-09,ARV,Adult,SCMS from RDC,"Efavirenz 600mg, tablets, 30 Tabs",Efavirenz,Generic,600mg,Tablet,30.0,8662.0,84194.64,9.72,0.32,Mylan (formerly Matrix) Nashik,No,See DN-1395 (ID#:11350),See DN-1395 (ID#:11350),165.02,,,,,,,,,,,,,,,,,,,,,,,,,,
82322,117-ET-T30,FPQ-5668,SO-36810,DN-1844,Ethiopia,PMO - US,From RDC,N/A - From RDC,Air,5/7/10,N/A - From RDC,1-Jun-10,31-May-10,31-May-10,ARV,Adult,SCMS from RDC,"Nevirapine 200mg, tablets, 60 Tabs",Nevirapine,Generic,200mg,Tablet,60.0,11000.0,29260.0,2.66,0.04,"Aurobindo Unit III, India",Yes,1070,6153.8,63.08,,,,,,,,,,,,,,,,,,,,,,,,,,
66782,100-GN-T30,FPQ-4855,SCMS-63890,ASN-6143,Guinea,PMO - US,Direct Drop,EXW,Air,1/20/10,1/22/10,23-Mar-10,23-Mar-10,23-Mar-10,HRDT,HIV test,"Orgenics, Ltd","HIV 1/2, Determine Complete HIV Kit, 100 Tests","HIV 1/2, Determine Complete HIV Kit",Determine,,Test kit,100.0,50.0,3600.0,72.0,0.72,Inverness Japan,Yes,32,1804.2,7.76,,,,,,,,,,,,,,,,,,,,,,,,,,
50078,116-ZA-T30,FPQ-4770,SCMS-60170,ASN-5933,South Africa,PMO - US,Direct Drop,DDP,Truck,12/17/09,12/23/09,29-Dec-09,29-Dec-09,29-Dec-09,ARV,Adult,S. BUYS WHOLESALER,"Didanosine EC 400mg [Videx EC], delayed-release capsules, Blister 3 x 10 Caps",Didanosine EC,Videx EC,400mg,Delayed-release capsules - blister,30.0,30.0,846.07,28.2,0.94,"BMS Meymac, France",No,Weight Captured Separately,Freight Included in Commodity Cost,1.82,,,,,,,,,,,,,,,,,,,,,,,,,,
11739,,,,,Zimbabwe,,,,,,N/A - From RDC,,,,,,SCMS from RDC,,Lamivudine/Stavudine,Generic,150/30mg,,,,,,,,,,,,100-ZW-T01,SO-720,DN-269,PMO - US,From RDC,N/A - From RDC,Truck,Pre-PQ Process,17-Aug-07,17-Aug-07,17-Aug-07,ARV,Adult,"Lamivudine/Stavudine 150/30mg, tablets, 30 Tabs",Tablet - FDC,30.0,1600.0,3200.0,2.0,0.07,"Cipla, Goa, India",No,See DN-269 (ID#:11738),See DN-269 (ID#:11738),5.12,Pre-PQ Process
63561,,,,,Zimbabwe,,,,,,1/16/2015,,,,,,ABBVIE LOGISTICS (FORMERLY ABBOTT LOGISTICS BV),,Lopinavir/Ritonavir,Kaletra,80/20mg/ml,,,,,,,,,,,,103-ZW-T30,SCMS-272350,ASN-32051,PMO - US,Direct Drop,FCA,Air,1/6/2015,21-May-15,21-May-15,21-May-15,ARV,Pediatric,"Lopinavir/Ritonavir 80/20mg/ml [Kaletra], oral solution, cool, Bottle 5 x 60 ml",Oral solution,300.0,6914.0,213089.48,30.82,0.1,ABBVIE (Abbott) Logis. UK,Yes,6090,41141.5,250.81,FPQ-15625
58713,116-ZA-T30,FPQ-14942,SCMS-259078,ASN-33472,South Africa,PMO - US,Direct Drop,DDP,Truck,9/11/14,10/9/14,24-Jul-15,24-Jul-15,24-Jul-15,ARV,Adult,PHARMACY DIRECT,"Etravirine 100mg [Intelence], tablets, 120 Tabs",Etravirine,Intelence,100mg,Tablet,120.0,4.0,110.05,27.51,0.23,"Janssen-Cilag, Latina, IT",No,Weight Captured Separately,Freight Included in Commodity Cost,0.11,,,,,,,,,,,,,,,,,,,,,,,,,,
11968,,Pre-PQ Process,,,Haiti,,,,,,N/A - From RDC,,,,,,SCMS from RDC,,Lamivudine,Generic,10mg/ml,,,,,,,,,,,,106-HT-T01,SO-24840,DN-1221,PMO - US,From RDC,N/A - From RDC,Air,Pre-PQ Process,22-May-09,22-May-09,22-May-09,ARV,Pediatric,"Lamivudine 10mg/ml, oral solution, Bottle, 240 ml",Oral solution,240.0,2345.0,4455.5,1.9,0.01,"Aurobindo Unit III, India",No,See DN-1221 (ID#:11636),See DN-1221 (ID#:11636),8.73,
62594,,,,,South Africa,,,,,,7/21/2009,,,,,,S. BUYS WHOLESALER,,Efavirenz,Generic,600mg,,,,,,,,,,,,116-ZA-T30,SCMS-49631,ASN-5443,PMO - US,Direct Drop,DDP,Truck,5/7/2009,14-Sep-09,14-Sep-09,14-Sep-09,ARV,Adult,"Efavirenz 600mg, tablets, 30 Tabs",Tablet,30.0,1.0,19.05,19.05,0.64,"Cipla, Goa, India",Yes,Weight Captured Separately,Freight Included in Commodity Cost,0.04,FPQ-3560
82272,,,,,Nigeria,,,,,,N/A - From RDC,,,,,,SCMS from RDC,,Nevirapine,Generic,200mg,,,,,,,,,,,,154-NG-T30,SO-32260,DN-1452,PMO - US,From RDC,N/A - From RDC,Air Charter,5/26/2009,30-Oct-09,20-Oct-09,20-Oct-09,ARV,Adult,"Nevirapine 200mg, tablets, 60 Tabs",Tablet,60.0,318.0,922.2,2.9,0.05,"Aurobindo Unit III, India",Yes,105,9341.59,1.81,FPQ-3815
85831,,FPQ-8363,,,Côte d'Ivoire,,,,,,N/A - From RDC,,,,,,SCMS from RDC,,Efavirenz/Emtricitabine/Tenofovir Disoproxil Fumarate,Generic,600/200/300mg,,,,,,,,,,,,104-CI-T30,SO-40841,DN-2555,PMO - US,From RDC,N/A - From RDC,Truck,8/29/2011,30-Mar-12,24-Feb-12,24-Feb-12,ARV,Adult,"Efavirenz/Emtricitabine/Tenofovir Disoproxil Fumarate 600/200/300mg, tablets, 30 Tabs",Tablet - FDC,30.0,7140.0,119452.2,16.73,0.56,Mylan (formerly Matrix) Nashik,Yes,779,4646.14,197.1,
32959,144-BW-T30,FPQ-4167,SCMS-54200,ASN-7797,Botswana,PMO - US,Direct Drop,EXW,Air,9/9/09,9/30/09,31-Aug-10,31-Aug-10,31-Aug-10,HRDT,HIV test - Ancillary,Orasure Technologies Inc.,"#109435**HIV, OraQuick Controls Kit, 3 Vials","HIV, OraQuick Controls Kit, 3 Vials",OraQuick,,Test kit - Ancillary,3.0,10.0,250.0,25.0,8.33,"Orasure Technologies, Inc USA",Yes,6,418.94,0.49,,,,,,,,,,,,,,,,,,,,,,,,,,
83069,151-NG-T30,FPQ-9432,SO-42937,DN-2821,Nigeria,PMO - US,From RDC,N/A - From RDC,Air,3/1/12,N/A - From RDC,31-Aug-12,14-Aug-12,14-Aug-12,ARV,Adult,SCMS from RDC,"Lamivudine/Tenofovir Disoproxil Fumarate 300/300mg, tablets, 30 Tabs",Lamivudine/Tenofovir Disoproxil Fumarate,Generic,300/300mg,Tablet - FDC,30.0,25000.0,134000.0,5.36,0.18,Hetero Unit III Hyderabad IN,Yes,5897,18461.22,187.87,,,,,,,,,,,,,,,,,,,,,,,,,,
15726,107-RW-T30,FPQ-9168,SCMS-137552,ASN-15729,Rwanda,PMO - US,Direct Drop,EXW,Air,1/13/12,5/31/12,7-Aug-12,7-Aug-12,7-Aug-12,ARV,Adult,MYLAN LABORATORIES LTD (FORMERLY MATRIX LABORATORIES),"Abacavir 300mg, tablets, 60 Tabs",Abacavir,Generic,300mg,Tablet,60.0,46530.0,581159.7,12.49,0.21,Mylan (formerly Matrix) Nashik,Yes,4810,27894.81,814.79,,,,,,,,,,,,,,,,,,,,,,,,,,
84467,,FPQ-15259,,,Côte d'Ivoire,,,,,,N/A - From RDC,,,,,,SCMS from RDC,,Lamivudine/Nevirapine/Zidovudine,Generic,150/300/200mg,,,,,,,,,,,,104-CI-T30,SO-50100,DN-4255,PMO - US,From RDC,N/A - From RDC,Truck,10/24/2014,19-Jun-15,8-Jun-15,19-Jun-15,ARV,Adult,"Lamivudine/Nevirapine/Zidovudine 150/200/300mg, tablets, 60 Tabs",Tablet - FDC,60.0,1963.0,15154.36,7.72,0.13,Hetero Unit III Hyderabad IN,No,See DN-4255 (ID#:83911),See DN-4255 (ID#:83911),17.84,
83423,,FPQ-4495,,,Uganda,,,,,,N/A - From RDC,,,,,,SCMS from RDC,,Efavirenz,Generic,600mg,,,,,,,,,,,,114-UG-T30,SO-34940,DN-1801,PMO - US,From RDC,N/A - From RDC,Air,10/28/2009,3-May-10,3-May-10,3-May-10,ARV,Adult,"Efavirenz 600mg, tablets, 30 Tabs",Tablet,30.0,2579.0,12250.25,4.75,0.16,"Aurobindo Unit III, India",Yes,358,2485.92,26.41,
85309,102-ZW-T30,FPQ-9927,SO-42282,DN-2867,Zimbabwe,PMO - US,From RDC,N/A - From RDC,Truck,5/15/12,N/A - From RDC,5-Oct-12,5-Oct-12,5-Oct-12,ARV,Adult,SCMS from RDC,"Nevirapine 200mg, tablets, 60 Tabs",Nevirapine,Generic,200mg,Tablet,60.0,69737.0,168763.54,2.42,0.04,Hetero Unit III Hyderabad IN,Yes,4028,8751.99,236.61,,,,,,,,,,,,,,,,,,,,,,,,,,
4023,102-GY-T01,Pre-PQ Process,SCMS-767,ASN-607,Guyana,PMO - US,Direct Drop,EXW,Air,Pre-PQ Process,7/25/07,9-Aug-07,9-Aug-07,9-Aug-07,HRDT,HIV test - Ancillary,"Orgenics, Ltd","HIV, Lancet, Safety, for HIV Test kits, 100 Pcs","HIV, Lancet, Safety, for HIV Test kits, 100 Pcs",Generic,,Test kit - Ancillary,100.0,300.0,3.0,0.01,0.0,Inverness Japan,Yes,Weight Captured Separately,Invoiced Separately,0.0,,,,,,,,,,,,,,,,,,,,,,,,,,
12850,,,,,Côte d'Ivoire,,,,,,N/A - From RDC,,,,,,SCMS from RDC,,Nevirapine,Generic,200mg,,,,,,,,,,,,104-CI-T01,SO-21880,DN-1152,PMO - US,From RDC,N/A - From RDC,Air,Pre-PQ Process,30-Apr-09,30-Apr-09,30-Apr-09,ARV,Adult,"Nevirapine 200mg, tablets, 60 Tabs",Tablet,60.0,9599.0,28797.0,3.0,0.05,"Aurobindo Unit III, India",No,See DN-1152 (ID#:11010),See DN-1152 (ID#:11010),56.44,Pre-PQ Process
2647,104-CI-T01,Pre-PQ Process,SCMS-28,ASN-16,Côte d'Ivoire,PMO - US,Direct Drop,EXW,Air,Pre-PQ Process,Date Not Captured,6-Sep-06,6-Sep-06,6-Sep-06,HRDT,HIV test,BIO-RAD LABORATORIES (FRANCE),"#108853** HIV, Genie II HIV-1/HIV-2 Kit, 40 Tests","HIV, Genie II HIV-1/HIV-2 Kit",Genie,,Test kit,40.0,100.0,7535.0,75.35,1.88,Bio-Rad Laboratories,Yes,107,1845.74,,,,,,,,,,,,,,,,,,,,,,,,,,,
12280,106-HT-T01,Pre-PQ Process,SO-24840,DN-1221,Haiti,PMO - US,From RDC,N/A - From RDC,Air,Pre-PQ Process,N/A - From RDC,22-May-09,22-May-09,22-May-09,ARV,Adult,SCMS from RDC,"Efavirenz 600mg, tablets, 30 Tabs",Efavirenz,Generic,600mg,Tablet,30.0,10065.0,97831.8,9.72,0.32,"Aurobindo Unit III, India",No,See DN-1221 (ID#:11636),See DN-1221 (ID#:11636),191.75,,,,,,,,,,,,,,,,,,,,,,,,,,
85876,114-UG-T30,FPQ-9355,SO-41591,DN-2740,Uganda,PMO - US,From RDC,N/A - From RDC,Truck,2/20/12,N/A - From RDC,5-Sep-12,30-Jul-12,30-Jul-12,ARV,Adult,SCMS from RDC,"Lamivudine/Nevirapine/Zidovudine 150/200/300mg, tablets, 60 Tabs",Lamivudine/Nevirapine/Zidovudine,Generic,150/300/200mg,Tablet - FDC,60.0,4879.0,47862.99,9.81,0.16,Mylan (formerly Matrix) Nashik,Yes,637,5081.05,67.1,,,,,,,,,,,,,,,,,,,,,,,,,,
14309,,,,,Vietnam,,,,,,8/14/2012,,,,,,ABBVIE LOGISTICS (FORMERLY ABBOTT LOGISTICS BV),,Lopinavir/Ritonavir,Aluvia,200/50mg,,,,,,,,,,,,108-VN-T30,SCMS-155700,ASN-17018,PMO - US,Direct Drop,FCA,Air,7/25/2012,15-Jan-13,15-Jan-13,15-Jan-13,ARV,Adult,"Lopinavir/Ritonavir 200/50mg [Aluvia], tablets, 120 Tabs",Tablet,120.0,3812.0,231845.84,60.82,0.51,ABBVIE Ludwigshafen Germany,Yes,824,3216.15,325.05,FPQ-10286
86275,,FPQ-4711,,,Mozambique,,,,,,N/A - From RDC,,,,,,SCMS from RDC,,Lamivudine/Stavudine,Generic,150/30mg,,,,,,,,,,,,111-MZ-T30,SO-35720,DN-1679,PMO - US,From RDC,N/A - From RDC,Truck,12/23/2009,28-Apr-10,28-Apr-10,28-Apr-10,ARV,Adult,"Lamivudine/Stavudine 150/30mg, tablets, 60 Tabs",Tablet - FDC,60.0,24880.0,84592.0,3.4,0.06,"Strides, Bangalore, India.",Yes,1401,4764.16,182.38,
16084,,FPQ-14942,,,South Africa,,,,,,3/9/2015,,,,,,PHARMACY DIRECT,,Didanosine,Generic,250mg,,,,,,,,,,,,116-ZA-T30,SCMS-259074,ASN-31070,PMO - US,Direct Drop,DDP,Truck,9/11/2014,9-Mar-15,9-Mar-15,9-Mar-15,ARV,Adult,"Didanosine 250mg, delayed-release capsules, 30 Caps",Delayed-release capsules,30.0,1.0,11.02,11.02,0.37,"Aurobindo Unit III, India",No,Weight Captured Separately,Freight Included in Commodity Cost,0.01,
84034,151-NG-T30,FPQ-5023,SO-37080,DN-1990,Nigeria,PMO - US,From RDC,N/A - From RDC,Air Charter,2/10/10,N/A - From RDC,12-Aug-10,17-Aug-10,17-Aug-10,ARV,Adult,SCMS from RDC,"Nevirapine 200mg, tablets, 60 Tabs",Nevirapine,Generic,200mg,Tablet,60.0,13104.0,35773.92,2.73,0.05,"Aurobindo Unit III, India",Yes,1448,6147.18,77.13,,,,,,,,,,,,,,,,,,,,,,,,,,
12869,113-ZW-T01,Pre-PQ Process,SO-13980,DN-972,Zimbabwe,PMO - US,From RDC,N/A - From RDC,Truck,Pre-PQ Process,N/A - From RDC,31-Oct-08,31-Oct-08,31-Oct-08,ARV,Adult,SCMS from RDC,"Lamivudine/Stavudine 150/30mg, tablets, 30 Tabs",Lamivudine/Stavudine,Generic,150/30mg,Tablet - FDC,30.0,8000.0,16000.0,2.0,0.07,"Cipla, Goa, India",Yes,483,2947.59,31.36,,,,,,,,,,,,,,,,,,,,,,,,,,
41184,161-ZA-T30,FPQ-5648,SCMS-75510,ASN-8495,South Africa,PMO - US,Direct Drop,DDP,Air,6/2/10,6/17/10,25-Nov-10,8-Dec-10,8-Dec-10,ARV,Adult,Aurobindo Pharma Limited,"Tenofovir Disoproxil Fumarate 300mg, tablets, 30 Tabs",Tenofovir Disoproxil Fumarate,Generic,300mg,Tablet,30.0,59681.0,412395.71,6.91,0.23,"Aurobindo Unit III, India",Yes,5200,5953.37,889.13,,,,,,,,,,,,,,,,,,,,,,,,,,
83584,,FPQ-8476,,,Zambia,,,,,,N/A - From RDC,,,,,,SCMS from RDC,,Lamivudine/Zidovudine,Generic,150/300mg,,,,,,,,,,,,110-ZM-T30,SO-40955,DN-2624,PMO - US,From RDC,N/A - From RDC,Truck,9/27/2011,15-May-12,30-Apr-12,30-Apr-12,ARV,Adult,"Lamivudine/Zidovudine 150/300mg, tablets, 60 Tabs",Tablet - FDC,60.0,152458.0,1219664.0,8.0,0.13,Mylan (formerly Matrix) Nashik,Yes,28103,36650.58,2012.45,
11402,,,,,Rwanda,,,,,,N/A - From RDC,,,,,,SCMS from RDC,,"HIV 1/2, Capillus HIV Kit",Capillus,,,,,,,,,,,,,107-RW-T01,SO-240,DN-150,PMO - US,From RDC,N/A - From RDC,Air,Pre-PQ Process,22-May-07,22-May-07,22-May-07,HRDT,HIV test,"HIV 1/2, Capillus HIV Kit, 100 Tests",Test kit,100.0,60.0,8340.0,139.0,1.39,"Trinity Biotech, Plc",No,See DN-150 (ID#:11401),See DN-150 (ID#:11401),,Pre-PQ Process
85081,,FPQ-4105,,,Nigeria,,,,,,N/A - From RDC,,,,,,SCMS from RDC,,Lamivudine/Nevirapine/Zidovudine,Generic,150/300/200mg,,,,,,,,,,,,151-NG-T30,SO-33145,DN-1614,PMO - US,From RDC,N/A - From RDC,Air,8/13/2009,29-Jan-10,22-Jan-10,22-Jan-10,ARV,Adult,"Lamivudine/Nevirapine/Zidovudine 150/200/300mg, tablets, 60 Tabs",Tablet - FDC,60.0,40080.0,454908.0,11.35,0.19,"Aurobindo Unit III, India",Yes,4498,19480.97,891.62,
85707,104-CI-T30,FPQ-5925,SO-37142,DN-2013,Côte d'Ivoire,PMO - US,From RDC,N/A - From RDC,Truck,6/23/10,N/A - From RDC,30-Sep-10,25-Sep-10,25-Sep-10,ARV,Adult,SCMS from RDC,"Lamivudine/Stavudine 150/30mg, tablets, 60 Tabs",Lamivudine/Stavudine,Generic,150/30mg,Tablet - FDC,60.0,2376.0,7793.28,3.28,0.05,Mylan (formerly Matrix) Nashik,Yes,189,8953.21,16.8,,,,,,,,,,,,,,,,,,,,,,,,,,
82696,151-NG-T30,FPQ-13293,SO-47273,DN-3801,Nigeria,PMO - US,From RDC,N/A - From RDC,Air Charter,11/19/13,N/A - From RDC,31-Jul-14,20-Jun-14,25-Jun-14,ARV,Adult,SCMS from RDC,"Lamivudine/Nevirapine/Zidovudine 150/200/300mg, tablets, 60 Tabs",Lamivudine/Nevirapine/Zidovudine,Generic,150/300/200mg,Tablet - FDC,60.0,97000.0,786670.0,8.11,0.14,Mylan (formerly Matrix) Nashik,Yes,12823,28812.57,808.7,,,,,,,,,,,,,,,,,,,,,,,,,,
85356,,FPQ-11489,,,South Sudan,,,,,,N/A - From RDC,,,,,,SCMS from RDC,,Efavirenz/Lamivudine/Tenofovir Disoproxil Fumarate,Generic,600/300/300mg,,,,,,,,,,,,103-SS-T30,SO-44630,DN-3125,PMO - US,From RDC,N/A - From RDC,Air,1/16/2013,30-Apr-13,24-Apr-13,24-Apr-13,ARV,Adult,"Efavirenz/Lamivudine/Tenofovir Disoproxil Fumarate 600/300/300mg, tablets, 30 Tabs",Tablet - FDC,30.0,1278.0,13444.56,10.52,0.35,Hetero Unit III Hyderabad IN,No,See DN-3125 (ID#:82571),See DN-3125 (ID#:82571),16.63,
26985,,FPQ-10811,,,Vietnam,,,,,,11/7/2012,,,,,,STRIDES ARCOLAB LIMITED,,Lamivudine/Nevirapine/Zidovudine,Generic,30/50/60mg,,,,,,,,,,,,108-VN-T30,SCMS-164660,ASN-18971,PMO - US,Direct Drop,EXW,Air,10/15/2012,16-May-13,16-May-13,16-May-13,ARV,Pediatric,"Lamivudine/Nevirapine/Zidovudine 30/50/60mg, dispersible tablets, 60 Tabs",Chewable/dispersible tablet - FDC,60.0,3881.0,15524.0,4.0,0.07,"Strides, Bangalore, India.",No,See ASN-18971 (ID#:16186),See ASN-18971 (ID#:16186),19.2,
83675,114-UG-T30,FPQ-11143,SO-43962,DN-3123,Uganda,PMO - US,From RDC,N/A - From RDC,Air,12/13/12,N/A - From RDC,30-Apr-13,9-May-13,9-May-13,ARV,Adult,SCMS from RDC,"Efavirenz/Lamivudine/Tenofovir Disoproxil Fumarate 600/300/300mg, tablets, 30 Tabs",Efavirenz/Lamivudine/Tenofovir Disoproxil Fumarate,Generic,600/300/300mg,Tablet - FDC,30.0,52127.0,548376.04,10.52,0.35,Hetero Unit III Hyderabad IN,Yes,6874,16177.09,678.34,,,,,,,,,,,,,,,,,,,,,,,,,,
83581,,,,,Mozambique,,,,,,N/A - From RDC,,,,,,SCMS from RDC,,Lamivudine/Nevirapine/Zidovudine,Generic,150/300/200mg,,,,,,,,,,,,111-MZ-T30,SO-40390,DN-2616,PMO - US,From RDC,N/A - From RDC,Truck,8/4/2011,7-May-12,10-May-12,10-May-12,ARV,Adult,"Lamivudine/Nevirapine/Zidovudine 150/200/300mg, tablets, 60 Tabs",Tablet - FDC,60.0,100000.0,1122000.0,11.22,0.19,"Cipla, Goa, India",No,See DN-2616 (ID#:83024),See DN-2616 (ID#:83024),1851.3,FPQ-8157
64438,,FPQ-13976,,,Vietnam,,,,,,4/30/2014,,,,,,ABBVIE LOGISTICS (FORMERLY ABBOTT LOGISTICS BV),,Lopinavir/Ritonavir,Aluvia,200/50mg,,,,,,,,,,,,108-VN-T30,SCMS-236090,ASN-28220,PMO - US,Direct Drop,FCA,Air,4/8/2014,29-Oct-14,29-Oct-14,4-Nov-14,ARV,Adult,"Lopinavir/Ritonavir 200/50mg [Aluvia], tablets, 120 Tabs",Tablet,120.0,7000.0,425740.0,60.82,0.51,ABBVIE Ludwigshafen Germany,Yes,1714,4881.42,437.66,
85972,,,,,Tanzania,,,,,,N/A - From RDC,,,,,,SCMS from RDC,,Nevirapine,Generic,10mg/ml,,,,,,,,,,,,109-TZ-T30,SO-43140,DN-3185,PMO - US,From RDC,N/A - From RDC,Truck,8/31/2012,28-Jun-13,23-May-13,23-May-13,ARV,Pediatric,"Nevirapine 10mg/ml, oral suspension w/syringe, Bottle, 240 ml",Oral suspension,240.0,24977.0,48705.15,1.95,0.01,"Aurobindo Unit III, India",Yes,9174,7185.6,68.28,FPQ-10551
16784,108-VN-T30,FPQ-11417,SCMS-174390,ASN-18903,Vietnam,PMO - US,Direct Drop,EXW,Air,1/10/13,1/22/13,25-Apr-13,25-Apr-13,25-Apr-13,ARV,Adult,HETERO LABS LIMITED,"Tenofovir Disoproxil Fumarate 300mg, tablets, 30 Tabs",Tenofovir Disoproxil Fumarate,Generic,300mg,Tablet,30.0,34640.0,122972.0,3.55,0.12,Hetero Unit III Hyderabad IN,Yes,2804,9759.55,152.12,,,,,,,,,,,,,,,,,,,,,,,,,,
84033,,,,,Dominican Republic,,,,,,N/A - From RDC,,,,,,SCMS from RDC,,Lamivudine/Nevirapine/Zidovudine,Generic,150/300/200mg,,,,,,,,,,,,100-DO-T30,SO-37200,DN-1985,PMO - US,From RDC,N/A - From RDC,Air,7/16/2010,30-Aug-10,28-Aug-10,28-Aug-10,ARV,Adult,"Lamivudine/Nevirapine/Zidovudine 150/200/300mg, tablets, 60 Tabs",Tablet - FDC,60.0,9000.0,100980.0,11.22,0.19,"Aurobindo Unit III, India",No,See DN-1985 (ID#:82911),See DN-1985 (ID#:82911),217.71,FPQ-6079
10957,110-ZM-T01,Pre-PQ Process,SO-1993,DN-677,Zambia,PMO - US,From RDC,N/A - From RDC,Air,Pre-PQ Process,N/A - From RDC,28-Mar-08,28-Mar-08,28-Mar-08,ARV,Adult,SCMS from RDC,"Efavirenz 600mg, tablets, 30 Tabs",Efavirenz,Generic,600mg,Tablet,30.0,4332.0,53803.44,12.42,0.41,Mylan (formerly Matrix) Nashik,Yes,338,1890.76,86.09,,,,,,,,,,,,,,,,,,,,,,,,,,
14200,,FPQ-13214,,,South Africa,,,,,,12/2/2013,,,,,,S. BUYS WHOLESALER,,Lamivudine/Zidovudine,Generic,150/300mg,,,,,,,,,,,,116-ZA-T30,SCMS-215410,ASN-23875,PMO - US,Direct Drop,DDP,Truck,11/14/2013,13-Jan-14,13-Jan-14,13-Jan-14,ARV,Adult,"Lamivudine/Zidovudine 150/300mg, tablets, 60 Tabs",Tablet - FDC,60.0,59.0,1653.14,28.02,0.47,"Cipla, Goa, India",Yes,Weight Captured Separately,Freight Included in Commodity Cost,1.7,
86212,,,,,Côte d'Ivoire,,,,,,N/A - From RDC,,,,,,SCMS from RDC,,Efavirenz,Generic,600mg,,,,,,,,,,,,104-CI-T30,SO-50103,DN-4326,PMO - US,From RDC,N/A - From RDC,Truck,10/24/2014,14-Aug-15,20-Aug-15,25-Aug-15,ARV,Adult,"Efavirenz 600mg, tablets, 30 Tabs",Tablet,30.0,9800.0,31262.0,3.19,0.11,"Strides, Bangalore, India.",Yes,622,4958,36.8,FPQ-15259
11205,,,,,Côte d'Ivoire,,,,,,N/A - From RDC,,,,,,SCMS from RDC,,Lopinavir/Ritonavir,Aluvia,200/50mg,,,,,,,,,,,,104-CI-T01,SO-1298,DN-451,PMO - US,From RDC,N/A - From RDC,Air,Pre-PQ Process,17-Jan-08,17-Jan-08,17-Jan-08,ARV,Adult,"Lopinavir/Ritonavir 200/50mg [Aluvia], tablets, 120 Tabs",Tablet,120.0,993.0,40812.3,41.1,0.34,ABBVIE (Abbott) Logis. UK,Yes,217,3499.1,65.3,Pre-PQ Process
83129,,FPQ-10633,,,Côte d'Ivoire,,,,,,N/A - From RDC,,,,,,SCMS from RDC,,Lamivudine/Nevirapine/Zidovudine,Generic,150/300/200mg,,,,,,,,,,,,104-CI-T30,SO-43330,DN-3075,PMO - US,From RDC,N/A - From RDC,Truck,9/11/2012,28-Mar-13,30-Mar-13,30-Mar-13,ARV,Adult,"Lamivudine/Nevirapine/Zidovudine 150/200/300mg, tablets, 60 Tabs",Tablet - FDC,60.0,8778.0,75315.24,8.58,0.14,Hetero Unit III Hyderabad IN,Yes,22043,41802.56,105.59,
84124,,,,,Tanzania,,,,,,N/A - From RDC,,,,,,SCMS from RDC,,Efavirenz/Emtricitabine/Tenofovir Disoproxil Fumarate,Generic,600/200/300mg,,,,,,,,,,,,109-TZ-T30,SO-39750,DN-2445,PMO - US,From RDC,N/A - From RDC,Air,5/18/2011,30-Jan-12,22-Dec-11,22-Dec-11,ARV,Adult,"Efavirenz/Emtricitabine/Tenofovir Disoproxil Fumarate 600/200/300mg, tablets, 30 Tabs",Tablet - FDC,30.0,80000.0,1593600.0,19.92,0.66,Mylan (formerly Matrix) Nashik,No,Weight Captured Separately,Freight Included in Commodity Cost,2629.44,FPQ-7675
49660,,FPQ-15569,,,South Sudan,,,,,,2/20/2015,,,,,,"Trinity Biotech, Plc",,"HIV 1/2, Uni-Gold HIV Kit",Uni-Gold,,,,,,,,,,,,,105-SS-T30,SCMS-272150,ASN-31765,PMO - US,Direct Drop,EXW,Air,12/29/2014,25-Jul-15,25-Jul-15,29-Jul-15,HRDT,HIV test,"HIV 1/2, Uni-Gold HIV Kit, 20 Tests",Test kit,20.0,10.0,320.0,32.0,1.6,"Trinity Biotech, Plc",No,See ASN-31765 (ID#:41640),See ASN-31765 (ID#:41640),0.38,
85321,111-MZ-T30,FPQ-10210,SO-42832,DN-2965,Mozambique,PMO - US,From RDC,N/A - From RDC,Truck,6/28/12,N/A - From RDC,11-Jan-13,11-Jan-13,11-Jan-13,ARV,Adult,SCMS from RDC,"Lamivudine/Nevirapine/Zidovudine 150/200/300mg, tablets, 60 Tabs",Lamivudine/Nevirapine/Zidovudine,Generic,150/300/200mg,Tablet - FDC,60.0,84875.0,816497.5,9.62,0.16,"Cipla, Goa, India",Yes,18031,7433.02,1144.73,,,,,,,,,,,,,,,,,,,,,,,,,,
20975,116-ZA-T30,FPQ-12522,SCMS-199283,ASN-27975,South Africa,PMO - US,Direct Drop,DDP,Truck,7/11/13,8/27/14,27-Aug-14,27-Aug-14,27-Aug-14,ARV,Adult,S. BUYS WHOLESALER,"Tenofovir Disoproxil Fumarate 300mg, tablets, 30 Tabs",Tenofovir Disoproxil Fumarate,Generic,300mg,Tablet,30.0,1.0,22.6,22.6,0.75,"Aurobindo Unit III, India",Yes,Weight Captured Separately,Freight Included in Commodity Cost,0.03,,,,,,,,,,,,,,,,,,,,,,,,,,
11527,,,,,Zimbabwe,,,,,,N/A - From RDC,,,,,,SCMS from RDC,,Lamivudine/Nevirapine/Stavudine,Generic,150/200/30mg,,,,,,,,,,,,100-ZW-T01,SO-711,DN-604,PMO - US,From RDC,N/A - From RDC,Air,Pre-PQ Process,5-Mar-08,5-Mar-08,5-Mar-08,ARV,Adult,"Lamivudine/Nevirapine/Stavudine 150/200/30mg, tablets, 60 Tabs",Tablet - FDC,60.0,2508.0,18559.2,7.4,0.12,"Cipla, Goa, India",Yes,4303,12894.85,29.69,Pre-PQ Process
38510,,FPQ-16241,,,Haiti,,,,,,5/27/2015,,,,,,HETERO LABS LIMITED,,Lamivudine/Nevirapine/Zidovudine,Generic,150/300/200mg,,,,,,,,,,,,106-HT-T30,SCMS-288890,ASN-32682,PMO - US,Direct Drop,EXW,Ocean,5/5/2015,13-Aug-15,13-Aug-15,14-Aug-15,ARV,Adult,"Lamivudine/Nevirapine/Zidovudine 150/200/300mg, tablets, 60 Tabs",Tablet - FDC,60.0,55536.0,449841.6,8.1,0.13,"Hetero, Jadcherla, unit 5, IN",Yes,Weight Captured Separately,Invoiced Separately,529.46,
39895,,FPQ-15065,,,Rwanda,,,,,,12/18/2014,,,,,,"SHANGHAI KEHUA BIOENGINEERING CO.,LTD.  (KHB)",,"HIV 1/2, Colloidal Gold, Diagnostic Kit, Antibody",Colloidal Gold,,,,,,,,,,,,,107-RW-T30,SCMS-263330,ASN-30481,PMO - US,Direct Drop,EXW,Air,10/15/2014,18-Feb-15,18-Feb-15,19-Feb-15,HRDT,HIV test,"HIV 1/2, SKB Colloidal Gold, Diagnostic Kit, Antibody, 50 Tests",Test kit,1.0,4014.0,98343.0,24.5,24.5,"KHB Test Kit Facility, Shanghai China",Yes,2676,35281.73,101.1,
46432,,FPQ-3967,,,Côte d'Ivoire,,,,,,9/14/2009,,,,,,Aurobindo Pharma Limited,,Abacavir/Lamivudine,Generic,600/300mg,,,,,,,,,,,,104-CI-T30,SCMS-52590,ASN-5279,PMO - US,Direct Drop,EXW,Air,8/21/2009,10-Nov-09,10-Nov-09,10-Nov-09,ARV,Adult,"Abacavir/Lamivudine 600/300mg, scored tablets, 30 Tabs",Tablet - FDC,30.0,1461.0,33603.0,23.0,0.77,"Aurobindo Unit III, India",Yes,154,2986.16,65.86,
23224,161-ZA-T30,FPQ-7175,SCMS-103510,ASN-11886,South Africa,PMO - US,Direct Drop,DDP,Ocean,3/10/11,3/24/11,10-Oct-11,10-Oct-11,10-Oct-11,ARV,Adult,Aurobindo Pharma Limited,"Efavirenz 600mg, tablets, 30 Tabs",Efavirenz,Generic,600mg,Tablet,30.0,110291.0,497412.41,4.51,0.15,"Aurobindo Unit III, India",Yes,9375,9951.38,820.73,,,,,,,,,,,,,,,,,,,,,,,,,,
71487,,FPQ-8117,,,Nigeria,,,,,,8/15/2011,,,,,,"Orgenics, Ltd",,"HIV 1/2, Determine Complete HIV Kit",Determine,,,,,,,,,,,,,133-NG-T30,SCMS-118190,ASN-12879,PMO - US,Direct Drop,EXW,Air,7/28/2011,19-Dec-11,9-Dec-11,9-Dec-11,HRDT,HIV test,"HIV 1/2, Determine Complete HIV Kit, 100 Tests",Test kit,100.0,2419.0,215291.0,89.0,0.89,"Alere Medical Co., Ltd.",Yes,933,27136.6,355.23,
55180,114-UG-T30,FPQ-5276,SCMS-68290,ASN-6736,Uganda,PMO - US,Direct Drop,FCA,Air,3/12/10,3/18/10,4-May-10,4-May-10,4-May-10,ARV,Adult,ABBVIE LOGISTICS (FORMERLY ABBOTT LOGISTICS BV),"Lopinavir/Ritonavir 200/50mg [Aluvia], tablets, 120 Tabs",Lopinavir/Ritonavir,Aluvia,200/50mg,Tablet,120.0,100.0,3616.0,36.16,0.3,ABBVIE Ludwigshafen Germany,Yes,36,1084.27,7.8,,,,,,,,,,,,,,,,,,,,,,,,,,
24604,,,,,Haiti,,,,,,12/24/2014,,,,,,ABBVIE LOGISTICS (FORMERLY ABBOTT LOGISTICS BV),,Lopinavir/Ritonavir,Kaletra,80/20mg/ml,,,,,,,,,,,,106-HT-T30,SCMS-262900,ASN-31866,PMO - US,Direct Drop,FCA,Air,10/22/2014,5-Jun-15,5-Jun-15,8-Jun-15,ARV,Pediatric,"Lopinavir/Ritonavir 80/20mg/ml [Kaletra], oral solution, cool, Bottle 5 x 60 ml",Oral solution,300.0,420.0,12944.4,30.82,0.1,ABBVIE (Abbott) Logis. UK,Yes,494,2737.95,13.31,FPQ-15038
11883,,Pre-PQ Process,,,Tanzania,,,,,,N/A - From RDC,,,,,,SCMS from RDC,,Didanosine,Generic,100mg,,,,,,,,,,,,109-TZ-T01,SO-1943,DN-664,PMO - US,From RDC,N/A - From RDC,Air,Pre-PQ Process,23-Apr-08,23-Apr-08,23-Apr-08,ARV,Pediatric,"Didanosine 100mg, chewable/dispersible tablets, 60 Tabs",Chewable/dispersible tablet,60.0,11640.0,90210.0,7.75,0.13,"Aurobindo Unit III, India",Yes,2427,8381.22,144.34,
65238,,,,,Ethiopia,,,,,,6/23/2014,,,,,,"SHANGHAI KEHUA BIOENGINEERING CO.,LTD.  (KHB)",,"HIV 1/2, Colloidal Gold, Diagnostic Kit, Antibody",Colloidal Gold,,,,,,,,,,,,,117-ET-T30,SCMS-244860,ASN-27173,PMO - US,Direct Drop,EXW,Air,6/3/2014,29-Jul-14,29-Jul-14,6-Aug-14,HRDT,HIV test,"HIV 1/2, SKB Colloidal Gold, Diagnostic Kit, Antibody, 50 Tests",Test kit,1.0,7527.0,184411.5,24.5,24.5,"KHB Test Kit Facility, Shanghai China",Yes,5020,78813.53,189.58,FPQ-14357
82105,,FPQ-10267,,,Vietnam,,,,,,7/12/2012,,,,,,HETERO LABS LIMITED,,Nevirapine,Generic,200mg,,,,,,,,,,,,108-VN-T30,SCMS-153080,ASN-16141,PMO - US,Direct Drop,EXW,Air,7/10/2012,8-Oct-12,8-Oct-12,8-Oct-12,ARV,Adult,"Nevirapine 200mg, tablets, 60 Tabs",Tablet,60.0,8586.0,20005.38,2.33,0.04,Hetero Unit III Hyderabad IN,Yes,544,1454.64,28.05,
51775,,,,,Vietnam,,,,,,10/10/2013,,,,,,ABBVIE LOGISTICS (FORMERLY ABBOTT LOGISTICS BV),,Lopinavir/Ritonavir,Aluvia,200/50mg,,,,,,,,,,,,108-VN-T30,SCMS-210040,ASN-24696,PMO - US,Direct Drop,FCA,Air,10/4/2013,7-Apr-14,7-Apr-14,7-Apr-14,ARV,Adult,"Lopinavir/Ritonavir 200/50mg [Aluvia], tablets, 120 Tabs",Tablet,120.0,7031.0,427625.42,60.82,0.51,ABBVIE Ludwigshafen Germany,Yes,1720,5324.08,528.97,FPQ-13034
73348,103-ZW-T30,FPQ-15021,SCMS-261410,ASN-30816,Zimbabwe,PMO - US,Direct Drop,FCA,Air,10/15/14,10/30/14,28-Feb-15,28-Feb-15,28-Feb-15,ARV,Pediatric,ABBVIE LOGISTICS (FORMERLY ABBOTT LOGISTICS BV),"Lopinavir/Ritonavir 80/20mg/ml [Kaletra], oral solution, cool, Bottle 5 x 60 ml",Lopinavir/Ritonavir,Kaletra,80/20mg/ml,Oral solution,300.0,5362.0,165256.84,30.82,0.1,ABBVIE (Abbott) Logis. UK,Yes,5060,44952.61,169.88,,,,,,,,,,,,,,,,,,,,,,,,,,
17200,,,,,Haiti,,,,,,7/22/2013,,,,,,MYLAN LABORATORIES LTD (FORMERLY MATRIX LABORATORIES),,Atazanavir/Ritonavir,Generic,300/100mg,,,,,,,,,,,,106-HT-T30,SCMS-198140,ASN-21069,PMO - US,Direct Drop,EXW,Air,6/25/2013,30-Aug-13,30-Aug-13,30-Aug-13,ARV,Adult,"Atazanavir/Ritonavir 300/100mg, tablets, 30 Tabs",Tablet,30.0,5000.0,100000.0,20.0,0.67,Mylan (formerly Matrix) Nashik,Yes,670,4909.72,123.7,FPQ-12538
64238,,,,,Haiti,,,,,,3/11/2013,,,,,,Aurobindo Pharma Limited,,Stavudine,Generic,1mg/ml,,,,,,,,,,,,106-HT-T30,SCMS-177180,ASN-18919,PMO - US,Direct Drop,EXW,Ocean,1/30/2013,7-Aug-13,7-Aug-13,7-Aug-13,ARV,Pediatric,"Stavudine 1mg/ml, powder for oral solution w/syringe, 200 ml",Powder for oral solution,200.0,300.0,375.0,1.25,0.01,"Aurobindo Unit III, India",No,See ASN-18919 (ID#:14578),See ASN-18919 (ID#:14578),0.46,FPQ-11442
14970,,,,,Haiti,,,,,,5/25/2010,,,,,,BRISTOL-MYERS SQUIBB,,Didanosine,Videx,2g,,,,,,,,,,,,106-HT-T30,SCMS-74010,ASN-7683,PMO - US,Direct Drop,CIP,Air,5/4/2010,5-Aug-10,5-Aug-10,5-Aug-10,ARV,Pediatric,"Didanosine 2g [Videx], powder for oral solution 10mg/ml, reconstitute to 200 ml",Powder for oral solution,200.0,192.0,2417.28,12.59,0.06,"BMS Meymac, France",Yes,Weight Captured Separately,Freight Included in Commodity Cost,5.21,FPQ-5526
10880,,,,,Ethiopia,,,,,,N/A - From RDC,,,,,,SCMS from RDC,,Stavudine,Generic,30mg,,,,,,,,,,,,117-ET-T01,SO-914,DN-332,PMO - US,From RDC,N/A - From RDC,,Pre-PQ Process,4-Sep-07,4-Sep-07,4-Sep-07,ARV,Adult,"Stavudine 30mg, capsules, 60 Caps",Capsule,60.0,14700.0,22344.0,1.52,0.03,"Aurobindo Unit III, India",No,See DN-332 (ID#:10613),See DN-332 (ID#:10613),35.75,Pre-PQ Process
61694,116-ZA-T30,FPQ-13973,SCMS-238551,ASN-26882,South Africa,PMO - US,Direct Drop,DDP,Truck,4/30/14,6/25/14,25-Jun-14,25-Jun-14,25-Jun-14,ARV,Pediatric,PHARMACY DIRECT,"Lamivudine 10mg/ml, oral solution, Bottle, 240 ml",Lamivudine,Generic,10mg/ml,Oral solution,240.0,6.0,42.91,7.15,0.03,"Aurobindo Unit III, India",No,Weight Captured Separately,Freight Included in Commodity Cost,0.04,,,,,,,,,,,,,,,,,,,,,,,,,,
86584,,,,,Mozambique,,,,,,N/A - From RDC,,,,,,SCMS from RDC,,Efavirenz/Lamivudine/Tenofovir Disoproxil Fumarate,Generic,600/300/300mg,,,,,,,,,,,,111-MZ-T30,SO-43774,DN-3230,PMO - US,From RDC,N/A - From RDC,Truck,11/12/2012,1-Aug-13,1-Aug-13,1-Aug-13,ARV,Adult,"Efavirenz/Lamivudine/Tenofovir Disoproxil Fumarate 600/300/300mg, tablets, 30 Tabs",Tablet - FDC,30.0,50000.0,526000.0,10.52,0.35,Hetero Unit III Hyderabad IN,Yes,Weight Captured Separately,Invoiced Separately,650.66,FPQ-11033
83662,,FPQ-11281,,,Haiti,,,,,,N/A - From RDC,,,,,,SCMS from RDC,,Nevirapine,Generic,10mg/ml,,,,,,,,,,,,106-HT-T30,SO-44400,DN-3015,PMO - US,From RDC,N/A - From RDC,Air,1/16/2013,9-Apr-13,14-Mar-13,14-Mar-13,ARV,Pediatric,"Nevirapine 10mg/ml, oral suspension w/syringe, Bottle, 240 ml",Oral suspension,240.0,1716.0,3346.2,1.95,0.01,"Aurobindo Unit III, India",No,See DN-3015 (ID#:82554),See DN-3015 (ID#:82554),4.14,
54753,116-ZA-T30,FPQ-11828,SCMS-183950,ASN-19166,South Africa,South Africa Field Office,Direct Drop,DDP,Truck,3/18/13,Date Not Captured,16-Apr-13,16-Apr-13,16-Apr-13,ARV,Pediatric,S. BUYS WHOLESALER,"Efavirenz 50mg, capsule, 30 Caps",Efavirenz,Generic,50mg,Capsule,30.0,131.0,398.4,3.04,0.1,"Aurobindo Unit III, India",No,Weight Captured Separately,Freight Included in Commodity Cost,0.49,,,,,,,,,,,,,,,,,,,,,,,,,,
85098,,FPQ-4537,,,Nigeria,,,,,,N/A - From RDC,,,,,,SCMS from RDC,,Nevirapine,Generic,200mg,,,,,,,,,,,,151-NG-T30,SO-34897,DN-1707,PMO - US,From RDC,N/A - From RDC,Air Charter,11/6/2009,19-Apr-10,31-Mar-10,31-Mar-10,ARV,Adult,"Nevirapine 200mg, tablets, 60 Tabs",Tablet,60.0,6000.0,16380.0,2.73,0.05,"Aurobindo Unit III, India",Yes,577,Freight Included in Commodity Cost,35.32,
85778,104-CI-T30,FPQ-7659,SO-40121,DN-2304,Côte d'Ivoire,PMO - US,From RDC,N/A - From RDC,Air,5/3/11,N/A - From RDC,27-Sep-11,12-Sep-11,12-Sep-11,ARV,Adult,SCMS from RDC,"Emtricitabine/Tenofovir Disoproxil Fumarate 200/300mg, tablets, 30 Tabs",Emtricitabine/Tenofovir Disoproxil Fumarate,Generic,200/300mg,Tablet - FDC,30.0,4269.0,44995.26,10.54,0.35,Mylan (formerly Matrix) Nashik,No,See DN-2304 (ID#:82395),See DN-2304 (ID#:82395),74.24,,,,,,,,,,,,,,,,,,,,,,,,,,
11273,,Pre-PQ Process,,,Tanzania,,,,,,N/A - From RDC,,,,,,SCMS from RDC,,Lopinavir/Ritonavir,Aluvia,200/50mg,,,,,,,,,,,,109-TZ-T01,SO-13300,DN-903,PMO - US,From RDC,N/A - From RDC,Truck,Pre-PQ Process,26-Sep-08,26-Sep-08,26-Sep-08,ARV,Adult,"Lopinavir/Ritonavir 200/50mg [Aluvia], tablets, 120 Tabs",Tablet,120.0,2580.0,106038.0,41.1,0.34,ABBVIE Ludwigshafen Germany,Yes,587,1146.27,169.66,
52629,,,,,Côte d'Ivoire,,,,,,9/16/2010,,,,,,"Orgenics, Ltd",,"HIV 1/2, Determine HIV Kit, without Lancets",Determine,,,,,,,,,,,,,104-CI-T30,SCMS-85440,ASN-8566,PMO - US,Direct Drop,EXW,Air,8/26/2010,22-Nov-10,22-Nov-10,22-Nov-10,HRDT,HIV test,"HIV 1/2, Determine HIV Kit, without Lancets, 100 Tests",Test kit,100.0,275.0,21367.5,77.7,0.78,Inverness Japan,Yes,64,2319.8,46.07,FPQ-6252
83762,,FPQ-12416,,,Mozambique,,,,,,N/A - From RDC,,,,,,SCMS from RDC,,Lamivudine/Nevirapine/Zidovudine,Generic,150/300/200mg,,,,,,,,,,,,111-MZ-T30,SO-45897,DN-3535,PMO - US,From RDC,N/A - From RDC,Truck,6/28/2013,31-Jan-14,19-Feb-14,19-Mar-14,ARV,Adult,"Lamivudine/Nevirapine/Zidovudine 150/200/300mg, tablets, 60 Tabs",Tablet - FDC,60.0,145400.0,1247532.0,8.58,0.14,Mylan (formerly Matrix) Nashik,Yes,10673,15392.43,1543.2,
12622,,,,,Mozambique,,,,,,N/A - From RDC,,,,,,SCMS from RDC,,Lamivudine,Generic,10mg/ml,,,,,,,,,,,,111-MZ-T01,SO-325,DN-18,PMO - US,From RDC,N/A - From RDC,Air,Pre-PQ Process,29-Mar-07,29-Mar-07,29-Mar-07,ARV,Pediatric,"Lamivudine 10mg/ml, oral solution, Bottle, 240 ml",Oral solution,240.0,7707.0,18805.08,2.44,0.01,"Cipla, Goa, India",Yes,Weight Captured Separately,2123.04,,Pre-PQ Process
84558,,,,,Nigeria,,,,,,N/A - From RDC,,,,,,SCMS from RDC,,Lamivudine/Zidovudine,Generic,150/300mg,,,,,,,,,,,,151-NG-T30,SO-35059,DN-1719,PMO - US,From RDC,N/A - From RDC,Air Charter,11/6/2009,31-May-10,18-May-10,18-May-10,ARV,Adult,"Lamivudine/Zidovudine 150/300mg, tablets, 60 Tabs",Tablet - FDC,60.0,488.0,4274.88,8.76,0.15,Mylan (formerly Matrix) Nashik,Yes,39,9736.1,9.22,FPQ-4537
85191,117-ET-T30,FPQ-7798,SO-39900,DN-2253,Ethiopia,PMO - US,From RDC,N/A - From RDC,Air,5/23/11,N/A - From RDC,21-Jun-11,1-Jun-11,1-Jun-11,ARV,Adult,SCMS from RDC,"Efavirenz 600mg, tablets, 30 Tabs",Efavirenz,Generic,600mg,Tablet,30.0,10158.0,42866.76,4.22,0.14,"Aurobindo Unit III, India",Yes,Weight Captured Separately,Invoiced Separately,70.73,,,,,,,,,,,,,,,,,,,,,,,,,,
32150,,FPQ-15823,,,Vietnam,,,,,,3/4/2015,,,,,,ABBVIE LOGISTICS (FORMERLY ABBOTT LOGISTICS BV),,Lopinavir/Ritonavir,Aluvia,200/50mg,,,,,,,,,,,,108-VN-T30,SCMS-277270,ASN-33526,PMO - US,Direct Drop,FCA,Air,2/13/2015,14-Sep-15,14-Sep-15,14-Sep-15,ARV,Adult,"Lopinavir/Ritonavir 200/50mg [Aluvia], tablets, 120 Tabs",Tablet,120.0,300.0,18240.0,60.8,0.51,ABBVIE Ludwigshafen Germany,Yes,Weight Captured Separately,Invoiced Separately,21.47,
76112,107-RW-T30,FPQ-4011,SCMS-50280,ASN-6840,Rwanda,PMO - US,Direct Drop,CIP,Air,7/16/09,8/31/09,1-Jun-10,1-Jun-10,1-Jun-10,ARV,Adult,MYLAN LABORATORIES LTD (FORMERLY MATRIX LABORATORIES),"Lamivudine/Tenofovir Disoproxil Fumarate 300/300mg, tablets, 30 Tabs",Lamivudine/Tenofovir Disoproxil Fumarate,Generic,300/300mg,Tablet - FDC,30.0,20700.0,226665.0,10.95,0.36,Mylan (formerly Matrix) Nashik,Yes,1795,21340.35,444.26,,,,,,,,,,,,,,,,,,,,,,,,,,
81757,111-MZ-T30,FPQ-8116,SCMS-118351,ASN-14785,Mozambique,PMO - US,Direct Drop,EXW,Air,8/4/11,4/5/12,20-Jun-12,20-Jun-12,20-Jun-12,HRDT,HIV test,"Trinity Biotech, Plc","HIV 1/2, Uni-Gold HIV Kit, 20 Tests","HIV 1/2, Uni-Gold HIV Kit",Uni-Gold,,Test kit,20.0,7500.0,240000.0,32.0,1.6,"Trinity Biotech, Plc",Yes,2440,37115.71,396.0,,,,,,,,,,,,,,,,,,,,,,,,,,
46468,,FPQ-7175,,,South Africa,,,,,,3/28/2011,,,,,,STRIDES ARCOLAB LIMITED,,Lamivudine,Generic,150mg,,,,,,,,,,,,161-ZA-T30,SCMS-103910,ASN-11194,PMO - US,Direct Drop,DDP,Ocean,3/10/2011,6-Sep-11,6-Sep-11,6-Sep-11,ARV,Adult,"Lamivudine 150mg, tablets, 60 Tabs",Tablet,60.0,515000.0,1251450.0,2.43,0.04,"Strides, Bangalore, India.",Yes,Weight Captured Separately,Freight Included in Commodity Cost,2064.89,
82004,,FPQ-9180,,,Guyana,,,,,,4/9/2012,,,,,,"Trinity Biotech, Plc",,"HIV 1/2, Uni-Gold HIV Kit",Uni-Gold,,,,,,,,,,,,,102-GY-T30,SCMS-139640,ASN-14784,PMO - US,Direct Drop,EXW,Air,1/17/2012,23-May-12,23-May-12,23-May-12,HRDT,HIV test,"HIV 1/2, Uni-Gold HIV Kit, 20 Tests",Test kit,20.0,1513.0,48416.0,32.0,1.6,"Trinity Biotech, Plc",Yes,410,5577.13,67.88,
83464,,FPQ-5925,,,Côte d'Ivoire,,,,,,N/A - From RDC,,,,,,SCMS from RDC,,Lamivudine/Stavudine,Generic,150/30mg,,,,,,,,,,,,104-CI-T30,SO-37150,DN-2035,PMO - US,From RDC,N/A - From RDC,Truck,6/23/2010,30-Nov-10,26-Nov-10,26-Nov-10,ARV,Adult,"Lamivudine/Stavudine 150/30mg, tablets, 60 Tabs",Tablet - FDC,60.0,26444.0,86736.32,3.28,0.05,Mylan (formerly Matrix) Nashik,No,See DN-2035 (ID#:82356),See DN-2035 (ID#:82356),187.0,
80767,161-ZA-T30,FPQ-6262,SCMS-84200,ASN-9692,South Africa,PMO - US,Direct Drop,DDP,Ocean,8/31/10,9/21/10,23-Feb-11,11-Mar-11,11-Mar-11,ARV,Adult,CIPLA LIMITED,"Tenofovir Disoproxil Fumarate 300mg, tablets, 30 Tabs",Tenofovir Disoproxil Fumarate,Generic,300mg,Tablet,30.0,12722.0,89435.66,7.03,0.23,"Cipla, Goa, India",Yes,875,6038.22,192.82,,,,,,,,,,,,,,,,,,,,,,,,,,
82792,,,,,Uganda,,,,,,N/A - From RDC,,,,,,SCMS from RDC,,Lamivudine/Zidovudine,Generic,30/60mg,,,,,,,,,,,,114-UG-T30,SO-50080,DN-4216,PMO - US,From RDC,N/A - From RDC,Truck,11/3/2014,30-Apr-15,22-Apr-15,24-Apr-15,ARV,Pediatric,"Lamivudine/Zidovudine 30/60mg, dispersible tablets, 60 Tabs",Chewable/dispersible tablet - FDC,60.0,6000.0,11520.0,1.92,0.03,"Mylan,  H-12 & H-13, India",Yes,11732,Freight Included in Commodity Cost,13.56,FPQ-15294
80704,,FPQ-16001,,,"Congo, DRC",,,,,,3/17/2015,,,,,,"Orgenics, Ltd",,"HIV 1/2, Determine Complete HIV Kit",Determine,,,,,,,,,,,,,101-CD-T30,SCMS-280220,ASN-32231,PMO - US,Direct Drop,EXW,Air,3/10/2015,23-Jul-15,23-Jul-15,29-Jul-15,HRDT,HIV test,"HIV 1/2, Determine Complete HIV Kit, 100 Tests",Test kit,100.0,368.0,29440.0,80.0,0.8,"Alere Medical Co., Ltd.",No,See ASN-32231 (ID#:13648),See ASN-32231 (ID#:13648),34.65,
83334,104-CI-T30,FPQ-14370,SO-49040,DN-4253,Côte d'Ivoire,PMO - US,From RDC,N/A - From RDC,Truck,5/23/14,N/A - From RDC,8-Jun-15,8-Jun-15,19-Jun-15,ARV,Adult,SCMS from RDC,"Lopinavir/Ritonavir 200/50mg, tablets, 120 Tabs",Lopinavir/Ritonavir,Generic,200/50mg,Tablet,120.0,11169.0,216231.84,19.36,0.16,"Aurobindo Unit III, India",Yes,13107,20816.42,222.29,,,,,,,,,,,,,,,,,,,,,,,,,,
10347,,,,,South Africa,,,,,,Date Not Captured,,,,,,S. BUYS WHOLESALER,,Stavudine,Zerit,1mg/ml,,,,,,,,,,,,116-ZA-T01,SCMS-41070,ASN-3625,PMO - US,Direct Drop,DDP,Air,Pre-PQ Process,12-May-09,30-Dec-08,30-Dec-08,ARV,Pediatric,"Stavudine 1mg/ml [Zerit], powder for oral solution, Bottle, 200 ml",Powder for oral solution,200.0,40.0,48.4,1.21,0.01,"BMS Meymac, France",No,Weight Captured Separately,Freight Included in Commodity Cost,0.09,Pre-PQ Process
19263,,,,,Tanzania,,,,,,8/1/2011,,,,,,"Orgenics, Ltd",,"HIV 1/2, Determine Complete HIV Kit",Determine,,,,,,,,,,,,,109-TZ-T30,SCMS-116850,ASN-12886,PMO - US,Direct Drop,EXW,Air,7/22/2011,30-Jan-12,30-Jan-12,30-Jan-12,HRDT,HIV test,"HIV 1/2, Determine Complete HIV Kit, 100 Tests",Test kit,100.0,1500.0,120000.0,80.0,0.8,Inverness Japan,Yes,714,13836.99,198.0,FPQ-8071
66000,,FPQ-14113,,,Rwanda,,,,,,6/2/2014,,,,,,ABBVIE LOGISTICS (FORMERLY ABBOTT LOGISTICS BV),,Lopinavir/Ritonavir,Kaletra,80/20mg/ml,,,,,,,,,,,,107-RW-T30,SCMS-238800,ASN-26864,PMO - US,Direct Drop,FCA,Air,4/18/2014,16-Jul-14,16-Jul-14,22-Jul-14,ARV,Pediatric,"Lopinavir/Ritonavir 80/20mg/ml [Kaletra], oral solution, cool, Bottle 5 x 60 ml",Oral solution,300.0,316.0,9739.12,30.82,0.1,ABBVIE (Abbott) Logis. UK,Yes,415,4399.65,10.01,
85703,104-CI-T30,FPQ-5623,SO-36900,DN-2001,Côte d'Ivoire,PMO - US,From RDC,N/A - From RDC,Air,5/7/10,N/A - From RDC,21-Sep-10,6-Sep-10,6-Sep-10,ARV,Adult,SCMS from RDC,"Lamivudine/Zidovudine 150/300mg, tablets, 60 Tabs",Lamivudine/Zidovudine,Generic,150/300mg,Tablet - FDC,60.0,40752.0,348429.6,8.55,0.14,Hetero Unit III Hyderabad IN,Yes,3506,8815.65,751.21,,,,,,,,,,,,,,,,,,,,,,,,,,
70366,,,,,Côte d'Ivoire,,,,,,11/17/2009,,,,,,MERCK SHARP & DOHME IDEA GMBH (FORMALLY MERCK SHARP & DOHME B.V.),,Efavirenz/Emtricitabine/Tenofovir Disoproxil Fumarate,Atripla,600/200/300mg,,,,,,,,,,,,104-CI-T30,SCMS-57280,ASN-6443,PMO - US,Direct Drop,CIP,Air,11/5/2009,16-Apr-10,16-Apr-10,16-Apr-10,ARV,Adult,"Efavirenz/Emtricitabine/Tenofovir Disoproxil Fumarate 600/200/300mg [Atripla], tablets, 30 Tabs",Tablet - FDC,30.0,3600.0,181440.0,50.4,1.68,"MSD, Haarlem, NL",Yes,402,1924.57,355.62,FPQ-4381
62046,,FPQ-12806,,,Côte d'Ivoire,,,,,,9/17/2013,,,,,,ABBVIE LOGISTICS (FORMERLY ABBOTT LOGISTICS BV),,Lopinavir/Ritonavir,Kaletra,80/20mg/ml,,,,,,,,,,,,104-CI-T30,SCMS-207150,ASN-23970,PMO - US,Direct Drop,FCA,Air,8/9/2013,7-Feb-14,7-Feb-14,10-Feb-14,ARV,Pediatric,"Lopinavir/Ritonavir 80/20mg/ml [Kaletra], oral solution, cool, Bottle 5 x 60 ml",Oral solution,300.0,540.0,16642.8,30.82,0.1,ABBVIE (Abbott) Logis. UK,Yes,519,5385.37,20.59,
12324,111-MZ-T01,Pre-PQ Process,SO-26424,DN-1457,Mozambique,PMO - US,From RDC,N/A - From RDC,Truck,Date Not Captured,N/A - From RDC,7-Oct-09,7-Oct-09,7-Oct-09,ARV,Adult,SCMS from RDC,"Lamivudine 150mg, tablets, 60 Tabs",Lamivudine,Generic,150mg,Tablet,60.0,2592.0,6324.48,2.44,0.04,"Aurobindo Unit III, India",No,See DN-1457 (ID#:11687),See DN-1457 (ID#:11687),12.4,,,,,,,,,,,,,,,,,,,,,,,,,,
86740,,FPQ-14576,,,"Congo, DRC",,,,,,N/A - From RDC,,,,,,SCMS from RDC,,Lamivudine/Nevirapine/Zidovudine,Generic,150/300/200mg,,,,,,,,,,,,101-CD-T30,SO-49290,DN-3975,PMO - US,From RDC,N/A - From RDC,Air,7/14/2014,30-Jan-15,18-Feb-15,23-Feb-15,ARV,Adult,"Lamivudine/Nevirapine/Zidovudine 150/200/300mg, tablets, 60 Tabs",Tablet - FDC,60.0,3460.0,28060.6,8.11,0.14,Mylan (formerly Matrix) Nashik,No,See DN-3975 (ID#:82748),See DN-3975 (ID#:82748),28.85,
12159,119-NA-T01,Pre-PQ Process,SO-1676,DN-583,Namibia,PMO - US,From RDC,N/A - From RDC,Air,Pre-PQ Process,N/A - From RDC,13-Feb-08,13-Feb-08,13-Feb-08,ARV,Adult,SCMS from RDC,"Efavirenz 600mg, tablets, 30 Tabs",Efavirenz,Generic,600mg,Tablet,30.0,19000.0,228190.0,12.01,0.4,"Aurobindo Unit III, India",Yes,1485,3016.95,365.1,,,,,,,,,,,,,,,,,,,,,,,,,,
10567,104-CI-T01,Pre-PQ Process,SO-556,DN-159,Côte d'Ivoire,PMO - US,From RDC,N/A - From RDC,,Pre-PQ Process,N/A - From RDC,4-Jun-07,4-Jun-07,4-Jun-07,ARV,Adult,SCMS from RDC,"Stavudine 15mg, capsules, 60 Caps",Stavudine,Generic,15mg,Capsule,60.0,875.0,1881.25,2.15,0.04,"Aurobindo Unit III, India",Yes,58,727,,,,,,,,,,,,,,,,,,,,,,,,,,,
10636,,Pre-PQ Process,,,Zambia,,,,,,N/A - From RDC,,,,,,SCMS from RDC,,Nevirapine,Generic,200mg,,,,,,,,,,,,110-ZM-T01,SO-1317,DN-605,PMO - US,From RDC,N/A - From RDC,Truck,Pre-PQ Process,21-Feb-08,21-Feb-08,21-Feb-08,ARV,Adult,"Nevirapine 200mg, tablets, 60 Tabs",Tablet,60.0,72333.0,245932.2,3.4,0.06,Hetero Unit III Hyderabad IN,Yes,4957,15220.18,393.49,
30519,133-NG-T30,FPQ-10765,SCMS-162430,ASN-17824,Nigeria,PMO - US,Direct Drop,EXW,Air,10/5/12,10/16/12,1-Feb-13,1-Feb-13,1-Feb-13,HRDT,HIV test,"Trinity Biotech, Plc","HIV 1/2, Uni-Gold HIV Kit, 20 Tests","HIV 1/2, Uni-Gold HIV Kit",Uni-Gold,,Test kit,20.0,24510.0,784320.0,32.0,1.6,"Trinity Biotech, Plc",Yes,8273,94267.77,1099.62,,,,,,,,,,,,,,,,,,,,,,,,,,
86588,151-NG-T30,FPQ-11771,SO-44758,DN-3252,Nigeria,PMO - US,From RDC,N/A - From RDC,Air Charter,2/28/13,N/A - From RDC,21-Aug-13,30-Jul-13,30-Jul-13,ARV,Pediatric,SCMS from RDC,"Lamivudine/Nevirapine/Zidovudine 30/50/60mg, dispersible tablets, 60 Tabs",Lamivudine/Nevirapine/Zidovudine,Generic,30/50/60mg,Chewable/dispersible tablet - FDC,60.0,38705.0,160625.75,4.15,0.07,Mylan (formerly Matrix) Nashik,Yes,2352,Freight Included in Commodity Cost,198.69,,,,,,,,,,,,,,,,,,,,,,,,,,
27461,,FPQ-14942,,,South Africa,,,,,,11/28/2014,,,,,,PHARMACY DIRECT,,Raltegravir,Isentress,400mg,,,,,,,,,,,,116-ZA-T30,SCMS-259071,ASN-29596,PMO - US,Direct Drop,DDP,Truck,9/11/2014,28-Nov-14,28-Nov-14,28-Nov-14,ARV,Adult,"Raltegravir 400mg [Isentress], tablets, 60 Tabs",Tablet,60.0,45.0,2752.41,61.16,1.02,"MSD, Haarlem, NL",Yes,Weight Captured Separately,Freight Included in Commodity Cost,2.83,
6745,,,,,Guyana,,,,,,8/28/2007,,,,,,"Orgenics, Ltd",,"HIV 1/2, Determine HIV Kit, without Lancets",Determine,,,,,,,,,,,,,102-GY-T01,SCMS-11650,ASN-763,PMO - US,Direct Drop,EXW,Air,Pre-PQ Process,21-Sep-07,8-Oct-07,8-Oct-07,HRDT,HIV test,"HIV 1/2, Determine HIV Kit, without Lancets, 100 Tests",Test kit,100.0,442.0,31819.58,71.99,0.72,Inverness Japan,Yes,100,1928.93,50.91,Pre-PQ Process
12416,,,,,Côte d'Ivoire,,,,,,N/A - From RDC,,,,,,SCMS from RDC,,Zidovudine,Generic,300mg,,,,,,,,,,,,104-CI-T01,SO-964,DN-379,PMO - US,From RDC,N/A - From RDC,Air,Pre-PQ Process,15-Oct-07,15-Oct-07,15-Oct-07,ARV,Adult,"Zidovudine 300mg, tablets, 60 Tabs",Tablet,60.0,5794.0,47221.1,8.15,0.14,"Ranbaxy, Paonta Shahib, India",No,See DN-379 (ID#:10890),See DN-379 (ID#:10890),75.55,Pre-PQ Process
83029,102-LY-T30,FPQ-9665,SO-41900,DN-2641,Libya,PMO - US,From RDC,N/A - From RDC,Air,4/4/12,N/A - From RDC,23-May-12,23-May-12,23-May-12,ARV,Adult,SCMS from RDC,"Lopinavir/Ritonavir 200/50mg [Aluvia], tablets, 120 Tabs",Lopinavir/Ritonavir,Aluvia,200/50mg,Tablet,120.0,500.0,15410.0,30.82,0.26,ABBVIE Ludwigshafen Germany,Yes,709,761.91,21.6,,,,,,,,,,,,,,,,,,,,,,,,,,
32892,,,,,Mozambique,,,,,,12/17/2013,,,,,,HETERO LABS LIMITED,,Lamivudine/Nevirapine/Zidovudine,Generic,150/300/200mg,,,,,,,,,,,,111-MZ-T30,SCMS-219220,ASN-25453,PMO - US,Direct Drop,EXW,Air,12/11/2013,2-May-14,2-May-14,7-May-14,ARV,Adult,"Lamivudine/Nevirapine/Zidovudine 150/200/300mg, tablets, 60 Tabs",Tablet - FDC,60.0,33216.0,269381.76,8.11,0.14,Hetero Unit III Hyderabad IN,Yes,4516,16537.11,276.92,FPQ-13395
86295,,,,,Nigeria,,,,,,N/A - From RDC,,,,,,SCMS from RDC,,Efavirenz,Generic,600mg,,,,,,,,,,,,151-NG-T30,SO-34917,DN-1782,PMO - US,From RDC,N/A - From RDC,Air Charter,11/6/2009,31-May-10,18-May-10,18-May-10,ARV,Adult,"Efavirenz 600mg, tablets, 30 Tabs",Tablet,30.0,336.0,1596.0,4.75,0.16,"Aurobindo Unit III, India",Yes,30,9736.1,3.44,FPQ-4537
7467,117-ET-T01,Pre-PQ Process,SCMS-32630,ASN-3154,Ethiopia,PMO - US,Direct Drop,EXW,Air,Pre-PQ Process,10/27/08,26-Jan-09,26-Jan-09,26-Jan-09,HRDT,HIV test,"SHANGHAI KEHUA BIOENGINEERING CO.,LTD.  (KHB)","HIV 1/2, SKB Colloidal Gold, Diagnostic Kit, Antibody, 50 Tests","HIV 1/2, Colloidal Gold, Diagnostic Kit, Antibody",Colloidal Gold,,Test kit,1.0,3510.0,80730.0,23.0,23.0,"KHB Test Kit Facility, Shanghai China",Yes,2535,20083.74,158.23,,,,,,,,,,,,,,,,,,,,,,,,,,
54180,108-VN-T30,FPQ-4081,SCMS-51480,ASN-4802,Vietnam,PMO - US,Direct Drop,FCA,Air,8/10/09,8/12/09,1-Oct-09,1-Oct-09,1-Oct-09,ARV,Adult,ABBVIE LOGISTICS (FORMERLY ABBOTT LOGISTICS BV),"Lopinavir/Ritonavir 200/50mg [Aluvia], tablets, 120 Tabs",Lopinavir/Ritonavir,Aluvia,200/50mg,Tablet,120.0,1400.0,115080.0,82.2,0.68,ABBVIE Ludwigshafen Germany,Yes,209,954.38,225.56,,,,,,,,,,,,,,,,,,,,,,,,,,
84229,,FPQ-10946,,,Uganda,,,,,,N/A - From RDC,,,,,,SCMS from RDC,,Lamivudine/Tenofovir Disoproxil Fumarate,Generic,300/300mg,,,,,,,,,,,,114-UG-T30,SO-43640,DN-3025,PMO - US,From RDC,N/A - From RDC,Air,11/1/2012,4-Apr-13,7-Mar-13,7-Mar-13,ARV,Adult,"Lamivudine/Tenofovir Disoproxil Fumarate 300/300mg, tablets, 30 Tabs",Tablet - FDC,30.0,32298.0,151800.6,4.7,0.16,Hetero Unit III Hyderabad IN,No,See DN-3025 (ID#:82546),See DN-3025 (ID#:82546),187.78,
59043,,FPQ-14654,,,"Congo, DRC",,,,,,8/27/2014,,,,,,"Trinity Biotech, Plc",,"HIV 1/2, Uni-Gold HIV Kit",Uni-Gold,,,,,,,,,,,,,101-CD-T30,SCMS-253260,ASN-28279,PMO - US,Direct Drop,EXW,Air,8/11/2014,4-Nov-14,4-Nov-14,20-Nov-14,HRDT,HIV test,"HIV 1/2, Uni-Gold HIV Kit, 20 Tests",Test kit,20.0,15.0,480.0,32.0,1.6,"Trinity Biotech, Plc",No,See ASN-28279 (ID#:13547),See ASN-28279 (ID#:13547),0.49,
19959,116-ZA-T30,FPQ-13973,SCMS-238555,ASN-29257,South Africa,PMO - US,Direct Drop,DDP,Truck,4/30/14,11/4/14,5-Nov-14,5-Nov-14,5-Nov-14,ARV,Adult,PHARMACY DIRECT,"Lamivudine 150mg, tablets, 60 Tabs",Lamivudine,Generic,150mg,Tablet,60.0,203.0,1855.98,9.14,0.15,"Aurobindo Unit III, India",Yes,Weight Captured Separately,Freight Included in Commodity Cost,1.91,,,,,,,,,,,,,,,,,,,,,,,,,,
24983,,,,,Haiti,,,,,,12/24/2014,,,,,,Aurobindo Pharma Limited,,Lamivudine/Nevirapine/Zidovudine,Generic,150/300/200mg,,,,,,,,,,,,106-HT-T30,SCMS-263170,ASN-31572,PMO - US,Direct Drop,EXW,Air,10/22/2014,11-May-15,11-May-15,13-May-15,ARV,Adult,"Lamivudine/Nevirapine/Zidovudine 150/200/300mg, tablets, 60 Tabs",Tablet - FDC,60.0,24000.0,196800.0,8.2,0.14,"Aurobindo Unit III, India",Yes,Weight Captured Separately,Invoiced Separately,202.31,FPQ-15038
11099,113-ZW-T01,Pre-PQ Process,SO-337,DN-115,Zimbabwe,PMO - US,From RDC,N/A - From RDC,,Pre-PQ Process,N/A - From RDC,26-Apr-07,26-Apr-07,26-Apr-07,ARV,Adult,SCMS from RDC,"Lopinavir/Ritonavir 200/50mg [Aluvia], tablets, 120 Tabs",Lopinavir/Ritonavir,Aluvia,200/50mg,Tablet,120.0,400.0,16440.0,41.1,0.34,ABBVIE Ludwigshafen Germany,Yes,87,907.41,,,,,,,,,,,,,,,,,,,,,,,,,,,
85712,,,,,Uganda,,,,,,N/A - From RDC,,,,,,SCMS from RDC,,Lamivudine/Nevirapine/Zidovudine,Generic,150/300/200mg,,,,,,,,,,,,102-UG-T30,SO-37270,DN-2028,PMO - US,From RDC,N/A - From RDC,Truck,8/6/2010,29-Oct-10,15-Oct-10,15-Oct-10,ARV,Adult,"Lamivudine/Nevirapine/Zidovudine 150/200/300mg, tablets, 60 Tabs",Tablet - FDC,60.0,30000.0,336600.0,11.22,0.19,"Aurobindo Unit III, India",Yes,4050,15759.47,725.71,FPQ-6202
8271,,Pre-PQ Process,,,Benin,,,,,,2/6/2008,,,,,,"Standard Diagnostics, Inc.",,"HIV 1/2, Bioline 3.0 Kit, Lancets, Capillary pipets, Alcohol swabs included",Bioline,,,,,,,,,,,,,128-BJ-T01,SCMS-17290,ASN-1355,PMO - US,Direct Drop,EXW,Air,Pre-PQ Process,4-Mar-08,4-Mar-08,4-Mar-08,HRDT,HIV test,"HIV 1/2, Bioline 3.0 Kit, Lancets, Capillary pipets, Alcohol swabs included, 25 Tests",Test kit,25.0,232.0,4640.0,20.0,0.8,"Standard Diagnostics, Korea",Yes,70,1136.37,7.42,
23159,108-VN-T30,FPQ-5899,SCMS-77170,ASN-7779,Vietnam,PMO - US,Direct Drop,FCA,Air,6/23/10,7/1/10,6-Sep-10,6-Sep-10,6-Sep-10,ARV,Adult,ABBVIE LOGISTICS (FORMERLY ABBOTT LOGISTICS BV),"Ritonavir 100mg [Norvir], capsules, cool, 4 x 84 Caps",Ritonavir,Norvir,100mg,Capsule,336.0,24.0,7365.12,306.88,0.91,ABBVIE (Abbott) Logis. UK,Yes,60,3981.97,15.88,,,,,,,,,,,,,,,,,,,,,,,,,,
86395,,FPQ-7217,,,Nigeria,,,,,,N/A - From RDC,,,,,,SCMS from RDC,,Lamivudine/Tenofovir Disoproxil Fumarate,Generic,300/300mg,,,,,,,,,,,,151-NG-T30,SO-40170,DN-2286,PMO - US,From RDC,N/A - From RDC,Air Charter,2/21/2011,22-Jul-11,6-Jul-11,6-Jul-11,ARV,Adult,"Lamivudine/Tenofovir Disoproxil Fumarate 300/300mg, tablets, 30 Tabs",Tablet - FDC,30.0,29349.0,258858.18,8.82,0.29,Mylan (formerly Matrix) Nashik,Yes,2808,13398.06,427.12,
85520,109-TZ-T30,FPQ-13042,SO-46702,DN-3868,Tanzania,PMO - US,From RDC,N/A - From RDC,Truck,10/1/13,N/A - From RDC,29-Aug-14,29-Sep-14,6-Oct-14,ARV,Pediatric,SCMS from RDC,"Lamivudine/Nevirapine/Zidovudine 30/50/60mg, dispersible tablets, 60 Tabs",Lamivudine/Nevirapine/Zidovudine,Generic,30/50/60mg,Chewable/dispersible tablet - FDC,60.0,57859.0,215814.07,3.73,0.06,Mylan (formerly Matrix) Nashik,Yes,3090,17858.3,266.96,,,,,,,,,,,,,,,,,,,,,,,,,,
32279,116-ZA-T30,FPQ-3560,SCMS-49641,ASN-5157,South Africa,PMO - US,Direct Drop,DDP,Truck,5/7/09,7/21/09,12-Aug-09,12-Aug-09,12-Aug-09,ARV,Adult,S. BUYS WHOLESALER,"Didanosine EC 400mg [Videx EC], delayed-release capsules, Blister 3 x 10 Caps",Didanosine EC,Videx EC,400mg,Delayed-release capsules - blister,30.0,110.0,3051.72,27.74,0.92,"BMS Meymac, France",No,Weight Captured Separately,Freight Included in Commodity Cost,5.98,,,,,,,,,,,,,,,,,,,,,,,,,,
85837,114-UG-T30,FPQ-8522,SO-40942,DN-2580,Uganda,PMO - US,From RDC,N/A - From RDC,Truck,10/5/11,N/A - From RDC,30-Mar-12,9-Mar-12,9-Mar-12,ARV,Adult,SCMS from RDC,"Lamivudine/Tenofovir Disoproxil Fumarate 300/300mg, tablets, 30 Tabs",Lamivudine/Tenofovir Disoproxil Fumarate,Generic,300/300mg,Tablet - FDC,30.0,5785.0,35172.8,6.08,0.2,Mylan (formerly Matrix) Nashik,Yes,460,3571.6,58.04,,,,,,,,,,,,,,,,,,,,,,,,,,
66792,108-VN-T30,FPQ-5094,SCMS-68370,ASN-7486,Vietnam,PMO - US,Direct Drop,EXW,Air,3/15/10,3/24/10,3-Aug-10,3-Aug-10,3-Aug-10,ARV,Adult,STRIDES ARCOLAB LIMITED,"Lamivudine 150mg, tablets, 60 Tabs",Lamivudine,Generic,150mg,Tablet,60.0,43262.0,101665.7,2.35,0.04,"Strides, Bangalore, India.",Yes,2035,8711.4,219.19,,,,,,,,,,,,,,,,,,,,,,,,,,
10970,111-MZ-T01,Pre-PQ Process,SO-1615,DN-698,Mozambique,PMO - US,From RDC,N/A - From RDC,Air,Pre-PQ Process,N/A - From RDC,23-Jun-08,23-Jun-08,23-Jun-08,ARV,Adult,SCMS from RDC,"Indinavir 400mg [Crixivan], capsules, 180 Caps",Indinavir,Crixivan,400mg,Capsule,180.0,1428.0,71400.0,50.0,0.28,"MSD, Haarlem, NL",Yes,2955,4551.52,114.24,,,,,,,,,,,,,,,,,,,,,,,,,,
6753,,Pre-PQ Process,,,Nigeria,,,,,,Date Not Captured,,,,,,ACCOUN NIGERIA LIMITED,,"HIV 1/2, Determine Complete HIV Kit",Determine,,,,,,,,,,,,,102-NG-T01,SCMS-12240,ASN-707,PMO - US,Direct Drop,CIP,,Pre-PQ Process,7-Sep-07,7-May-07,7-May-07,HRDT,HIV test,"HIV 1/2, Determine Complete HIV Kit, 100 Tests",Test kit,100.0,500.0,40000.0,80.0,0.8,ABBVIE GmbH & Co.KG Wiesbaden,Yes,Weight Captured Separately,Freight Included in Commodity Cost,64.0,
83748,,FPQ-12573,,,Mozambique,,,,,,N/A - From RDC,,,,,,SCMS from RDC,,Abacavir/Lamivudine,Generic,600/300mg,,,,,,,,,,,,111-MZ-T30,SO-46170,DN-3554,PMO - US,From RDC,N/A - From RDC,Truck,6/28/2013,31-Mar-14,28-Mar-14,4-Apr-14,ARV,Adult,"Abacavir/Lamivudine 600/300mg, scored tablets, 30 Tabs",Tablet - FDC,30.0,4837.0,65396.24,13.52,0.45,Mylan (formerly Matrix) Nashik,Yes,1102,8406.81,80.9,
67091,,,,,"Congo, DRC",,,,,,3/17/2015,,,,,,"Orgenics, Ltd",,"HIV 1/2, Determine Complete HIV Kit",Determine,,,,,,,,,,,,,101-CD-T30,SCMS-280220,ASN-32231,PMO - US,Direct Drop,EXW,Air,3/10/2015,23-Jul-15,23-Jul-15,29-Jul-15,HRDT,HIV test,"HIV 1/2, Determine Complete HIV Kit, 100 Tests",Test kit,100.0,81.0,6480.0,80.0,0.8,"Alere Medical Co., Ltd.",No,See ASN-32231 (ID#:13648),See ASN-32231 (ID#:13648),7.63,FPQ-16001
85520,,,,,Tanzania,,,,,,N/A - From RDC,,,,,,SCMS from RDC,,Lamivudine/Nevirapine/Zidovudine,Generic,30/50/60mg,,,,,,,,,,,,109-TZ-T30,SO-46702,DN-3868,PMO - US,From RDC,N/A - From RDC,Truck,10/1/2013,29-Aug-14,29-Sep-14,6-Oct-14,ARV,Pediatric,"Lamivudine/Nevirapine/Zidovudine 30/50/60mg, dispersible tablets, 60 Tabs",Chewable/dispersible tablet - FDC,60.0,57859.0,215814.07,3.73,0.06,Mylan (formerly Matrix) Nashik,Yes,3090,17858.3,266.96,FPQ-13042
11250,,,,,Côte d'Ivoire,,,,,,N/A - From RDC,,,,,,SCMS from RDC,,Efavirenz,Generic,200mg,,,,,,,,,,,,104-CI-T01,SO-2705,DN-786,PMO - US,From RDC,N/A - From RDC,Air,Pre-PQ Process,27-Jun-08,27-Jun-08,27-Jun-08,ARV,Pediatric,"Efavirenz 200mg, capsule, 90 Caps",Capsule,90.0,3885.0,62160.0,16.0,0.18,"Aurobindo Unit III, India",Yes,467,6299.56,99.46,Pre-PQ Process
12018,,Pre-PQ Process,,,Uganda,,,,,,N/A - From RDC,,,,,,SCMS from RDC,,Zidovudine,Generic,300mg,,,,,,,,,,,,114-UG-T01,SO-33150,DN-1490,PMO - US,From RDC,N/A - From RDC,Air,Date Not Captured,29-Oct-09,29-Oct-09,29-Oct-09,ARV,Adult,"Zidovudine 300mg, tablets, 60 Tabs",Tablet,60.0,589.0,4435.17,7.53,0.13,"Aurobindo Unit III, India",Yes,33,747.17,9.56,
10653,111-MZ-T01,Pre-PQ Process,SO-579,DN-600,Mozambique,PMO - US,From RDC,N/A - From RDC,Air,Pre-PQ Process,N/A - From RDC,18-Apr-08,18-Apr-08,18-Apr-08,ARV,Pediatric,SCMS from RDC,"Lamivudine 10mg/ml, oral solution, Bottle, 240 ml",Lamivudine,Generic,10mg/ml,Oral solution,240.0,2744.0,6695.36,2.44,0.01,"Aurobindo Unit III, India",Yes,998,3894.6,10.71,,,,,,,,,,,,,,,,,,,,,,,,,,
12456,110-ZM-T01,Pre-PQ Process,SO-1315,DN-508,Zambia,PMO - US,From RDC,N/A - From RDC,,Pre-PQ Process,N/A - From RDC,28-Dec-07,28-Dec-07,28-Dec-07,ARV,Adult,SCMS from RDC,"Nevirapine 200mg, tablets, 60 Tabs",Nevirapine,Generic,200mg,Tablet,60.0,58680.0,199512.0,3.4,0.06,"Aurobindo Unit III, India",Yes,5557,15245.25,319.22,,,,,,,,,,,,,,,,,,,,,,,,,,
82838,154-NG-T30,FPQ-3815,SO-32270,DN-1311,Nigeria,PMO - US,From RDC,N/A - From RDC,Air Charter,5/26/09,N/A - From RDC,30-Jul-09,4-Aug-09,4-Aug-09,ARV,Pediatric,SCMS from RDC,"Nevirapine 10mg/ml, oral suspension, Bottle, 240 ml",Nevirapine,Generic,10mg/ml,Oral suspension,240.0,36.0,69.12,1.92,0.01,"Aurobindo Unit III, India",No,See DN-1311 (ID#:82837),See DN-1311 (ID#:82837),0.14,,,,,,,,,,,,,,,,,,,,,,,,,,
85472,,FPQ-13566,,,Tanzania,,,,,,N/A - From RDC,,,,,,SCMS from RDC,,Efavirenz/Emtricitabine/Tenofovir Disoproxil Fumarate,Generic,600/200/300mg,,,,,,,,,,,,109-TZ-T30,SO-47651,DN-3674,PMO - US,From RDC,N/A - From RDC,Truck,1/15/2014,30-Jun-14,24-Jun-14,21-Aug-14,ARV,Adult,"Efavirenz/Emtricitabine/Tenofovir Disoproxil Fumarate 600/200/300mg, tablets, 30 Tabs",Tablet - FDC,30.0,50000.0,594500.0,11.89,0.4,"Cipla, Goa, India",Yes,5446,27804.65,611.15,
85982,,,,,Nigeria,,,,,,N/A - From RDC,,,,,,SCMS from RDC,,Lamivudine/Nevirapine/Zidovudine,Generic,30/50/60mg,,,,,,,,,,,,151-NG-T30,SO-44756,DN-3244,PMO - US,From RDC,N/A - From RDC,Air Charter,2/28/2013,21-Aug-13,30-Jul-13,30-Jul-13,ARV,Pediatric,"Lamivudine/Nevirapine/Zidovudine 30/50/60mg, dispersible tablets, 60 Tabs",Chewable/dispersible tablet - FDC,60.0,19000.0,78850.0,4.15,0.07,"Cipla, Goa, India",Yes,2511,Freight Included in Commodity Cost,97.54,FPQ-11771
12266,151-NG-T01,Pre-PQ Process,SO-21804,DN-1138,Nigeria,PMO - US,From RDC,N/A - From RDC,Air Charter,Pre-PQ Process,N/A - From RDC,19-Mar-09,19-Mar-09,19-Mar-09,ARV,Adult,SCMS from RDC,"Lamivudine/Nevirapine/Zidovudine 150/200/300mg, tablets, 60 Tabs",Lamivudine/Nevirapine/Zidovudine,Generic,150/300/200mg,Tablet - FDC,60.0,370.0,4218.0,11.4,0.19,"Aurobindo Unit III, India",Yes,42,Freight Included in Commodity Cost,8.27,,,,,,,,,,,,,,,,,,,,,,,,,,
78714,,FPQ-10811,,,Vietnam,,,,,,11/7/2012,,,,,,HETERO LABS LIMITED,,Abacavir,Generic,300mg,,,,,,,,,,,,108-VN-T30,SCMS-164580,ASN-18662,PMO - US,Direct Drop,EXW,Air,10/15/2012,3-Apr-13,3-Apr-13,3-Apr-13,ARV,Adult,"Abacavir 300mg, tablets, 60 Tabs",Tablet,60.0,327.0,4218.3,12.9,0.22,Hetero Unit III Hyderabad IN,No,See ASN-18662 (ID#:38299),See ASN-18662 (ID#:38299),5.22,
52049,,FPQ-7498,,,Kenya,,,,,,4/21/2011,,,,,,"Orgenics, Ltd",,"HIV 1/2, Determine Complete HIV Kit",Determine,,,,,,,,,,,,,102-KE-T30,SCMS-106790,ASN-11121,PMO - US,Direct Drop,EXW,Air,3/30/2011,8-Jul-11,8-Jul-11,8-Jul-11,HRDT,HIV test,"HIV 1/2, Determine Complete HIV Kit, 100 Tests",Test kit,100.0,10000.0,890000.0,89.0,0.89,Inverness Japan,Yes,2951,31923.61,1468.5,
82172,108-VN-T30,FPQ-6384,SCMS-87780,ASN-9408,Vietnam,PMO - US,Direct Drop,EXW,Air,9/30/10,10/18/10,16-Feb-11,16-Feb-11,16-Feb-11,ARV,Adult,HETERO LABS LIMITED,"Stavudine 30mg, capsules, 60 Caps",Stavudine,Generic,30mg,Capsule,60.0,15572.0,22579.4,1.45,0.02,Hetero Unit III Hyderabad IN,No,See ASN-9408 (ID#:39263),See ASN-9408 (ID#:39263),48.68,,,,,,,,,,,,,,,,,,,,,,,,,,
50383,,,,,Tanzania,,,,,,8/4/2011,,,,,,LAWRENCE LABORATORIES (SUBSIDIARY OF BRISTOL MYERS SQUIBB),,Didanosine,Videx,25mg,,,,,,,,,,,,109-TZ-T30,SCMS-117230,ASN-13952,PMO - US,Direct Drop,FCA,Air,7/8/2011,29-Mar-12,29-Mar-12,29-Mar-12,ARV,Pediatric,"Didanosine 25mg [Videx], chewable tablets, 60 Tabs",Chewable/dispersible tablet,60.0,3000.0,21000.0,7.0,0.12,Bristol-Myers Squibb Anagni IT,No,See ASN-13952 (ID#:16173),See ASN-13952 (ID#:16173),34.65,FPQ-7992
85823,,FPQ-7052,,,Zimbabwe,,,,,,N/A - From RDC,,,,,,SCMS from RDC,,Lamivudine/Tenofovir Disoproxil Fumarate,Generic,300/300mg,,,,,,,,,,,,113-ZW-T30,SO-38520,DN-2519,PMO - US,From RDC,N/A - From RDC,Truck,1/19/2011,29-Feb-12,16-Feb-12,16-Feb-12,ARV,Adult,"Lamivudine/Tenofovir Disoproxil Fumarate 300/300mg, tablets, 30 Tabs",Tablet - FDC,30.0,10114.0,61493.12,6.08,0.2,Mylan (formerly Matrix) Nashik,No,See DN-2519 (ID#:84141),See DN-2519 (ID#:84141),101.46,
61595,,FPQ-12622,,,Côte d'Ivoire,,,,,,8/15/2013,,,,,,"Standard Diagnostics, Inc.",,"HIV 1/2, Bioline 3.0 Kit, Lancets, Capillary pipets, Alcohol swabs included",Bioline,,,,,,,,,,,,,104-CI-T30,SCMS-201210,ASN-21763,PMO - US,Direct Drop,EXW,Air,7/16/2013,7-Oct-13,7-Oct-13,7-Oct-13,HRDT,HIV test,"HIV 1/2, Bioline 3.0 Kit, Lancets, Capillary pipets, Alcohol swabs included, 25 Tests",Test kit,25.0,3800.0,77900.0,20.5,0.82,"Standard Diagnostics, Korea",Yes,1267,12711.93,96.36,
12454,,,,,Mozambique,,,,,,N/A - From RDC,,,,,,SCMS from RDC,,Lamivudine/Nevirapine/Zidovudine,Generic,150/300/200mg,,,,,,,,,,,,111-MZ-T01,SO-1039,DN-601,PMO - US,From RDC,N/A - From RDC,Air,Pre-PQ Process,8-Apr-08,5-Apr-08,5-Apr-08,ARV,Adult,"Lamivudine/Nevirapine/Zidovudine 150/200/300mg, tablets, 60 Tabs",Tablet - FDC,60.0,42700.0,576450.0,13.5,0.22,"Aurobindo Unit III, India",No,See DN-601 (ID#:10651),See DN-601 (ID#:10651),922.32,Pre-PQ Process
61306,,FPQ-7439,,,Zambia,,,,,,4/20/2011,,,,,,"Trinity Biotech, Plc",,"HIV 1/2, Uni-Gold HIV Kit",Uni-Gold,,,,,,,,,,,,,110-ZM-T30,SCMS-106730,ASN-11219,PMO - US,Direct Drop,EXW,Air,4/1/2011,19-Jul-11,19-Jul-11,19-Jul-11,HRDT,HIV test,"HIV 1/2, Uni-Gold HIV Kit, 20 Tests",Test kit,20.0,3500.0,112000.0,32.0,1.6,"Trinity Biotech, Plc",Yes,1224,15670.6,184.8,
66333,,,,,South Africa,,,,,,4/21/2010,,,,,,S. BUYS WHOLESALER,,Zidovudine,Retrovir,10mg/ml,,,,,,,,,,,,116-ZA-T30,SCMS-71370,ASN-7373,PMO - US,Direct Drop,DDP,Truck,4/19/2010,31-May-10,31-May-10,31-May-10,ARV,Pediatric,"Zidovudine 10mg/ml [Retrovir], oral solution, Bottle, 200 ml",Oral solution,200.0,400.0,2864.03,7.16,0.04,GSK Mississauga (Canada),No,Weight Captured Separately,Freight Included in Commodity Cost,6.17,FPQ-5535
82319,114-UG-T30,FPQ-4496,SO-34980,DN-1797,Uganda,PMO - US,From RDC,N/A - From RDC,Air,10/28/09,N/A - From RDC,3-May-10,3-May-10,3-May-10,ARV,Adult,SCMS from RDC,"Lamivudine/Nevirapine/Zidovudine 150/200/300mg, tablets, 60 Tabs",Lamivudine/Nevirapine/Zidovudine,Generic,150/300/200mg,Tablet - FDC,60.0,4400.0,49368.0,11.22,0.19,"Aurobindo Unit III, India",Yes,527,4549.95,106.44,,,,,,,,,,,,,,,,,,,,,,,,,,
50626,,,,,South Africa,,,,,,8/5/2014,,,,,,PHARMACY DIRECT,,Atazanavir,Reyataz,150mg,,,,,,,,,,,,116-ZA-T30,SCMS-238552,ASN-27608,PMO - US,Direct Drop,DDP,Truck,4/30/2014,5-Aug-14,5-Aug-14,5-Aug-14,ARV,Pediatric,"Atazanavir 150mg [Reyataz], capsules, 60 Caps",Capsule,60.0,6.0,132.03,22.0,0.37,"BMS Evansville, US",No,Weight Captured Separately,Freight Included in Commodity Cost,0.14,FPQ-13973
43244,,FPQ-8012,,,Guyana,,,,,,7/27/2011,,,,,,ABBVIE LOGISTICS (FORMERLY ABBOTT LOGISTICS BV),,Lopinavir/Ritonavir,Aluvia,200/50mg,,,,,,,,,,,,105-GY-T30,SCMS-116140,ASN-12868,PMO - US,Direct Drop,FCA,Air,7/11/2011,30-Nov-11,30-Nov-11,30-Nov-11,ARV,Adult,"Lopinavir/Ritonavir 200/50mg [Aluvia], tablets, 120 Tabs",Tablet,120.0,2245.0,184539.0,82.2,0.68,ABBVIE Ludwigshafen Germany,Yes,598,5178.47,304.49,
83479,111-MZ-T30,FPQ-6981,SO-38350,DN-2094,Mozambique,PMO - US,From RDC,N/A - From RDC,Air,1/6/11,N/A - From RDC,28-Feb-11,25-Feb-11,25-Feb-11,ARV,Pediatric,SCMS from RDC,"Zidovudine 10mg/ml, oral solution, Bottle, 240 ml",Zidovudine,Generic,10mg/ml,Oral solution,240.0,1177.0,2377.54,2.02,0.01,"Aurobindo Unit III, India",Yes,512,3415.72,3.92,,,,,,,,,,,,,,,,,,,,,,,,,,
83395,,FPQ-4469,,,Haiti,,,,,,N/A - From RDC,,,,,,SCMS from RDC,,Nevirapine,Generic,200mg,,,,,,,,,,,,106-HT-T30,SO-34230,DN-1617,PMO - US,From RDC,N/A - From RDC,Air,9/23/2009,5-Mar-10,24-Feb-10,24-Feb-10,ARV,Adult,"Nevirapine 200mg, tablets, 60 Tabs",Tablet,60.0,32850.0,95265.0,2.9,0.05,"Aurobindo Unit III, India",Yes,3917,39223.78,205.39,
12498,,Pre-PQ Process,,,Ethiopia,,,,,,N/A - From RDC,,,,,,SCMS from RDC,,Stavudine,Generic,1mg/ml,,,,,,,,,,,,117-ET-T01,SO-2358,DN-720,PMO - US,From RDC,N/A - From RDC,Air,Pre-PQ Process,21-Apr-08,21-Apr-08,21-Apr-08,ARV,Pediatric,"Stavudine 1mg/ml, powder for oral solution, 200 ml",Oral solution,200.0,3000.0,4200.0,1.4,0.01,"Aurobindo Unit III, India",Yes,342,1850.7,6.72,
11708,,Pre-PQ Process,,,Mozambique,,,,,,N/A - From RDC,,,,,,SCMS from RDC,,Zidovudine,Generic,300mg,,,,,,,,,,,,111-MZ-T01,SO-458,DN-90,PMO - US,From RDC,N/A - From RDC,Air,Pre-PQ Process,4-May-07,4-May-07,4-May-07,ARV,Adult,"Zidovudine 300mg, tablets, 60 Tabs",Tablet,60.0,4000.0,34080.0,8.52,0.14,"Ranbaxy, Paonta Shahib, India",Yes,Weight Captured Separately,596.4,,
48517,,FPQ-5018,,,Zimbabwe,,,,,,2/17/2010,,,,,,"Orgenics, Ltd",,"HIV 1/2, Determine Complete HIV Kit",Determine,,,,,,,,,,,,,100-ZW-T30,SCMS-65350,ASN-6754,PMO - US,Direct Drop,EXW,Air,2/2/2010,20-May-10,20-May-10,20-May-10,HRDT,HIV test,"HIV 1/2, Determine Complete HIV Kit, 100 Tests",Test kit,100.0,1845.0,132840.0,72.0,0.72,Inverness Japan,Yes,1000,18841.09,286.4,
11535,,Pre-PQ Process,,,Tanzania,,,,,,N/A - From RDC,,,,,,SCMS from RDC,,Efavirenz,Generic,600mg,,,,,,,,,,,,109-TZ-T01,SO-1942,DN-654,PMO - US,From RDC,N/A - From RDC,,Pre-PQ Process,28-Mar-08,28-Mar-08,28-Mar-08,ARV,Adult,"Efavirenz 600mg, tablets, 30 Tabs",Tablet,30.0,49997.0,620962.74,12.42,0.41,"Aurobindo Unit III, India",Yes,4345,14637,993.54,
80842,,FPQ-12522,,,South Africa,,,,,,8/27/2014,,,,,,S. BUYS WHOLESALER,,Nevirapine,Generic,200mg,,,,,,,,,,,,116-ZA-T30,SCMS-199283,ASN-27978,PMO - US,Direct Drop,DDP,Truck,7/11/2013,27-Aug-14,27-Aug-14,27-Aug-14,ARV,Adult,"Nevirapine 200mg, tablets, 60 Tabs",Tablet,60.0,57.0,1123.94,19.72,0.33,"Aurobindo Unit III, India",No,Weight Captured Separately,Freight Included in Commodity Cost,1.39,
1063,116-ZA-T01,Pre-PQ Process,SCMS-40810,ASN-3634,South Africa,PMO - US,Direct Drop,DDP,Air,Pre-PQ Process,Date Not Captured,31-Mar-09,2-Dec-08,2-Dec-08,ARV,Adult,S. BUYS WHOLESALER,"Efavirenz 600mg, tablets, 30 Tabs",Efavirenz,Generic,600mg,Tablet,30.0,3025.0,47522.75,15.71,0.52,"Aurobindo Unit III, India",Yes,Weight Captured Separately,Freight Included in Commodity Cost,93.14,,,,,,,,,,,,,,,,,,,,,,,,,,
4100,104-CI-T01,Pre-PQ Process,SCMS-12370,ASN-823,Côte d'Ivoire,PMO - US,Direct Drop,EXW,Air,Pre-PQ Process,9/18/07,25-Oct-07,25-Oct-07,25-Oct-07,HRDT,HIV test,"CHEMBIO DIAGNOSTIC SYSTEMS, INC.","HIV 1/2, Stat-Pak HIV, Kit, 20 Tests","HIV 1/2, Stat-Pak HIV, Kit",Stat-Pak,,Test kit,20.0,250.0,6750.0,27.0,1.35,Chembio Diagnostics Sys. Inc.,Yes,68,1711.86,10.8,,,,,,,,,,,,,,,,,,,,,,,,,,
36641,,FPQ-15380,,,Zimbabwe,,,,,,1/26/2015,,,,,,"Orgenics, Ltd",,"HIV 1/2, Determine Complete HIV Kit",Determine,,,,,,,,,,,,,113-ZW-T30,SCMS-266490,ASN-31132,PMO - US,Direct Drop,EXW,Air,11/17/2014,14-May-15,14-May-15,14-May-15,HRDT,HIV test,"HIV 1/2, Determine Complete HIV Kit, 100 Tests",Test kit,100.0,1500.0,120000.0,80.0,0.8,"Alere Medical Co., Ltd.",Yes,781,9914.59,141.24,
15909,,FPQ-3560,,,South Africa,,,,,,7/21/2009,,,,,,S. BUYS WHOLESALER,,Efavirenz,Generic,600mg,,,,,,,,,,,,116-ZA-T30,SCMS-49631,ASN-5444,PMO - US,Direct Drop,DDP,Truck,5/7/2009,14-Sep-09,9-Oct-09,9-Oct-09,ARV,Adult,"Efavirenz 600mg, tablets, 30 Tabs",Tablet,30.0,9612.0,183096.09,19.05,0.64,"Cipla, Goa, India",Yes,Weight Captured Separately,Freight Included in Commodity Cost,358.87,
16926,116-ZA-T30,FPQ-15269,SCMS-267020,ASN-29764,South Africa,PMO - US,Direct Drop,DDP,Truck,10/29/14,12/10/14,10-Dec-14,10-Dec-14,10-Dec-14,ARV,Adult,S. BUYS WHOLESALER,"Nevirapine 200mg, tablets, 60 Tabs",Nevirapine,Generic,200mg,Tablet,60.0,143.0,2313.12,16.18,0.27,"Cipla, Goa, India",Yes,Weight Captured Separately,Freight Included in Commodity Cost,2.72,,,,,,,,,,,,,,,,,,,,,,,,,,
12384,,Pre-PQ Process,,,Tanzania,,,,,,N/A - From RDC,,,,,,SCMS from RDC,,Nevirapine,Generic,200mg,,,,,,,,,,,,109-TZ-T01,SO-768,DN-239,PMO - US,From RDC,N/A - From RDC,Air,Pre-PQ Process,30-Jul-07,30-Jul-07,30-Jul-07,ARV,Adult,"Nevirapine 200mg, tablets, 60 Tabs",Tablet,60.0,11807.0,42150.99,3.57,0.06,"Aurobindo Unit III, India",Yes,1050,3291,67.44,
83097,104-CI-T30,FPQ-10405,SO-42980,DN-2958,Côte d'Ivoire,PMO - US,From RDC,N/A - From RDC,Truck,7/24/12,N/A - From RDC,1-Feb-13,14-Jan-13,14-Jan-13,ARV,Pediatric,SCMS from RDC,"Lamivudine/Zidovudine 30/60mg, tablets, 60 Tabs",Lamivudine/Zidovudine,Generic,30/60mg,Tablet - FDC,60.0,3952.0,10907.52,2.76,0.05,"Aurobindo Unit III, India",Yes,2705,9879.25,15.29,,,,,,,,,,,,,,,,,,,,,,,,,,
84141,,,,,Zimbabwe,,,,,,N/A - From RDC,,,,,,SCMS from RDC,,Nevirapine,Generic,200mg,,,,,,,,,,,,113-ZW-T30,SO-38520,DN-2519,PMO - US,From RDC,N/A - From RDC,Truck,1/19/2011,29-Feb-12,16-Feb-12,16-Feb-12,ARV,Adult,"Nevirapine 200mg, tablets, 60 Tabs",Tablet,60.0,9073.0,22773.23,2.51,0.04,"Aurobindo Unit VII, IN",Yes,2721,4777.08,37.58,FPQ-7052
83198,,FPQ-12248,,,Nigeria,,,,,,N/A - From RDC,,,,,,SCMS from RDC,,Lamivudine/Nevirapine/Zidovudine,Generic,150/300/200mg,,,,,,,,,,,,151-NG-T30,SO-45662,DN-3476,PMO - US,From RDC,N/A - From RDC,Air Charter,5/6/2013,17-Jan-14,10-Jan-14,16-Jan-14,ARV,Adult,"Lamivudine/Nevirapine/Zidovudine 150/200/300mg, tablets, 60 Tabs",Tablet - FDC,60.0,100000.0,858000.0,8.58,0.14,"Cipla, Goa, India",Yes,38992,49199.75,1061.35,
40479,,FPQ-14049,,,Tanzania,,,,,,5/16/2014,,,,,,ABBVIE LOGISTICS (FORMERLY ABBOTT LOGISTICS BV),,Lopinavir/Ritonavir,Kaletra,80/20mg/ml,,,,,,,,,,,,109-TZ-T30,SCMS-239390,ASN-26381,PMO - US,Direct Drop,FCA,Air,4/11/2014,30-Sep-14,30-Sep-14,7-Oct-14,ARV,Pediatric,"Lopinavir/Ritonavir 80/20mg/ml [Kaletra], oral solution, cool, Bottle 5 x 60 ml",Oral solution,300.0,304.0,9369.28,30.82,0.1,ABBVIE (Abbott) Logis. UK,Yes,278,5656.74,9.63,
83608,,FPQ-9432,,,Nigeria,,,,,,N/A - From RDC,,,,,,SCMS from RDC,,Nevirapine,Generic,200mg,,,,,,,,,,,,151-NG-T30,SO-42806,DN-2773,PMO - US,From RDC,N/A - From RDC,Air Charter,3/1/2012,2-Aug-12,24-Jul-12,24-Jul-12,ARV,Adult,"Nevirapine 200mg, tablets, 60 Tabs",Tablet,60.0,50000.0,125500.0,2.51,0.04,Mylan (formerly Matrix) Nashik,Yes,14810,16532.5,175.95,
82896,,,,,Côte d'Ivoire,,,,,,N/A - From RDC,,,,,,SCMS from RDC,,Nevirapine,Generic,200mg,,,,,,,,,,,,104-CI-T30,SO-36360,DN-1879,PMO - US,From RDC,N/A - From RDC,Air,3/3/2010,9-Jul-10,5-Jul-10,5-Jul-10,ARV,Adult,"Nevirapine 200mg, tablets, 60 Tabs",Tablet,60.0,12000.0,32760.0,2.73,0.05,"Strides, Bangalore, India.",Yes,733,5121.68,70.63,FPQ-5201
69659,,,,,Haiti,,,,,,7/31/2014,,,,,,MYLAN LABORATORIES LTD (FORMERLY MATRIX LABORATORIES),,Lamivudine/Nevirapine/Zidovudine,Generic,30/50/60mg,,,,,,,,,,,,106-HT-T30,SCMS-240202,ASN-28246,PMO - US,Direct Drop,EXW,Ocean,5/11/2014,17-Nov-14,17-Nov-14,17-Nov-14,ARV,Pediatric,"Lamivudine/Nevirapine/Zidovudine 30/50/60mg, dispersible tablets, 60 Tabs",Chewable/dispersible tablet - FDC,60.0,1152.0,4147.2,3.6,0.06,Mylan (formerly Matrix) Nashik,No,See ASN-28246 (ID#:33379),See ASN-28246 (ID#:33379),4.26,FPQ-14083
83459,102-UG-T30,FPQ-6403,SO-37480,DN-2031,Uganda,PMO - US,From RDC,N/A - From RDC,Air,9/16/10,N/A - From RDC,20-Oct-10,26-Oct-10,26-Oct-10,ARV,Adult,SCMS from RDC,"Lamivudine/Nevirapine/Stavudine 150/200/30mg, tablets, 60 Tabs",Lamivudine/Nevirapine/Stavudine,Generic,150/200/30mg,Tablet - FDC,60.0,1193.0,6835.89,5.73,0.1,"Cipla, Goa, India",Yes,144,1413.56,14.74,,,,,,,,,,,,,,,,,,,,,,,,,,
12778,112-NG-T01,Pre-PQ Process,SO-2351,DN-717,Nigeria,PMO - US,From RDC,N/A - From RDC,Air,Pre-PQ Process,N/A - From RDC,18-Apr-08,18-Apr-08,18-Apr-08,ARV,Adult,SCMS from RDC,"Emtricitabine/Tenofovir Disoproxil Fumarate 200/300mg [Truvada], tablets, 30 Tabs",Emtricitabine/Tenofovir Disoproxil Fumarate,Truvada,300/200mg,Tablet - FDC,30.0,16.0,420.0,26.25,0.88,"Aspen-OSD, Port Elizabeth, SA",No,See DN-717 (ID#:11858),See DN-717 (ID#:11858),0.67,,,,,,,,,,,,,,,,,,,,,,,,,,
6084,,,,,Mozambique,,,,,,10/14/2008,,,,,,"Trinity Biotech, Plc",,"HIV 1/2, Uni-Gold HIV Kit",Uni-Gold,,,,,,,,,,,,,111-MZ-T01,SCMS-31770,ASN-2946,PMO - US,Direct Drop,EXW,Air,Pre-PQ Process,29-Dec-08,29-Dec-08,29-Dec-08,HRDT,HIV test,"HIV 1/2, Uni-Gold HIV Kit, 20 Tests",Test kit,20.0,4916.0,157312.0,32.0,1.6,"Trinity Biotech, Plc",Yes,1651,23300.18,308.33,Pre-PQ Process
83388,106-HT-T30,FPQ-4384,SO-34720,DN-1590,Haiti,PMO - US,From RDC,N/A - From RDC,Air Charter,10/23/09,N/A - From RDC,25-Dec-09,17-Dec-09,17-Dec-09,ARV,Pediatric,SCMS from RDC,"Efavirenz 30mg/ml [Stocrin/Sustiva], oral solution, Bottle, 180 ml",Efavirenz,Stocrin/Sustiva,30mg/ml,Oral solution,180.0,230.0,3900.8,16.96,0.09,"MSD, Haarlem, NL",Yes,132,8329.13,8.41,,,,,,,,,,,,,,,,,,,,,,,,,,
69683,109-TZ-T30,FPQ-6936,SCMS-100634,ASN-10903,Tanzania,PMO - US,Direct Drop,EXW,Air,12/27/10,5/2/11,14-Jul-11,14-Jul-11,14-Jul-11,HRDT,HIV test,"Standard Diagnostics, Inc.","HIV 1/2, Bioline 3.0 Kit, Lancets, Capillary pipets, Alcohol swabs included, 25 Tests","HIV 1/2, Bioline 3.0 Kit, Lancets, Capillary pipets, Alcohol swabs included",Bioline,,Test kit,25.0,10000.0,200000.0,20.0,0.8,"Standard Diagnostics, Korea",Yes,3334,23623.43,330.0,,,,,,,,,,,,,,,,,,,,,,,,,,
86333,104-CI-T30,FPQ-5201,SO-36320,DN-2005,Côte d'Ivoire,PMO - US,From RDC,N/A - From RDC,Air,3/3/10,N/A - From RDC,10-Sep-10,6-Sep-10,6-Sep-10,ARV,Pediatric,SCMS from RDC,"Didanosine 200mg, chewable/dispersible tablets, 60 Tabs",Didanosine,Generic,200mg,Chewable/dispersible tablet,60.0,3968.0,61504.0,15.5,0.26,"Aurobindo Unit III, India",Yes,842,8815.65,132.6,,,,,,,,,,,,,,,,,,,,,,,,,,
15930,110-ZM-T30,FPQ-4692,SCMS-60720,ASN-6175,Zambia,PMO - US,Direct Drop,EXW,Air,12/16/09,12/22/09,16-Mar-10,16-Mar-10,16-Mar-10,HRDT,HIV test,"Trinity Biotech, Plc","HIV 1/2, Uni-Gold HIV Kit, 20 Tests","HIV 1/2, Uni-Gold HIV Kit",Uni-Gold,,Test kit,20.0,5264.0,168448.0,32.0,1.6,"Trinity Biotech, Plc",Yes,1826,16438.26,363.17,,,,,,,,,,,,,,,,,,,,,,,,,,
20417,116-ZA-T30,FPQ-14942,SCMS-259079,ASN-33851,South Africa,PMO - US,Direct Drop,DDP,Truck,9/11/14,10/9/14,24-Aug-15,24-Aug-15,24-Aug-15,ARV,Adult,PHARMACY DIRECT,"Efavirenz 600mg, tablets, 30 Tabs",Efavirenz,Generic,600mg,Tablet,30.0,42.0,507.93,12.09,0.4,"Aurobindo Unit III, India",Yes,Weight Captured Separately,Freight Included in Commodity Cost,0.52,,,,,,,,,,,,,,,,,,,,,,,,,,
86193,,FPQ-15622,,,Rwanda,,,,,,N/A - From RDC,,,,,,SCMS from RDC,,Efavirenz,Generic,200mg,,,,,,,,,,,,107-RW-T30,SO-50721,DN-4238,PMO - US,From RDC,N/A - From RDC,Truck,12/22/2014,30-Jun-15,5-May-15,6-May-15,ARV,Pediatric,"Efavirenz 200mg, scored tablets, 90 Tabs",Tablet,90.0,2118.0,19697.4,9.3,0.1,"Strides, Bangalore, India.",Yes,Weight Captured Separately,Invoiced Separately,23.18,
12959,,,,,Zambia,,,,,,9/19/2014,,,,,,"Orgenics, Ltd",,"HIV 1/2, Determine Complete HIV Kit",Determine,,,,,,,,,,,,,110-ZM-T30,SCMS-256500,ASN-31164,PMO - US,Direct Drop,EXW,Air,8/19/2014,12-May-15,12-May-15,14-May-15,HRDT,HIV test,"HIV 1/2, Determine Complete HIV Kit, 100 Tests",Test kit,100.0,6280.0,502400.0,80.0,0.8,"Alere Medical Co., Ltd.",Yes,2548,28709.52,516.47,FPQ-14827
11511,,Pre-PQ Process,,,Zimbabwe,,,,,,N/A - From RDC,,,,,,SCMS from RDC,,"HIV 1/2, Bioline 3.0 Kit, Lancets, Capillary pipets, Alcohol swabs included",Bioline,,,,,,,,,,,,,113-ZW-T01,SO-1439,DN-477,PMO - US,From RDC,N/A - From RDC,Air,Pre-PQ Process,11-Jan-08,11-Jan-08,11-Jan-08,HRDT,HIV test,"HIV 1/2, Bioline 3.0 Kit, Lancets, Capillary pipets, Alcohol swabs included, 25 Tests",Test kit,25.0,3508.0,70160.0,20.0,0.8,"Standard Diagnostics, Korea",Yes,1052,4641.85,112.26,
34280,,,,,Vietnam,,,,,,3/29/2010,,,,,,STRIDES ARCOLAB LIMITED,,Lamivudine,Generic,150mg,,,,,,,,,,,,108-VN-T30,SCMS-69520,ASN-7485,PMO - US,Direct Drop,EXW,Air,3/22/2010,3-Aug-10,3-Aug-10,3-Aug-10,ARV,Adult,"Lamivudine 150mg, tablets, 60 Tabs",Tablet,60.0,5600.0,13160.0,2.35,0.04,"Strides, Bangalore, India.",No,See ASN-7485 (ID#:30256),See ASN-7485 (ID#:30256),28.37,FPQ-5317
10477,,,,,Namibia,,,,,,6/1/2009,,,,,,"Orgenics, Ltd",,"HIV 1/2, Determine Complete HIV Kit",Determine,,,,,,,,,,,,,119-NA-T01,SCMS-46810,ASN-4412,PMO - US,Direct Drop,EXW,Air,Pre-PQ Process,29-Jul-09,29-Jul-09,29-Jul-09,HRDT,HIV test,"HIV 1/2, Determine Complete HIV Kit, 100 Tests",Test kit,100.0,150.0,10800.0,72.0,0.72,Inverness Japan,Yes,47,2681.23,21.17,Pre-PQ Process
17701,,,,,Mali,,,,,,7/31/2012,,,,,,Orasure Technologies Inc.,,"HIV 1/2, OraQuick Advance HIV Rapid Antibody Kit",OraQuick,,,,,,,,,,,,,102-ML-T30,SCMS-153770,ASN-15931,PMO - US,Direct Drop,EXW,Air,7/5/2012,11-Sep-12,11-Sep-12,11-Sep-12,HRDT,HIV test,"HIV 1/2, OraQuick Advance HIV Rapid Antibody Kit, 100 Tests",Test kit,100.0,5.0,2000.0,400.0,4.0,"Pacific Biotech, Thailand",Yes,12,1840.97,2.8,FPQ-10104
84757,110-ZM-T30,FPQ-9773,SO-41992,DN-2865,Zambia,PMO - US,From RDC,N/A - From RDC,Truck,4/27/12,N/A - From RDC,10-Oct-12,5-Oct-12,5-Oct-12,ARV,Adult,SCMS from RDC,"Nevirapine 200mg, tablets, 60 Tabs",Nevirapine,Generic,200mg,Tablet,60.0,100000.0,242000.0,2.42,0.04,Hetero Unit III Hyderabad IN,No,See DN-2865 (ID#:82514),See DN-2865 (ID#:82514),339.28,,,,,,,,,,,,,,,,,,,,,,,,,,
82292,,,,,Mozambique,,,,,,N/A - From RDC,,,,,,SCMS from RDC,,Lamivudine,Generic,150mg,,,,,,,,,,,,111-MZ-T30,SO-33590,DN-1628,PMO - US,From RDC,N/A - From RDC,Air,9/14/2009,14-Apr-10,14-Apr-10,14-Apr-10,ARV,Adult,"Lamivudine 150mg, tablets, 60 Tabs",Tablet,60.0,1939.0,4731.16,2.44,0.04,"Aurobindo Unit III, India",No,See DN-1628 (ID#:82291),See DN-1628 (ID#:82291),9.27,FPQ-4471
14230,,,,,Rwanda,,,,,,2/6/2013,,,,,,ABBVIE LOGISTICS (FORMERLY ABBOTT LOGISTICS BV),,Lopinavir/Ritonavir,Kaletra,80/20mg/ml,,,,,,,,,,,,107-RW-T30,SCMS-176980,ASN-18319,PMO - US,Direct Drop,FCA,Air,2/3/2013,17-May-13,17-May-13,17-May-13,ARV,Pediatric,"Lopinavir/Ritonavir 80/20mg/ml [Kaletra], oral solution, cool, Bottle 5 x 60 ml",Oral solution,300.0,400.0,12328.0,30.82,0.1,ABBVIE (Abbott) Logis. UK,Yes,454,7152.99,15.25,FPQ-11585
86171,,FPQ-14575,,,Zambia,,,,,,N/A - From RDC,,,,,,SCMS from RDC,,Nevirapine,Generic,200mg,,,,,,,,,,,,110-ZM-T30,SO-49280,DN-4154,PMO - US,From RDC,N/A - From RDC,Truck,7/11/2014,27-Feb-15,25-Mar-15,26-Mar-15,ARV,Adult,"Nevirapine 200mg, tablets, 60 Tabs",Tablet,60.0,198040.0,431727.2,2.18,0.04,Hetero Unit III Hyderabad IN,No,See DN-4154 (ID#:84454),See DN-4154 (ID#:84454),443.82,
42094,,,,,South Africa,,,,,,12/2/2013,,,,,,S. BUYS WHOLESALER,,Stavudine,Generic,30mg,,,,,,,,,,,,116-ZA-T30,SCMS-215370,ASN-24415,PMO - US,Direct Drop,DDP,Truck,10/8/2013,6-Feb-14,6-Feb-14,6-Feb-14,ARV,Adult,"Stavudine 30mg, capsules, 60 Caps",Capsule,60.0,1022.0,3808.14,3.73,0.06,"Aurobindo Unit III, India",No,Weight Captured Separately,Freight Included in Commodity Cost,4.71,FPQ-13035
80138,,FPQ-5535,,,South Africa,,,,,,4/21/2010,,,,,,S. BUYS WHOLESALER,,Didanosine EC,Videx EC,400mg,,,,,,,,,,,,116-ZA-T30,SCMS-71370,ASN-7373,PMO - US,Direct Drop,DDP,Truck,4/19/2010,31-May-10,31-May-10,31-May-10,ARV,Adult,"Didanosine EC 400mg [Videx EC], delayed-release capsules, Blister 3 x 10 Caps",Delayed-release capsules - blister,30.0,140.0,4039.16,28.85,0.96,"BMS Meymac, France",No,Weight Captured Separately,Freight Included in Commodity Cost,8.71,
5366,,,,,Haiti,,,,,,7/26/2007,,,,,,"Orgenics, Ltd",,"HIV, Lancet, Safety, for HIV Test kits, 100 Pcs",Generic,,,,,,,,,,,,,100-HT-T01,SCMS-10080,ASN-606,PMO - US,Direct Drop,EXW,Air,Pre-PQ Process,13-Aug-07,7-Aug-07,7-Aug-07,HRDT,HIV test - Ancillary,"HIV, Lancet, Safety, for HIV Test kits, 100 Pcs",Test kit - Ancillary,100.0,300.0,3.0,0.01,0.0,Inverness Japan,Yes,24,240,0.0,Pre-PQ Process
44463,,FPQ-12522,,,South Africa,,,,,,8/29/2014,,,,,,S. BUYS WHOLESALER,,Lamivudine,Generic,150mg,,,,,,,,,,,,116-ZA-T30,SCMS-199289,ASN-28033,PMO - US,Direct Drop,DDP,Truck,7/11/2013,29-Aug-14,29-Aug-14,29-Aug-14,ARV,Adult,"Lamivudine 150mg, tablets, 60 Tabs",Tablet,60.0,608.0,5932.29,9.76,0.16,Hetero Unit III Hyderabad IN,No,Weight Captured Separately,Freight Included in Commodity Cost,7.34,
84780,,,,,Zimbabwe,,,,,,N/A - From RDC,,,,,,SCMS from RDC,,Efavirenz,Generic,600mg,,,,,,,,,,,,113-ZW-T30,SO-43220,DN-2989,PMO - US,From RDC,N/A - From RDC,Truck,9/11/2012,11-Feb-13,11-Feb-13,11-Feb-13,ARV,Adult,"Efavirenz 600mg, tablets, 30 Tabs",Tablet,30.0,636.0,2264.16,3.56,0.12,"Strides, Bangalore, India.",No,See DN-2989 (ID#:84216),See DN-2989 (ID#:84216),3.17,FPQ-10632
57905,116-ZA-T30,FPQ-14942,SCMS-259076,ASN-32524,South Africa,PMO - US,Direct Drop,DDP,Truck,9/11/14,6/2/15,2-Jun-15,2-Jun-15,2-Jun-15,ARV,Adult,PHARMACY DIRECT,"Didanosine 400mg, delayed-release capsules, 30 Caps",Didanosine,Generic,400mg,Delayed-release capsules,30.0,6.0,85.31,14.22,0.47,"Aurobindo Unit III, India",No,Weight Captured Separately,Freight Included in Commodity Cost,0.09,,,,,,,,,,,,,,,,,,,,,,,,,,
83777,114-UG-T30,FPQ-13108,SO-46882,DN-3602,Uganda,PMO - US,From RDC,N/A - From RDC,Truck,10/16/13,N/A - From RDC,30-Apr-14,18-Apr-14,7-May-14,ARV,Adult,SCMS from RDC,"Nevirapine 200mg, tablets, 60 Tabs",Nevirapine,Generic,200mg,Tablet,60.0,12965.0,29300.9,2.26,0.04,"Aurobindo Unit III, India",Yes,1243,Freight Included in Commodity Cost,30.12,,,,,,,,,,,,,,,,,,,,,,,,,,
76586,133-NG-T30,FPQ-12456,SCMS-196550,ASN-21949,Nigeria,PMO - US,Direct Drop,EXW,Air,6/10/13,7/10/13,24-Oct-13,24-Oct-13,1-Nov-13,HRDT,HIV test,"Trinity Biotech, Plc","HIV 1/2, Uni-Gold HIV Kit, 20 Tests","HIV 1/2, Uni-Gold HIV Kit",Uni-Gold,,Test kit,20.0,6355.0,203360.0,32.0,1.6,"Trinity Biotech, Plc",Yes,290,15450.88,251.56,,,,,,,,,,,,,,,,,,,,,,,,,,
12909,,Pre-PQ Process,,,Uganda,,,,,,N/A - From RDC,,,,,,SCMS from RDC,,Lamivudine/Nevirapine/Zidovudine,Generic,150/300/200mg,,,,,,,,,,,,114-UG-T01,SO-31440,DN-1408,PMO - US,From RDC,N/A - From RDC,Ocean,Date Not Captured,15-Sep-09,15-Sep-09,15-Sep-09,ARV,Adult,"Lamivudine/Nevirapine/Zidovudine 150/200/300mg, tablets, 60 Tabs",Tablet - FDC,60.0,8784.0,99698.4,11.35,0.19,Mylan (formerly Matrix) Nashik,Yes,1118,7338.54,195.41,
5717,,Pre-PQ Process,,,South Africa,,,,,,4/4/2008,,,,,,S. BUYS WHOLESALER,,Nevirapine,Viramune,200mg,,,,,,,,,,,,116-ZA-T01,SCMS-21460,ASN-1667,PMO - US,Direct Drop,DDP,,Pre-PQ Process,25-Apr-08,7-Apr-08,7-Apr-08,ARV,Adult,"Nevirapine 200mg [Viramune], tablets, 60 Tabs",Tablet,60.0,100.0,2030.0,20.3,0.34,"BI, Ingelheim, Germany",No,Weight Captured Separately,Freight Included in Commodity Cost,3.25,
84035,151-NG-T30,FPQ-5023,SO-36467,DN-1992,Nigeria,PMO - US,From RDC,N/A - From RDC,Air Charter,2/10/10,N/A - From RDC,12-Aug-10,17-Aug-10,17-Aug-10,ARV,Adult,SCMS from RDC,"Nevirapine 200mg, tablets, 60 Tabs",Nevirapine,Generic,200mg,Tablet,60.0,34801.0,95006.73,2.73,0.05,"Aurobindo Unit III, India",Yes,3951,6147.18,204.83,,,,,,,,,,,,,,,,,,,,,,,,,,
85798,,FPQ-8364,,,Nigeria,,,,,,N/A - From RDC,,,,,,SCMS from RDC,,Lamivudine/Zidovudine,Generic,150/300mg,,,,,,,,,,,,151-NG-T30,SO-40725,DN-2402,PMO - US,From RDC,N/A - From RDC,Air Charter,8/29/2011,2-Mar-12,14-Oct-11,14-Oct-11,ARV,Adult,"Lamivudine/Zidovudine 150/300mg, tablets, 60 Tabs",Tablet - FDC,60.0,88433.0,730456.58,8.26,0.14,"Aurobindo Unit III, India",Yes,8935,21326.73,1205.25,
13978,108-VN-T30,FPQ-11418,SCMS-176300,ASN-19787,Vietnam,PMO - US,Direct Drop,EXW,Air,1/29/13,2/6/13,1-Jul-13,1-Jul-13,1-Jul-13,ARV,Adult,HETERO LABS LIMITED,"Lamivudine/Zidovudine 150/300mg, tablets, 60 Tabs",Lamivudine/Zidovudine,Generic,150/300mg,Tablet - FDC,60.0,9095.0,62300.75,6.85,0.11,Hetero Unit III Hyderabad IN,Yes,1736,8163.83,77.07,,,,,,,,,,,,,,,,,,,,,,,,,,
86573,,FPQ-11393,,,Tanzania,,,,,,N/A - From RDC,,,,,,SCMS from RDC,,Lopinavir/Ritonavir,Generic,200/50mg,,,,,,,,,,,,109-TZ-T30,SO-44382,DN-3177,PMO - US,From RDC,N/A - From RDC,Truck,12/30/2012,31-May-13,18-Jun-13,18-Jun-13,ARV,Adult,"Lopinavir/Ritonavir 200/50mg, tablets, 120 Tabs",Tablet,120.0,7995.0,174131.1,21.78,0.18,"Aurobindo Unit III, India",Yes,1946,12382,215.4,
85590,,,,,Mozambique,,,,,,N/A - From RDC,,,,,,SCMS from RDC,,Tenofovir Disoproxil Fumarate,Generic,300mg,,,,,,,,,,,,111-MZ-T30,SO-50500,DN-4237,PMO - US,From RDC,N/A - From RDC,Truck,10/17/2014,29-May-15,15-Jun-15,15-Jun-15,ARV,Adult,"Tenofovir Disoproxil Fumarate 300mg, tablets, 30 Tabs",Tablet,30.0,960.0,3408.0,3.55,0.12,Hetero Unit III Hyderabad IN,Yes,76,137.4,4.01,FPQ-15229
38409,,FPQ-6936,,,Tanzania,,,,,,2/25/2011,,,,,,"Trinity Biotech, Plc",,"HIV 1/2, Uni-Gold HIV Kit",Uni-Gold,,,,,,,,,,,,,109-TZ-T30,SCMS-100640,ASN-10166,PMO - US,Direct Drop,EXW,Air,12/27/2010,26-Apr-11,26-Apr-11,26-Apr-11,HRDT,HIV test,"HIV 1/2, Uni-Gold HIV Kit, 20 Tests",Test kit,20.0,625.0,20000.0,32.0,1.6,"Trinity Biotech, Plc",Yes,200,2918.12,33.0,
10824,100-CI-T01,Pre-PQ Process,SO-430,DN-75,Côte d'Ivoire,PMO - US,From RDC,N/A - From RDC,,Pre-PQ Process,N/A - From RDC,30-Apr-07,30-Apr-07,30-Apr-07,ARV,Adult,SCMS from RDC,"Lamivudine/Zidovudine 150/300mg, tablets, 60 Tabs",Lamivudine/Zidovudine,Generic,150/300mg,Tablet - FDC,60.0,6945.0,71186.25,10.25,0.17,"Aurobindo Unit III, India",Yes,650,2457,,,,,,,,,,,,,,,,,,,,,,,,,,,
11379,110-ZM-T01,Pre-PQ Process,SO-536,DN-136,Zambia,PMO - US,From RDC,N/A - From RDC,Air,Pre-PQ Process,N/A - From RDC,21-May-07,21-May-07,21-May-07,HRDT,HIV test,SCMS from RDC,"HIV 1/2, Bioline 3.0 Kit, Lancets, Capillary pipets, Alcohol swabs included, 25 Tests","HIV 1/2, Bioline 3.0 Kit, Lancets, Capillary pipets, Alcohol swabs included",Bioline,,Test kit,25.0,452.0,9040.0,20.0,0.8,"Standard Diagnostics, Korea",Yes,Weight Captured Separately,1250.72,,,,,,,,,,,,,,,,,,,,,,,,,,,
84048,,,,,Uganda,,,,,,N/A - From RDC,,,,,,SCMS from RDC,,Lamivudine/Nevirapine/Zidovudine,Generic,150/300/200mg,,,,,,,,,,,,102-UG-T30,SO-37460,DN-2026,PMO - US,From RDC,N/A - From RDC,Air,9/16/2010,20-Oct-10,25-Oct-10,25-Oct-10,ARV,Adult,"Lamivudine/Nevirapine/Zidovudine 150/200/300mg, tablets, 60 Tabs",Tablet - FDC,60.0,31084.0,348762.48,11.22,0.19,Mylan (formerly Matrix) Nashik,No,See DN-2026 (ID#:84047),See DN-2026 (ID#:84047),751.93,FPQ-6403
84663,,,,,Mozambique,,,,,,N/A - From RDC,,,,,,SCMS from RDC,,Nevirapine,Generic,200mg,,,,,,,,,,,,111-MZ-T30,SO-38634,DN-2303,PMO - US,From RDC,N/A - From RDC,Truck,1/24/2011,30-Sep-11,15-Sep-11,15-Sep-11,ARV,Adult,"Nevirapine 200mg, tablets, 60 Tabs",Tablet,60.0,1890.0,4876.2,2.58,0.04,"Aurobindo Unit VII, IN",Yes,183,112.87,8.05,FPQ-7053
4321,,,,,Botswana,,,,,,3/11/2008,,,,,,"Orgenics, Ltd",,"HIV, Lancet, Safety, for HIV Test kits, 100 Pcs",Generic,,,,,,,,,,,,,102-BW-T01,SCMS-18730,ASN-1609,PMO - US,Direct Drop,EXW,Air,Pre-PQ Process,23-Jun-08,23-Jun-08,23-Jun-08,HRDT,HIV test - Ancillary,"HIV, Lancet, Safety, for HIV Test kits, 100 Pcs",Test kit - Ancillary,100.0,200.0,2.0,0.01,0.0,Inverness Japan,Yes,Weight Captured Separately,Invoiced Separately,0.0,Pre-PQ Process
84551,,FPQ-4537,,,Nigeria,,,,,,N/A - From RDC,,,,,,SCMS from RDC,,Lamivudine/Zidovudine+Efavirenz,Generic,150/300mg+600mg,,,,,,,,,,,,151-NG-T30,SO-35112,DN-1787,PMO - US,From RDC,N/A - From RDC,Air Charter,11/6/2009,31-May-10,18-May-10,18-May-10,ARV,Adult,"Lamivudine/Zidovudine+Efavirenz 150/300mg+600mg, tablets, co-blister 60+30 Tabs",Tablet - FDC + co-blister,90.0,309.0,8497.5,27.5,0.31,"Aurobindo Unit III, India",Yes,51,9736.1,18.32,
25726,107-RW-T30,FPQ-4954,SCMS-64520,ASN-7396,Rwanda,PMO - US,Direct Drop,CIP,Air,1/29/10,2/9/10,30-Jun-10,30-Jun-10,30-Jun-10,ARV,Adult,MYLAN LABORATORIES LTD (FORMERLY MATRIX LABORATORIES),"Abacavir 300mg, tablets, 60 Tabs",Abacavir,Generic,300mg,Tablet,60.0,26100.0,424125.0,16.25,0.27,Mylan (formerly Matrix) Nashik,Yes,2586,1170.2,914.41,,,,,,,,,,,,,,,,,,,,,,,,,,
46653,,,,,South Africa,,,,,,8/7/2009,,,,,,S. BUYS WHOLESALER,,Lamivudine,Epivir,10mg/ml,,,,,,,,,,,,116-ZA-T30,SCMS-51250,ASN-5056,PMO - US,Direct Drop,DDP,Truck,7/29/2009,24-Aug-09,24-Aug-09,24-Aug-09,ARV,Pediatric,"Lamivudine 10mg/ml [Epivir], oral solution, Bottle, 240 ml",Oral solution,240.0,300.0,2040.28,6.8,0.03,GSK Mississauga (Canada),Yes,Weight Captured Separately,Freight Included in Commodity Cost,4.0,FPQ-4054
21414,,,,,Uganda,,,,,,9/10/2013,,,,,,CIPLA LIMITED,,Lamivudine/Nevirapine/Zidovudine,Generic,150/300/200mg,,,,,,,,,,,,114-UG-T30,SCMS-198541,ASN-22494,PMO - US,Direct Drop,EXW,Air,7/8/2013,16-Nov-13,16-Nov-13,21-Nov-13,ARV,Adult,"Lamivudine/Nevirapine/Zidovudine 150/200/300mg, tablets, 60 Tabs",Tablet - FDC,60.0,60929.0,493524.9,8.1,0.13,"Cipla, Goa, India",Yes,8638,30764.18,610.49,FPQ-12477
37531,,,,,South Africa,,,,,,3/19/2010,,,,,,Aurobindo Pharma Limited,,Lamivudine,Generic,10mg/ml,,,,,,,,,,,,161-ZA-T30,SCMS-68952,ASN-7507,PMO - US,Direct Drop,DDP,Air,3/18/2010,24-Aug-10,24-Aug-10,24-Aug-10,ARV,Pediatric,"Lamivudine 10mg/ml, oral solution w/syringe, Bottle, 240 ml",Oral solution,240.0,3184.0,9552.0,3.0,0.01,"Aurobindo Unit III, India",Yes,1205,3283.62,20.59,FPQ-5303
55783,,FPQ-3859,,,Rwanda,,,,,,7/17/2009,,,,,,Aurobindo Pharma Limited,,Abacavir,Generic,300mg,,,,,,,,,,,,107-RW-T30,SCMS-48910,ASN-5880,PMO - US,Direct Drop,CIP,Air,6/30/2009,27-Jan-10,27-Jan-10,27-Jan-10,ARV,Adult,"Abacavir 300mg, tablets, 60 Tabs",Tablet,60.0,9270.0,179189.1,19.33,0.32,"Aurobindo Unit III, India",Yes,1010,16847.52,351.21,
84803,102-BI-T30,FPQ-11661,SO-44640,DN-3096,Burundi,PMO - US,From RDC,N/A - From RDC,Air,2/20/13,N/A - From RDC,2-May-13,10-May-13,10-May-13,ARV,Pediatric,SCMS from RDC,"Lamivudine 10mg/ml, oral solution w/syringe, Bottle, 240 ml",Lamivudine,Generic,10mg/ml,Oral solution,240.0,552.0,1021.2,1.85,0.01,"Aurobindo Unit III, India",No,See DN-3096 (ID#:83671),See DN-3096 (ID#:83671),1.26,,,,,,,,,,,,,,,,,,,,,,,,,,
42980,,FPQ-9210,,,Ethiopia,,,,,,1/23/2012,,,,,,"SHANGHAI KEHUA BIOENGINEERING CO.,LTD.  (KHB)",,"HIV 1/2, Colloidal Gold, Diagnostic Kit, Antibody",Colloidal Gold,,,,,,,,,,,,,117-ET-T30,SCMS-134760,ASN-14231,PMO - US,Direct Drop,EXW,Air,1/18/2012,2-Apr-12,2-Apr-12,2-Apr-12,HRDT,HIV test,"HIV 1/2, SKB Colloidal Gold, Diagnostic Kit, Antibody, 50 Tests",Test kit,1.0,924.0,22638.0,24.5,24.5,"KHB Test Kit Facility, Shanghai China",Yes,656,6488.44,31.74,
28998,,,,,Vietnam,,,,,,2/11/2013,,,,,,ABBVIE LOGISTICS (FORMERLY ABBOTT LOGISTICS BV),,Lopinavir/Ritonavir,Aluvia,200/50mg,,,,,,,,,,,,108-VN-T30,SCMS-176140,ASN-19490,PMO - US,Direct Drop,FCA,Air,1/29/2013,3-Jun-13,3-Jun-13,3-Jun-13,ARV,Adult,"Lopinavir/Ritonavir 200/50mg [Aluvia], tablets, 120 Tabs",Tablet,120.0,3885.0,236285.7,60.82,0.51,ABBVIE Ludwigshafen Germany,Yes,930,8303.48,292.29,FPQ-11418
12050,,Pre-PQ Process,,,Nigeria,,,,,,N/A - From RDC,,,,,,SCMS from RDC,,Lamivudine,Generic,150mg,,,,,,,,,,,,112-NG-T01,SO-563,DN-209,PMO - US,From RDC,N/A - From RDC,,Pre-PQ Process,3-Jul-07,3-Jul-07,3-Jul-07,ARV,Adult,"Lamivudine 150mg, tablets, 60 Tabs",Tablet,60.0,552.0,1827.12,3.31,0.06,"Ranbaxy, Paonta Shahib, India",No,See DN-209 (ID#:11136),See DN-209 (ID#:11136),2.92,
61191,106-HT-T30,FPQ-9066,SCMS-138590,ASN-16098,Haiti,PMO - US,Direct Drop,EXW,Air,1/6/12,2/24/12,5-Sep-12,5-Sep-12,5-Sep-12,ARV,Pediatric,CIPLA LIMITED,"Abacavir/Lamivudine 60/30mg, dispersible tablets, 60 Tabs",Abacavir/Lamivudine,Generic,60/30mg,Chewable/dispersible tablet - FDC,60.0,2460.0,17220.0,7.0,0.12,"Cipla, Patalganga, India",Yes,173,1312.75,24.14,,,,,,,,,,,,,,,,,,,,,,,,,,
85457,,,,,Tanzania,,,,,,N/A - From RDC,,,,,,SCMS from RDC,,Efavirenz/Emtricitabine/Tenofovir Disoproxil Fumarate,Generic,600/200/300mg,,,,,,,,,,,,109-TZ-T30,SO-47653,DN-3629,PMO - US,From RDC,N/A - From RDC,Truck,1/15/2014,30-Jun-14,15-Aug-14,8-Sep-14,ARV,Adult,"Efavirenz/Emtricitabine/Tenofovir Disoproxil Fumarate 600/200/300mg, tablets, 30 Tabs",Tablet - FDC,30.0,76134.0,905233.26,11.89,0.4,"Hetero, Jadcherla, unit 5, IN",Yes,9400,43758.8,930.58,FPQ-13566
85812,,,,,Mozambique,,,,,,N/A - From RDC,,,,,,SCMS from RDC,,Lamivudine/Nevirapine/Zidovudine,Generic,150/300/200mg,,,,,,,,,,,,111-MZ-T30,SO-40350,DN-2481,PMO - US,From RDC,N/A - From RDC,Truck,8/4/2011,29-Feb-12,22-Feb-12,22-Feb-12,ARV,Adult,"Lamivudine/Nevirapine/Zidovudine 150/200/300mg, tablets, 60 Tabs",Tablet - FDC,60.0,250000.0,2805000.0,11.22,0.19,Mylan (formerly Matrix) Nashik,Yes,32538,20179.39,4628.25,FPQ-8157
53591,,FPQ-9098,,,Ethiopia,,,,,,1/23/2012,,,,,,"Trinity Biotech, Plc",,"HIV 1/2, Uni-Gold HIV Kit",Uni-Gold,,,,,,,,,,,,,117-ET-T30,SCMS-133510,ASN-14558,PMO - US,Direct Drop,EXW,Air,1/10/2012,25-Apr-12,25-Apr-12,25-Apr-12,HRDT,HIV test,"HIV 1/2, Uni-Gold HIV Kit, 20 Tests",Test kit,20.0,165.0,5280.0,32.0,1.6,"Trinity Biotech, Plc",Yes,138,794.72,7.4,
12785,110-ZM-T01,Pre-PQ Process,SO-2485,DN-828,Zambia,PMO - US,From RDC,N/A - From RDC,Truck,Pre-PQ Process,N/A - From RDC,29-Jul-08,29-Jul-08,29-Jul-08,ARV,Adult,SCMS from RDC,"Lamivudine/Zidovudine 150/300mg, tablets, 60 Tabs",Lamivudine/Zidovudine,Generic,150/300mg,Tablet - FDC,60.0,9474.0,89529.3,9.45,0.16,"Aurobindo Unit III, India",No,See DN-828 (ID#:10678),See DN-828 (ID#:10678),143.25,,,,,,,,,,,,,,,,,,,,,,,,,,
85938,101-CD-T30,FPQ-11096,SO-43750,DN-3017,"Congo, DRC",PMO - US,From RDC,N/A - From RDC,Air,11/20/12,N/A - From RDC,18-Mar-13,8-Aug-13,8-Aug-13,ARV,Pediatric,SCMS from RDC,"Zidovudine 10mg/ml, oral solution w/syringe, Bottle, 240 ml",Zidovudine,Generic,10mg/ml,Oral solution,240.0,738.0,1549.8,2.1,0.01,"Aurobindo Unit III, India",No,See DN-3017 (ID#:83108),See DN-3017 (ID#:83108),1.92,,,,,,,,,,,,,,,,,,,,,,,,,,
33812,,FPQ-14942,,,South Africa,,,,,,5/11/2015,,,,,,PHARMACY DIRECT,,Lamivudine,Generic,10mg/ml,,,,,,,,,,,,116-ZA-T30,SCMS-259075,ASN-32138,PMO - US,Direct Drop,DDP,Truck,9/11/2014,12-May-15,12-May-15,12-May-15,ARV,Pediatric,"Lamivudine 10mg/ml, oral solution, Bottle, 240 ml",Oral solution,240.0,3.0,15.5,5.17,0.02,"Aurobindo Unit III, India",No,Weight Captured Separately,Freight Included in Commodity Cost,0.02,
70531,,,,,Haiti,,,,,,3/22/2013,,,,,,MICRO LABS LIMITED,,Nevirapine,Generic,200mg,,,,,,,,,,,,106-HT-T30,SCMS-180960,ASN-20434,PMO - US,Direct Drop,EXW,Air,2/7/2013,14-Aug-13,14-Aug-13,14-Aug-13,ARV,Adult,"Nevirapine 200mg, tablets, 60 Tabs",Tablet,60.0,15825.0,34815.0,2.2,0.04,"Micro labs, Verna, Goa, India",No,See ASN-20434 (ID#:13874),See ASN-20434 (ID#:13874),43.07,FPQ-11443
30256,108-VN-T30,FPQ-5317,SCMS-69520,ASN-7485,Vietnam,PMO - US,Direct Drop,EXW,Air,3/22/10,3/29/10,3-Aug-10,3-Aug-10,3-Aug-10,ARV,Adult,STRIDES ARCOLAB LIMITED,"Nevirapine 200mg, tablets, 60 Tabs",Nevirapine,Generic,200mg,Tablet,60.0,4065.0,10569.0,2.6,0.04,"Strides, Bangalore, India.",Yes,497,6269.65,22.79,,,,,,,,,,,,,,,,,,,,,,,,,,
11228,,Pre-PQ Process,,,Côte d'Ivoire,,,,,,N/A - From RDC,,,,,,SCMS from RDC,,Lopinavir/Ritonavir,Aluvia,200/50mg,,,,,,,,,,,,104-CI-T01,SO-1111,DN-565,PMO - US,From RDC,N/A - From RDC,Air,Pre-PQ Process,29-Jan-08,29-Jan-08,29-Jan-08,ARV,Adult,"Lopinavir/Ritonavir 200/50mg [Aluvia], tablets, 120 Tabs",Tablet,120.0,12107.0,497597.7,41.1,0.34,ABBVIE Ludwigshafen Germany,Yes,2647,9307,796.16,
83468,104-CI-T30,FPQ-5925,SO-38010,DN-2062,Côte d'Ivoire,PMO - US,From RDC,N/A - From RDC,Air,6/23/10,N/A - From RDC,7-Dec-10,13-Dec-10,13-Dec-10,ARV,Adult,SCMS from RDC,"Lopinavir/Ritonavir 200/50mg [Aluvia], tablets, 120 Tabs",Lopinavir/Ritonavir,Aluvia,200/50mg,Tablet,120.0,1000.0,36160.0,36.16,0.3,ABBVIE Ludwigshafen Germany,Yes,205,3962.5,77.96,,,,,,,,,,,,,,,,,,,,,,,,,,
26341,,FPQ-11828,,,South Africa,,,,,,Date Not Captured,,,,,,S. BUYS WHOLESALER,,Lamivudine,Epivir,150mg,,,,,,,,,,,,116-ZA-T30,SCMS-183950,ASN-19166,South Africa Field Office,Direct Drop,DDP,Truck,3/18/2013,16-Apr-13,16-Apr-13,16-Apr-13,ARV,Adult,"Lamivudine 150mg [Epivir], tablets, 60 Tabs",Tablet,60.0,3532.0,41483.17,11.74,0.2,GSK Ware (UK),No,Weight Captured Separately,Freight Included in Commodity Cost,51.31,
85952,113-ZW-T30,FPQ-11002,SO-43700,DN-3084,Zimbabwe,PMO - US,From RDC,N/A - From RDC,Truck,11/16/12,N/A - From RDC,30-Apr-13,8-Apr-13,8-Apr-13,ARV,Adult,SCMS from RDC,"Nevirapine 200mg, tablets, 60 Tabs",Nevirapine,Generic,200mg,Tablet,60.0,86515.0,195523.9,2.26,0.04,Hetero Unit III Hyderabad IN,No,See DN-3084 (ID#:83125),See DN-3084 (ID#:83125),241.86,,,,,,,,,,,,,,,,,,,,,,,,,,
82639,,,,,Zimbabwe,,,,,,N/A - From RDC,,,,,,SCMS from RDC,,Efavirenz/Lamivudine/Tenofovir Disoproxil Fumarate,Generic,600/300/300mg,,,,,,,,,,,,102-ZW-T30,SO-45110,DN-3496,PMO - US,From RDC,N/A - From RDC,Truck,4/19/2013,31-Jan-14,10-Feb-14,19-Mar-14,ARV,Adult,"Efavirenz/Lamivudine/Tenofovir Disoproxil Fumarate 600/300/300mg, tablets, 30 Tabs",Tablet - FDC,30.0,90000.0,946800.0,10.52,0.35,"Aurobindo Unit VII, IN",Yes,24375,15847.18,1171.19,FPQ-12085
64757,106-HT-T30,FPQ-12590,SCMS-210510,ASN-24412,Haiti,PMO - US,Direct Drop,EXW,Ocean,8/21/13,10/25/13,9-May-14,9-May-14,12-May-14,ARV,Adult,HETERO LABS LIMITED,"Efavirenz/Lamivudine/Tenofovir Disoproxil Fumarate 600/300/300mg, tablets, 30 Tabs",Efavirenz/Lamivudine/Tenofovir Disoproxil Fumarate,Generic,600/300/300mg,Tablet - FDC,30.0,39600.0,415800.0,10.5,0.35,Hetero Unit III Hyderabad IN,Yes,5986,2549.52,514.34,,,,,,,,,,,,,,,,,,,,,,,,,,
33218,,,,,Haiti,,,,,,6/2/2014,,,,,,Aurobindo Pharma Limited,,Nevirapine,Generic,10mg/ml,,,,,,,,,,,,106-HT-T30,SCMS-240190,ASN-26906,PMO - US,Direct Drop,EXW,Ocean,5/11/2014,20-Oct-14,20-Oct-14,24-Oct-14,ARV,Pediatric,"Nevirapine 10mg/ml, oral suspension, Bottle, 240 ml",Oral suspension,240.0,3300.0,4983.0,1.51,0.01,"Aurobindo Unit III, India",Yes,Weight Captured Separately,Invoiced Separately,5.12,FPQ-14083
11063,,Pre-PQ Process,,,Haiti,,,,,,N/A - From RDC,,,,,,SCMS from RDC,,Nevirapine,Generic,10mg/ml,,,,,,,,,,,,106-HT-T01,SO-32760,DN-1373,PMO - US,From RDC,N/A - From RDC,Air,Date Not Captured,31-Jul-09,31-Jul-09,31-Jul-09,ARV,Pediatric,"Nevirapine 10mg/ml, oral suspension, Bottle, 240 ml",Oral suspension,240.0,2304.0,4423.68,1.92,0.01,"Aurobindo Unit III, India",No,See DN-1373 (ID#:11062),See DN-1373 (ID#:11062),8.67,
8893,,,,,Vietnam,,,,,,1/16/2009,,,,,,CIPLA LIMITED,,Lamivudine/Nevirapine/Stavudine,Generic,150/200/30mg,,,,,,,,,,,,108-VN-T01,SCMS-37190,ASN-3522,PMO - US,Direct Drop,EXW,Air,Pre-PQ Process,27-Mar-09,27-Mar-09,27-Mar-09,ARV,Adult,"Lamivudine/Nevirapine/Stavudine 150/200/30mg, tablets, 60 Tabs",Tablet - FDC,60.0,24480.0,168912.0,6.9,0.12,"Cipla, Goa, India",Yes,2165,4443.97,331.07,Pre-PQ Process
82584,,,,,Nigeria,,,,,,N/A - From RDC,,,,,,SCMS from RDC,,Efavirenz/Lamivudine/Tenofovir Disoproxil Fumarate,Generic,600/300/300mg,,,,,,,,,,,,151-NG-T30,SO-44260,DN-3198,PMO - US,From RDC,N/A - From RDC,Air Charter,11/15/2012,28-May-13,28-May-13,28-May-13,ARV,Adult,"Efavirenz/Lamivudine/Tenofovir Disoproxil Fumarate 600/300/300mg, tablets, 30 Tabs",Tablet - FDC,30.0,180000.0,1893600.0,10.52,0.35,Hetero Unit III Hyderabad IN,Yes,26361,20761,2342.38,FPQ-11022
55225,,,,,South Africa,,,,,,3/19/2010,,,,,,Aurobindo Pharma Limited,,Efavirenz,Generic,600mg,,,,,,,,,,,,161-ZA-T30,SCMS-68940,ASN-8249,PMO - US,Direct Drop,DDP,Air,3/18/2010,7-Sep-10,17-Nov-10,17-Nov-10,ARV,Adult,"Efavirenz 600mg, tablets, 30 Tabs",Tablet,30.0,31680.0,147945.6,4.67,0.16,"Aurobindo Unit III, India",Yes,2970,4263.08,318.97,FPQ-5303
84711,,,,,Tanzania,,,,,,N/A - From RDC,,,,,,SCMS from RDC,,Efavirenz,Generic,600mg,,,,,,,,,,,,109-TZ-T30,SO-40600,DN-2571,PMO - US,From RDC,N/A - From RDC,Truck,8/22/2011,11-Apr-12,11-Apr-12,11-Apr-12,ARV,Adult,"Efavirenz 600mg, tablets, 30 Tabs",Tablet,30.0,137269.0,579275.18,4.22,0.14,"Strides, Bangalore, India.",Yes,8474,3279.25,955.8,FPQ-8297
6415,,,,,South Africa,,,,,,3/27/2009,,,,,,S. BUYS WHOLESALER,,Zidovudine,Generic,10mg/ml,,,,,,,,,,,,116-ZA-T01,SCMS-41582,ASN-4304,PMO - US,Direct Drop,DDP,Air,Pre-PQ Process,25-Jun-09,8-Apr-09,8-Apr-09,ARV,Pediatric,"Zidovudine 10mg/ml, oral solution, Bottle, 240 ml",Oral solution,240.0,1200.0,7248.0,6.04,0.03,"Aurobindo Unit III, India",No,Weight Captured Separately,Freight Included in Commodity Cost,14.21,Pre-PQ Process
82422,151-NG-T30,FPQ-8364,SO-40652,DN-2454,Nigeria,PMO - US,From RDC,N/A - From RDC,Air Charter,8/29/11,N/A - From RDC,2-Mar-12,18-Dec-11,18-Dec-11,ARV,Adult,SCMS from RDC,"Lamivudine 150mg, tablets, 60 Tabs",Lamivudine,Generic,150mg,Tablet,60.0,4700.0,10951.0,2.33,0.04,"Aurobindo Unit III, India",Yes,264,15322.73,18.07,,,,,,,,,,,,,,,,,,,,,,,,,,
28923,,FPQ-11141,,,Uganda,,,,,,2/4/2013,,,,,,EMCURE PHARMACEUTICALS LTD,,Atazanavir,Generic,300mg,,,,,,,,,,,,114-UG-T30,SCMS-173470,ASN-19519,PMO - US,Direct Drop,EXW,Air,12/13/2012,24-May-13,24-May-13,24-May-13,ARV,Adult,"Atazanavir 300mg, capsules, 30 Caps",Capsule,30.0,132.0,2640.0,20.0,0.67,"Emcure Plot No.P-2, I.T-B.T. Park, Phase II, MIDC, Hinjwadi, Pune, India",Yes,12,1025.37,3.27,
12531,,,,,Nigeria,,,,,,N/A - From RDC,,,,,,SCMS from RDC,,Emtricitabine/Tenofovir Disoproxil Fumarate,Truvada,300/200mg,,,,,,,,,,,,132-NG-T01,SO-2681,DN-843,PMO - US,From RDC,N/A - From RDC,Air,Pre-PQ Process,28-Jul-08,28-Jul-08,28-Jul-08,ARV,Adult,"Emtricitabine/Tenofovir Disoproxil Fumarate 200/300mg [Truvada], tablets, 30 Tabs",Tablet - FDC,30.0,15000.0,393750.0,26.25,0.88,"Aspen-OSD, Port Elizabeth, SA",Yes,1309,7463.74,630.0,Pre-PQ Process
29479,,FPQ-14516,,,Vietnam,,,,,,11/24/2014,,,,,,MYLAN LABORATORIES LTD (FORMERLY MATRIX LABORATORIES),,Abacavir,Generic,300mg,,,,,,,,,,,,108-VN-T30,SCMS-249041,ASN-29769,PMO - US,Direct Drop,EXW,Air,7/9/2014,5-Feb-15,5-Feb-15,24-Feb-15,ARV,Adult,"Abacavir 300mg, tablets, 60 Tabs",Tablet,60.0,900.0,9981.0,11.09,0.18,Mylan (formerly Matrix) Nashik,Yes,100,2504.65,10.26,
56679,116-ZA-T30,FPQ-12522,SCMS-199287,ASN-27751,South Africa,PMO - US,Direct Drop,DDP,Truck,7/11/13,8/13/14,13-Aug-14,13-Aug-14,13-Aug-14,ARV,Pediatric,S. BUYS WHOLESALER,"Lopinavir/Ritonavir 80/20mg/ml [Kaletra], oral solution, cool, Bottle 5 x 60 ml",Lopinavir/Ritonavir,Kaletra,80/20mg/ml,Oral solution,300.0,2.0,46.9,23.45,0.08,ABBVIE (Abbott) Logis. UK,Yes,Weight Captured Separately,Freight Included in Commodity Cost,0.06,,,,,,,,,,,,,,,,,,,,,,,,,,
10889,,,,,Uganda,,,,,,N/A - From RDC,,,,,,SCMS from RDC,,Efavirenz,Generic,600mg,,,,,,,,,,,,114-UG-T01,SO-1123,DN-381,PMO - US,From RDC,N/A - From RDC,Air,Pre-PQ Process,5-Nov-07,5-Nov-07,5-Nov-07,ARV,Adult,"Efavirenz 600mg, tablets, 30 Tabs",Tablet,30.0,1717.0,21325.14,12.42,0.41,"Aurobindo Unit III, India",Yes,151,1157.58,34.12,Pre-PQ Process
83543,,FPQ-8383,,,Zambia,,,,,,N/A - From RDC,,,,,,SCMS from RDC,,Emtricitabine/Tenofovir Disoproxil Fumarate,Generic,200/300mg,,,,,,,,,,,,110-ZM-T30,SO-40730,DN-2398,PMO - US,From RDC,N/A - From RDC,Truck,9/11/2011,3-Nov-11,15-Nov-11,15-Nov-11,ARV,Adult,"Emtricitabine/Tenofovir Disoproxil Fumarate 200/300mg, tablets, 30 Tabs",Tablet - FDC,30.0,26060.0,233758.2,8.97,0.3,"Aurobindo Unit III, India",Yes,2409,9346.8,385.7,
69162,,FPQ-14717,,,"Congo, DRC",,,,,,8/20/2014,,,,,,Aurobindo Pharma Limited,,Didanosine,Generic,200mg,,,,,,,,,,,,101-CD-T30,SCMS-251440,ASN-28024,PMO - US,Direct Drop,EXW,Air,7/28/2014,19-Dec-14,19-Dec-14,26-Jan-15,ARV,Pediatric,"Didanosine 200mg, delayed-release capsules, 30 Caps",Delayed-release capsules,30.0,550.0,6050.0,11.0,0.37,"Aurobindo Unit III, India",Yes,54,1961.49,6.22,
83974,104-CI-T30,FPQ-3964,SO-34521,DN-1620,Côte d'Ivoire,PMO - US,From RDC,N/A - From RDC,Air,7/24/09,N/A - From RDC,8-Feb-10,23-Jan-10,23-Jan-10,ARV,Adult,SCMS from RDC,"Efavirenz 600mg, tablets, 30 Tabs",Efavirenz,Generic,600mg,Tablet,30.0,8676.0,50147.28,5.78,0.19,"Aurobindo Unit III, India",Yes,4845,5254.1,98.29,,,,,,,,,,,,,,,,,,,,,,,,,,
31177,117-ET-T30,FPQ-9096,SCMS-133380,ASN-16134,Ethiopia,PMO - US,Direct Drop,EXW,Air,1/5/12,1/23/12,5-Sep-12,5-Sep-12,5-Sep-12,HRDT,HIV test,"CHEMBIO DIAGNOSTIC SYSTEMS, INC.","HIV 1/2, Stat-Pak HIV, Kit, 20 Tests","HIV 1/2, Stat-Pak HIV, Kit",Stat-Pak,,Test kit,20.0,44.0,1276.0,29.0,1.45,Chembio Diagnostics Sys. Inc.,Yes,15,218.75,1.79,,,,,,,,,,,,,,,,,,,,,,,,,,
82481,,FPQ-8464,,,Zimbabwe,,,,,,N/A - From RDC,,,,,,SCMS from RDC,,Lamivudine/Zidovudine,Generic,150/300mg,,,,,,,,,,,,113-ZW-T30,SO-40883,DN-2693,PMO - US,From RDC,N/A - From RDC,Truck,10/4/2011,14-Aug-12,27-Jun-12,27-Jun-12,ARV,Adult,"Lamivudine/Zidovudine 150/300mg, tablets, 60 Tabs",Tablet - FDC,60.0,3345.0,26024.1,7.78,0.13,Mylan (formerly Matrix) Nashik,Yes,7095,5530.11,42.94,
12736,,Pre-PQ Process,,,Côte d'Ivoire,,,,,,N/A - From RDC,,,,,,SCMS from RDC,,Lamivudine/Stavudine,Generic,150/30mg,,,,,,,,,,,,104-CI-T01,SO-1546,DN-609,PMO - US,From RDC,N/A - From RDC,Air,Pre-PQ Process,19-Feb-08,19-Feb-08,19-Feb-08,ARV,Adult,"Lamivudine/Stavudine 150/30mg, tablets, 30 Tabs",Tablet - FDC,30.0,44000.0,88000.0,2.0,0.07,"Cipla, Goa, India",No,See DN-609 (ID#:11480),See DN-609 (ID#:11480),140.8,
31750,,,,,Uganda,,,,,,7/9/2014,,,,,,ASPEN PHARMACARE,,Darunavir,Prezista,300mg,,,,,,,,,,,,114-UG-T30,SCMS-244380,ASN-28019,PMO - US,Direct Drop,CIP,Air,5/26/2014,12-Sep-14,12-Sep-14,12-Sep-14,ARV,Adult,"Darunavir 300mg [Prezista], tablets, 120 Tabs",Tablet,120.0,807.0,53746.2,66.6,0.55,"Aspen-OSD, Port Elizabeth, SA",Yes,119,321.94,55.25,FPQ-14325
42571,110-PK-T30,FPQ-9899,SCMS-149800,ASN-19032,Pakistan,PMO - US,Direct Drop,EXW,Air,5/18/12,7/9/12,9-Sep-13,9-Sep-13,9-Sep-13,HRDT,HIV test,INVERNESS MEDICAL INNOVATIONS HONG KONG LTD,"HIV 1/2, Determine Complete HIV Kit, 100 Tests","HIV 1/2, Determine Complete HIV Kit",Determine,,Test kit,100.0,4484.0,358720.0,80.0,0.8,"Alere Medical Co., Ltd.",Yes,1948,21689.39,502.93,,,,,,,,,,,,,,,,,,,,,,,,,,
86326,104-CI-T30,FPQ-5201,SO-36311,DN-1982,Côte d'Ivoire,PMO - US,From RDC,N/A - From RDC,Air,3/3/10,N/A - From RDC,23-Aug-10,23-Aug-10,23-Aug-10,ARV,Adult,SCMS from RDC,"Emtricitabine/Tenofovir Disoproxil Fumarate 200/300mg [Truvada], tablets, 30 Tabs",Emtricitabine/Tenofovir Disoproxil Fumarate,Truvada,300/200mg,Tablet - FDC,30.0,4080.0,107100.0,26.25,0.88,"Aspen-OSD, Port Elizabeth, SA",No,See DN-1982 (ID#:82910),See DN-1982 (ID#:82910),230.91,,,,,,,,,,,,,,,,,,,,,,,,,,
14820,,,,,Pakistan,,,,,,1/17/2012,,,,,,"Orgenics, Ltd",,"HIV 1/2, Determine Complete HIV Kit",Determine,,,,,,,,,,,,,110-PK-T30,SCMS-132510,ASN-13949,PMO - US,Direct Drop,EXW,Air,12/27/2011,29-Jun-12,29-Jun-12,29-Jun-12,HRDT,HIV test,"HIV 1/2, Determine Complete HIV Kit, 100 Tests",Test kit,100.0,2132.0,170560.0,80.0,0.8,"Alere Medical Co., Ltd.",Yes,1017,14959.84,239.13,FPQ-9019
43534,,FPQ-15844,,,Mozambique,,,,,,3/12/2015,,,,,,"Orgenics, Ltd",,"HIV 1/2, Determine Complete HIV Kit",Determine,,,,,,,,,,,,,111-MZ-T30,SCMS-277860,ASN-31556,PMO - US,Direct Drop,EXW,Air,2/5/2015,22-Apr-15,22-Apr-15,22-Apr-15,HRDT,HIV test,"HIV 1/2, Determine Complete HIV Kit, 100 Tests",Test kit,100.0,5500.0,440000.0,80.0,0.8,"Alere Medical Co., Ltd.",Yes,2139,19193.57,517.88,
85430,102-BI-T30,FPQ-12602,SO-46020,DN-3381,Burundi,PMO - US,From RDC,N/A - From RDC,Air,7/9/13,N/A - From RDC,15-Nov-13,22-Nov-13,21-Jan-14,ARV,Adult,SCMS from RDC,"Nevirapine 200mg, tablets, 60 Tabs",Nevirapine,Generic,200mg,Tablet,60.0,687.0,1552.62,2.26,0.04,"Strides, Bangalore, India.",No,See DN-3381 (ID#:84319),See DN-3381 (ID#:84319),1.92,,,,,,,,,,,,,,,,,,,,,,,,,,
50752,103-ML-T30,FPQ-15006,SCMS-260740,ASN-30241,Mali,PMO - US,Direct Drop,EXW,Air,10/7/14,11/19/14,18-Feb-15,18-Feb-15,25-Feb-15,HRDT,HIV test,"Orgenics, Ltd","HIV 1/2, Determine Complete HIV Kit, 100 Tests","HIV 1/2, Determine Complete HIV Kit",Determine,,Test kit,100.0,150.0,12000.0,80.0,0.8,"Alere Medical Co., Ltd.",Yes,66,2572.91,12.34,,,,,,,,,,,,,,,,,,,,,,,,,,
27185,,,,,South Africa,,,,,,4/1/2011,,,,,,Aurobindo Pharma Limited,,Efavirenz,Generic,200mg,,,,,,,,,,,,116-ZA-T30,SCMS-104360,ASN-11044,PMO - US,Direct Drop,DDP,Ocean,3/10/2011,2-Sep-11,2-Sep-11,2-Sep-11,ARV,Pediatric,"Efavirenz 200mg, capsule, 90 Caps",Capsule,90.0,300.0,2451.0,8.17,0.09,"Aurobindo Unit III, India",Yes,40,422.84,4.04,FPQ-7176
83399,,FPQ-4035,,,Zambia,,,,,,N/A - From RDC,,,,,,SCMS from RDC,,Nevirapine,Generic,200mg,,,,,,,,,,,,110-ZM-T30,SO-35220,DN-1644,PMO - US,From RDC,N/A - From RDC,Truck,8/5/2009,2-Mar-10,5-Mar-10,5-Mar-10,ARV,Adult,"Nevirapine 200mg, tablets, 60 Tabs",Tablet,60.0,20000.0,54600.0,2.73,0.05,"Aurobindo Unit III, India",Yes,1946,3379.64,107.02,
26397,,FPQ-7907,,,Kenya,,,,,,7/20/2011,,,,,,"Orgenics, Ltd",,"HIV 1/2, Determine Complete HIV Kit",Determine,,,,,,,,,,,,,127-KE-T30,SCMS-115320,ASN-12097,PMO - US,Direct Drop,EXW,Air,6/23/2011,30-Sep-11,30-Sep-11,30-Sep-11,HRDT,HIV test,"HIV 1/2, Determine Complete HIV Kit, 100 Tests",Test kit,100.0,7318.0,651302.0,89.0,0.89,Inverness Japan,Yes,2556,29339.63,1074.65,
86424,114-UG-T30,FPQ-8520,SO-40911,DN-2435,Uganda,PMO - US,From RDC,N/A - From RDC,Truck,10/5/11,N/A - From RDC,9-Jan-12,1-Dec-11,1-Dec-11,ARV,Adult,SCMS from RDC,"Nevirapine 200mg, tablets, 60 Tabs",Nevirapine,Generic,200mg,Tablet,60.0,4466.0,11522.28,2.58,0.04,"Strides, Bangalore, India.",No,See DN-2435 (ID#:84121),See DN-2435 (ID#:84121),19.01,,,,,,,,,,,,,,,,,,,,,,,,,,
11043,,Pre-PQ Process,,,Uganda,,,,,,N/A - From RDC,,,,,,SCMS from RDC,,Lopinavir/Ritonavir,Aluvia,200/50mg,,,,,,,,,,,,114-UG-T01,SO-30060,DN-1227,PMO - US,From RDC,N/A - From RDC,Air,Pre-PQ Process,1-Jun-09,1-Jun-09,1-Jun-09,ARV,Adult,"Lopinavir/Ritonavir 200/50mg [Aluvia], tablets, 120 Tabs",Tablet,120.0,100.0,4110.0,41.1,0.34,ABBVIE Ludwigshafen Germany,Yes,23,1152.63,8.06,
10733,,,,,Mozambique,,,,,,N/A - From RDC,,,,,,SCMS from RDC,,Lamivudine,Generic,150mg,,,,,,,,,,,,111-MZ-T01,SO-2424,DN-850,PMO - US,From RDC,N/A - From RDC,Air,Pre-PQ Process,5-Sep-08,5-Sep-08,5-Sep-08,ARV,Adult,"Lamivudine 150mg, tablets, 60 Tabs",Tablet,60.0,528.0,1536.48,2.91,0.05,"Aurobindo Unit III, India",Yes,4211,3227.48,2.46,Pre-PQ Process
81361,,FPQ-3560,,,South Africa,,,,,,7/21/2009,,,,,,S. BUYS WHOLESALER,,Lopinavir/Ritonavir,Kaletra,80/20mg/ml,,,,,,,,,,,,116-ZA-T30,SCMS-49670,ASN-5050,PMO - US,Direct Drop,DDP,Truck,5/7/2009,12-Aug-09,14-Aug-09,14-Aug-09,ARV,Pediatric,"Lopinavir/Ritonavir 80/20mg/ml [Kaletra], oral solution, cool, Bottle 5 x 60 ml",Oral solution,300.0,710.0,30944.95,43.58,0.15,ABBVIE (Abbott) Logis. UK,Yes,Weight Captured Separately,Freight Included in Commodity Cost,60.65,
81197,,FPQ-4167,,,Botswana,,,,,,9/30/2009,,,,,,Orasure Technologies Inc.,,"HIV, OraQuick Controls Kit, 3 Vials",OraQuick,,,,,,,,,,,,,144-BW-T30,SCMS-54160,ASN-5246,PMO - US,Direct Drop,EXW,Air,9/9/2009,23-Nov-09,23-Nov-09,23-Nov-09,HRDT,HIV test - Ancillary,"#109435**HIV, OraQuick Controls Kit, 3 Vials",Test kit - Ancillary,3.0,10.0,250.0,25.0,8.33,"Orasure Technologies, Inc USA",Yes,6,337.89,0.49,
56005,,FPQ-13797,,,Haiti,,,,,,4/30/2014,,,,,,CIPLA LIMITED,,Lamivudine/Zidovudine,Generic,30/60mg,,,,,,,,,,,,106-HT-T30,SCMS-233970,ASN-27794,PMO - US,Direct Drop,EXW,Air,3/20/2014,14-Oct-14,14-Oct-14,20-Oct-14,ARV,Pediatric,"Lamivudine/Zidovudine 30/60mg, dispersible tablets, 60 Tabs",Chewable/dispersible tablet - FDC,60.0,3184.0,6336.16,1.99,0.03,"Cipla, Goa, India",Yes,250,2794.21,6.51,
11990,,,,,Côte d'Ivoire,,,,,,N/A - From RDC,,,,,,SCMS from RDC,,Efavirenz,Generic,600mg,,,,,,,,,,,,104-CI-T01,SO-27531,DN-1314,PMO - US,From RDC,N/A - From RDC,Air,Date Not Captured,14-Jul-09,14-Jul-09,14-Jul-09,ARV,Adult,"Efavirenz 600mg, tablets, 30 Tabs",Tablet,30.0,26710.0,259621.2,9.72,0.32,"Emcure Plot No.P-2, I.T-B.T. Park, Phase II, MIDC, Hinjwadi, Pune, India",Yes,1866,6111.2,508.86,Pre-PQ Process
43812,,FPQ-3859,,,Rwanda,,,,,,7/17/2009,,,,,,Aurobindo Pharma Limited,,Abacavir,Generic,300mg,,,,,,,,,,,,107-RW-T30,SCMS-48930,ASN-6667,PMO - US,Direct Drop,CIP,Air,6/30/2009,13-Apr-10,13-Apr-10,13-Apr-10,ARV,Adult,"Abacavir 300mg, tablets, 60 Tabs",Tablet,60.0,10620.0,205284.6,19.33,0.32,"Aurobindo Unit III, India",Yes,1050,18475.61,402.36,
82388,110-ZM-T30,FPQ-7233,SO-39040,DN-2273,Zambia,PMO - US,From RDC,N/A - From RDC,Truck,3/1/11,N/A - From RDC,15-Aug-11,5-Aug-11,5-Aug-11,ARV,Pediatric,SCMS from RDC,"Nevirapine 10mg/ml, oral suspension, Bottle, 240 ml",Nevirapine,Generic,10mg/ml,Oral suspension,240.0,20000.0,36000.0,1.8,0.01,"Aurobindo Unit III, India",Yes,7469,3949.19,59.4,,,,,,,,,,,,,,,,,,,,,,,,,,
58555,,FPQ-7898,,,Vietnam,,,,,,7/8/2011,,,,,,STRIDES ARCOLAB LIMITED,,Lamivudine,Generic,150mg,,,,,,,,,,,,108-VN-T30,SCMS-113610,ASN-13012,PMO - US,Direct Drop,EXW,Air,6/27/2011,20-Dec-11,20-Dec-11,20-Dec-11,ARV,Adult,"Lamivudine 150mg, tablets, 60 Tabs",Tablet,60.0,16645.0,39115.75,2.35,0.04,"Strides, Bangalore, India.",Yes,742,5440.01,64.54,
6519,,,,,Botswana,,,,,,4/30/2009,,,,,,"Orgenics, Ltd",,"HIV 1/2, Determine HIV Kit, without Lancets",Determine,,,,,,,,,,,,,102-BW-T01,SCMS-45090,ASN-4215,PMO - US,Direct Drop,EXW,Air,Pre-PQ Process,10-Jul-09,10-Jul-09,10-Jul-09,HRDT,HIV test,"HIV 1/2, Determine HIV Kit, without Lancets, 100 Tests",Test kit,100.0,1200.0,84000.0,70.0,0.7,Inverness Japan,Yes,274,3321.08,164.64,Pre-PQ Process
30842,103-ZW-T30,FPQ-15398,SCMS-264880,ASN-29747,Zimbabwe,PMO - US,Direct Drop,EXW,Air,11/14/14,11/17/14,3-Feb-15,3-Feb-15,24-Feb-15,ARV,Pediatric,MYLAN LABORATORIES LTD (FORMERLY MATRIX LABORATORIES),"Lamivudine/Nevirapine/Zidovudine 30/50/60mg, dispersible tablets, 60 Tabs",Lamivudine/Nevirapine/Zidovudine,Generic,30/50/60mg,Chewable/dispersible tablet - FDC,60.0,813.0,2845.5,3.5,0.06,Mylan (formerly Matrix) Nashik,Yes,60,1344.94,3.35,,,,,,,,,,,,,,,,,,,,,,,,,,
84070,,FPQ-6891,,,Côte d'Ivoire,,,,,,N/A - From RDC,,,,,,SCMS from RDC,,Lamivudine/Zidovudine,Generic,150/300mg,,,,,,,,,,,,104-CI-T30,SO-38540,DN-2153,PMO - US,From RDC,N/A - From RDC,Air,12/21/2010,20-Apr-11,10-Jun-11,10-Jun-11,ARV,Adult,"Lamivudine/Zidovudine 150/300mg, tablets, 60 Tabs",Tablet - FDC,60.0,20376.0,174214.8,8.55,0.14,Hetero Unit III Hyderabad IN,No,See DN-2153 (ID#:82374),See DN-2153 (ID#:82374),287.45,
53997,,FPQ-9984,,,Nigeria,,,,,,6/26/2012,,,,,,MYLAN LABORATORIES LTD (FORMERLY MATRIX LABORATORIES),,Atazanavir/Ritonavir,Generic,300/100mg,,,,,,,,,,,,151-NG-T30,SCMS-150370,ASN-17272,PMO - US,Direct Drop,EXW,Air,6/11/2012,12-Dec-12,12-Dec-12,12-Dec-12,ARV,Adult,"Atazanavir/Ritonavir 300/100mg, tablets, 30 Tabs",Tablet,30.0,37927.0,853357.5,22.5,0.75,Mylan (formerly Matrix) Nashik,Yes,5059,25732.17,1196.41,
10062,,Pre-PQ Process,,,Vietnam,,,,,,10/21/2008,,,,,,Aurobindo Pharma Limited,,Lamivudine,Generic,150mg,,,,,,,,,,,,108-VN-T01,SCMS-31730,ASN-3313,PMO - US,Direct Drop,EXW,Air,Pre-PQ Process,23-Feb-09,23-Feb-09,23-Feb-09,ARV,Adult,"Lamivudine 150mg, tablets, 60 Tabs",Tablet,60.0,6966.0,16718.4,2.4,0.04,"Aurobindo Unit III, India",No,See ASN-3313 (ID#:3456),See ASN-3313 (ID#:3456),32.77,
82503,,,,,Tanzania,,,,,,N/A - From RDC,,,,,,SCMS from RDC,,Lamivudine/Zidovudine,Generic,150/300mg,,,,,,,,,,,,900-TZ-T30,SO-43010,DN-2820,PMO - US,From RDC,N/A - From RDC,Air,7/26/2012,26-Oct-12,26-Oct-12,26-Oct-12,ARV,Adult,"Lamivudine/Zidovudine 150/300mg, tablets, 60 Tabs",Tablet - FDC,60.0,52770.0,407384.4,7.72,0.13,Mylan (formerly Matrix) Nashik,Yes,16510,82283.9,571.15,FPQ-10391
18269,,FPQ-10606,,,Mozambique,,,,,,10/10/2012,,,,,,"Orgenics, Ltd",,"HIV 1/2, Determine Kit without Lancets, Buffer or Capillary Tubes, 100 Tests",Determine,,,,,,,,,,,,,111-MZ-T30,SCMS-162160,ASN-17088,PMO - US,Direct Drop,EXW,Air,9/12/2012,25-Dec-12,25-Dec-12,25-Dec-12,HRDT,HIV test,"HIV 1/2, Determine Kit without Lancets, Buffer or Caplillary Tubes, 100 Tests",Test kit,100.0,81.0,5844.15,72.15,0.72,"Alere Medical Co., Ltd.",Yes,16,467.26,8.19,
1303,,,,,Ethiopia,,,,,,12/14/2006,,,,,,Abbott GmbH & Co. KG,,"HIV 1/2, Determine Complete HIV Kit",Determine,,,,,,,,,,,,,117-ET-T01,SCMS-284,ASN-168,PMO - US,Direct Drop,FCA,Air,Pre-PQ Process,28-Dec-06,28-Dec-06,28-Dec-06,HRDT,HIV test,"HIV 1/2, Determine Complete HIV Kit, 100 Tests",Test kit,100.0,200.0,16000.0,80.0,0.8,ABBVIE GmbH & Co.KG Wiesbaden,Yes,Weight Captured Separately,Invoiced Separately,,Pre-PQ Process
83459,,,,,Uganda,,,,,,N/A - From RDC,,,,,,SCMS from RDC,,Lamivudine/Nevirapine/Stavudine,Generic,150/200/30mg,,,,,,,,,,,,102-UG-T30,SO-37480,DN-2031,PMO - US,From RDC,N/A - From RDC,Air,9/16/2010,20-Oct-10,26-Oct-10,26-Oct-10,ARV,Adult,"Lamivudine/Nevirapine/Stavudine 150/200/30mg, tablets, 60 Tabs",Tablet - FDC,60.0,1193.0,6835.89,5.73,0.1,"Cipla, Goa, India",Yes,144,1413.56,14.74,FPQ-6403
43250,,FPQ-12623,,,South Sudan,,,,,,8/6/2013,,,,,,"Trinity Biotech, Plc",,"HIV 1/2, Uni-Gold HIV Kit",Uni-Gold,,,,,,,,,,,,,105-SS-T30,SCMS-200920,ASN-21751,PMO - US,Direct Drop,EXW,Air,7/18/2013,18-Oct-13,18-Oct-13,18-Oct-13,HRDT,HIV test,"HIV 1/2, Uni-Gold HIV Kit, 20 Tests",Test kit,20.0,25.0,800.0,32.0,1.6,"Trinity Biotech, Plc",No,See ASN-21751 (ID#:13968),See ASN-21751 (ID#:13968),0.99,
18053,,,,,South Africa,,,,,,3/19/2010,,,,,,CIPLA LIMITED,,Tenofovir Disoproxil Fumarate,Generic,300mg,,,,,,,,,,,,161-ZA-T30,SCMS-68740,ASN-7725,PMO - US,Direct Drop,DDP,Air,3/18/2010,1-Sep-10,1-Sep-10,1-Sep-10,ARV,Adult,"Tenofovir Disoproxil Fumarate 300mg, tablets, 30 Tabs",Tablet,30.0,26991.0,211069.62,7.82,0.26,"Cipla, Goa, India",Yes,1842,5298.03,455.07,FPQ-5303
63044,,,,,Vietnam,,,,,,11/3/2009,,,,,,MYLAN LABORATORIES LTD (FORMERLY MATRIX LABORATORIES),,Tenofovir Disoproxil Fumarate,Generic,300mg,,,,,,,,,,,,108-VN-T30,SCMS-56310,ASN-6252,PMO - US,Direct Drop,EXW,Air,10/20/2009,22-Mar-10,22-Mar-10,22-Mar-10,ARV,Adult,"Tenofovir Disoproxil Fumarate 300mg, tablets, 30 Tabs",Tablet,30.0,4872.0,36540.0,7.5,0.25,Mylan (formerly Matrix) Nashik,No,See ASN-6252 (ID#:36969),See ASN-6252 (ID#:36969),71.62,FPQ-4265
85090,,FPQ-4694,,,Zimbabwe,,,,,,N/A - From RDC,,,,,,SCMS from RDC,,Efavirenz,Generic,600mg,,,,,,,,,,,,113-ZW-T30,SO-35390,DN-1659,PMO - US,From RDC,N/A - From RDC,Truck,12/8/2009,31-Mar-10,12-Mar-10,12-Mar-10,ARV,Adult,"Efavirenz 600mg, tablets, 30 Tabs",Tablet,30.0,1900.0,9747.0,5.13,0.17,"Aurobindo Unit III, India",No,See DN-1659 (ID#:82859),See DN-1659 (ID#:82859),21.01,
85388,,,,,Burundi,,,,,,N/A - From RDC,,,,,,SCMS from RDC,,Lamivudine,Generic,10mg/ml,,,,,,,,,,,,102-BI-T30,SO-45180,DN-3234,PMO - US,From RDC,N/A - From RDC,Air,4/22/2013,9-Jul-13,23-Aug-13,23-Aug-13,ARV,Pediatric,"Lamivudine 10mg/ml, oral solution w/syringe, Bottle, 240 ml",Oral solution,240.0,927.0,1714.95,1.85,0.01,"Aurobindo Unit III, India",Yes,891,4674.58,2.12,FPQ-12065
12544,,,,,Uganda,,,,,,N/A - From RDC,,,,,,SCMS from RDC,,Lamivudine/Nevirapine/Stavudine,Generic,150/200/30mg,,,,,,,,,,,,114-UG-T01,SO-17700,DN-992,PMO - US,From RDC,N/A - From RDC,Air,Pre-PQ Process,9-Jan-09,9-Jan-09,9-Jan-09,ARV,Adult,"Lamivudine/Nevirapine/Stavudine 150/200/30mg, tablets, 60 Tabs",Tablet - FDC,60.0,965.0,6948.0,7.2,0.12,"Strides, Bangalore, India.",No,See DN-992 (ID#:11602),See DN-992 (ID#:11602),13.62,Pre-PQ Process
12516,109-TZ-T01,Pre-PQ Process,SO-2564,DN-751,Tanzania,PMO - US,From RDC,N/A - From RDC,Air,Pre-PQ Process,N/A - From RDC,1-Jul-08,1-Jul-08,1-Jul-08,ARV,Adult,SCMS from RDC,"Stavudine 30mg, capsules, 60 Caps",Stavudine,Generic,30mg,Capsule,60.0,75318.0,114483.36,1.52,0.03,"Aurobindo Unit III, India",Yes,5040,22965.4,183.17,,,,,,,,,,,,,,,,,,,,,,,,,,
85780,,,,,Uganda,,,,,,N/A - From RDC,,,,,,SCMS from RDC,,Lamivudine,Generic,150mg,,,,,,,,,,,,114-UG-T30,SO-40220,DN-2313,PMO - US,From RDC,N/A - From RDC,Truck,7/13/2011,22-Sep-11,26-Aug-11,26-Aug-11,ARV,Adult,"Lamivudine 150mg, tablets, 60 Tabs",Tablet,60.0,1946.0,4534.18,2.33,0.04,Hetero Unit III Hyderabad IN,Yes,195,2070.68,7.48,FPQ-8048
80616,104-CI-T30,FPQ-6897,SCMS-100980,ASN-10406,Côte d'Ivoire,PMO - US,Direct Drop,FCA,Air,1/5/11,3/24/11,30-Jun-11,30-Jun-11,30-Jun-11,ARV,Adult,ABBVIE LOGISTICS (FORMERLY ABBOTT LOGISTICS BV),"Lopinavir/Ritonavir 200/50mg [Aluvia], tablets, 120 Tabs",Lopinavir/Ritonavir,Aluvia,200/50mg,Tablet,120.0,9517.0,320722.9,33.7,0.28,ABBVIE Ludwigshafen Germany,Yes,2368,17068.85,529.19,,,,,,,,,,,,,,,,,,,,,,,,,,
86001,110-ZM-T30,FPQ-12066,SO-45060,DN-3327,Zambia,PMO - US,From RDC,N/A - From RDC,Truck,4/19/13,N/A - From RDC,30-Sep-13,17-Sep-13,17-Sep-13,ARV,Adult,SCMS from RDC,"Abacavir 300mg, tablets, 60 Tabs",Abacavir,Generic,300mg,Tablet,60.0,3908.0,44785.68,11.46,0.19,"Aurobindo Unit III, India",No,See DN-3327 (ID#:85400),See DN-3327 (ID#:85400),55.4,,,,,,,,,,,,,,,,,,,,,,,,,,
54536,,,,,Nigeria,,,,,,12/22/2009,,,,,,Hoffmann-La Roche ltd Basel,,Saquinavir,Invirase,200mg,,,,,,,,,,,,151-NG-T30,SCMS-59990,ASN-6679,PMO - US,Direct Drop,FCA,Air,11/19/2009,21-May-10,21-May-10,21-May-10,ARV,Adult,"Saquinavir 200mg [Invirase], capsules, 270 Caps",Capsule,270.0,11.0,1062.3,96.57,0.36,Roche Basel,Yes,6,2502.05,2.29,FPQ-4574
83420,,FPQ-4537,,,Nigeria,,,,,,N/A - From RDC,,,,,,SCMS from RDC,,Lamivudine/Nevirapine/Zidovudine,Generic,150/300/200mg,,,,,,,,,,,,151-NG-T30,SO-36006,DN-1792,PMO - US,From RDC,N/A - From RDC,Air Charter,11/6/2009,31-May-10,18-May-10,18-May-10,ARV,Adult,"Lamivudine/Nevirapine/Zidovudine 150/200/300mg, tablets, 60 Tabs",Tablet - FDC,60.0,40000.0,448800.0,11.22,0.19,"Aurobindo Unit III, India",Yes,4692,9736.1,967.61,
82323,,FPQ-4537,,,Nigeria,,,,,,N/A - From RDC,,,,,,SCMS from RDC,,Lamivudine/Nevirapine/Zidovudine,Generic,150/300/200mg,,,,,,,,,,,,151-NG-T30,SO-36571,DN-1863,PMO - US,From RDC,N/A - From RDC,Air Charter,11/6/2009,30-Jun-10,28-Jun-10,28-Jun-10,ARV,Adult,"Lamivudine/Nevirapine/Zidovudine 150/200/300mg, tablets, 60 Tabs",Tablet - FDC,60.0,43050.0,483021.0,11.22,0.19,"Aurobindo Unit III, India",Yes,5067,Freight Included in Commodity Cost,1041.39,
82471,,,,,Uganda,,,,,,N/A - From RDC,,,,,,SCMS from RDC,,Lamivudine/Tenofovir Disoproxil Fumarate,Generic,300/300mg,,,,,,,,,,,,114-UG-T30,SO-41510,DN-2643,PMO - US,From RDC,N/A - From RDC,Truck,2/10/2012,3-Jul-12,18-May-12,18-May-12,ARV,Adult,"Lamivudine/Tenofovir Disoproxil Fumarate 300/300mg, tablets, 30 Tabs",Tablet - FDC,30.0,1500.0,8310.0,5.54,0.18,Mylan (formerly Matrix) Nashik,Yes,729,3758.4,11.65,FPQ-9321
54461,,,,,Rwanda,,,,,,11/9/2011,,,,,,Aurobindo Pharma Limited,,Didanosine,Generic,250mg,,,,,,,,,,,,107-RW-T30,SCMS-126490,ASN-14125,PMO - US,Direct Drop,EXW,Air,10/26/2011,30-Mar-12,30-Mar-12,30-Mar-12,ARV,Adult,"Didanosine 250mg, delayed-release capsules, 30 Caps",Delayed-release capsules,30.0,754.0,9802.0,13.0,0.43,"Aurobindo Unit III, India",No,See ASN-14125 (ID#:22658),See ASN-14125 (ID#:22658),16.17,FPQ-8365
66768,,,,,Uganda,,,,,,10/25/2012,,,,,,ASPEN PHARMACARE,,Etravirine,Intelence,100mg,,,,,,,,,,,,114-UG-T30,SCMS-162750,ASN-18152,PMO - US,Direct Drop,DAP,Air,10/10/2012,13-Feb-13,13-Feb-13,13-Feb-13,ARV,Adult,"Etravirine 100mg [Intelence], tablets, 120 Tabs",Tablet,120.0,178.0,6408.0,36.0,0.3,"Janssen-Cilag, Latina, IT",Yes,90,989,7.93,FPQ-10788
31363,,,,,South Africa,,,,,,12/2/2013,,,,,,S. BUYS WHOLESALER,,Lamivudine,Generic,10mg/ml,,,,,,,,,,,,116-ZA-T30,SCMS-215370,ASN-24415,PMO - US,Direct Drop,DDP,Truck,10/8/2013,6-Feb-14,6-Feb-14,6-Feb-14,ARV,Pediatric,"Lamivudine 10mg/ml, oral solution, Bottle, 240 ml",Oral solution,240.0,4.0,27.35,6.84,0.03,"Cipla, Goa, India",No,Weight Captured Separately,Freight Included in Commodity Cost,0.03,FPQ-13035
12879,123-NG-T01,Pre-PQ Process,SO-23430,DN-1183,Nigeria,PMO - US,From RDC,N/A - From RDC,Air Charter,Pre-PQ Process,N/A - From RDC,8-May-09,8-May-09,8-May-09,ARV,Adult,SCMS from RDC,"Lamivudine/Zidovudine 150/300mg, tablets, 60 Tabs",Lamivudine/Zidovudine,Generic,150/300mg,Tablet - FDC,60.0,35000.0,327250.0,9.35,0.16,"Aurobindo Unit III, India",Yes,3162,15128.37,641.41,,,,,,,,,,,,,,,,,,,,,,,,,,
19484,133-NG-T30,FPQ-15504,SCMS-270770,ASN-31785,Nigeria,PMO - US,Direct Drop,EXW,Air,12/8/14,3/13/15,7-May-15,7-May-15,22-May-15,HRDT,HIV test,"Orgenics, Ltd","HIV 1/2, Determine Complete HIV Kit, 100 Tests","HIV 1/2, Determine Complete HIV Kit",Determine,,Test kit,100.0,5640.0,501960.0,89.0,0.89,"Alere Medical Co., Ltd.",Yes,2292,27361.87,590.81,,,,,,,,,,,,,,,,,,,,,,,,,,
82283,,,,,Uganda,,,,,,N/A - From RDC,,,,,,SCMS from RDC,,Lamivudine/Nevirapine/Zidovudine,Generic,150/300/200mg,,,,,,,,,,,,114-UG-T30,SO-35160,DN-1601,PMO - US,From RDC,N/A - From RDC,Air,9/17/2009,15-Jan-10,22-Jan-10,22-Jan-10,ARV,Adult,"Lamivudine/Nevirapine/Zidovudine 150/200/300mg, tablets, 60 Tabs",Tablet - FDC,60.0,59.0,661.98,11.22,0.19,Mylan (formerly Matrix) Nashik,Yes,12,1311,1.3,FPQ-4275
84631,,,,,Côte d'Ivoire,,,,,,N/A - From RDC,,,,,,SCMS from RDC,,Lamivudine/Zidovudine,Generic,150/300mg,,,,,,,,,,,,104-CI-T30,SO-38480,DN-2138,PMO - US,From RDC,N/A - From RDC,Air,8/3/2010,15-Mar-11,29-Mar-11,29-Mar-11,ARV,Adult,"Lamivudine/Zidovudine 150/300mg, tablets, 60 Tabs",Tablet - FDC,60.0,15621.0,133559.55,8.55,0.14,Hetero Unit III Hyderabad IN,No,See DN-2138 (ID#:83491),See DN-2138 (ID#:83491),287.95,FPQ-6144
41214,,,,,Tanzania,,,,,,7/16/2013,,,,,,MYLAN LABORATORIES LTD (FORMERLY MATRIX LABORATORIES),,Efavirenz/Emtricitabine/Tenofovir Disoproxil Fumarate,Generic,600/200/300mg,,,,,,,,,,,,109-TZ-T30,SCMS-198800,ASN-21501,PMO - US,Direct Drop,EXW,Air,7/3/2013,4-Oct-13,4-Oct-13,4-Oct-13,ARV,Adult,"Efavirenz/Emtricitabine/Tenofovir Disoproxil Fumarate 600/200/300mg, tablets, 30 Tabs",Tablet - FDC,30.0,216755.0,2653081.2,12.24,0.41,Mylan (formerly Matrix) Nashik,Yes,28678,118541.26,3281.86,FPQ-12540
48216,,FPQ-9259,,,Tanzania,,,,,,2/3/2012,,,,,,"Trinity Biotech, Plc",,"HIV 1/2, Uni-Gold HIV Kit",Uni-Gold,,,,,,,,,,,,,109-TZ-T30,SCMS-136810,ASN-14309,PMO - US,Direct Drop,EXW,Air,1/27/2012,25-May-12,25-May-12,25-May-12,HRDT,HIV test,"HIV 1/2, Uni-Gold HIV Kit, 20 Tests",Test kit,20.0,4250.0,136000.0,32.0,1.6,"Trinity Biotech, Plc",Yes,1386,13215.15,190.67,
12800,,,,,Mozambique,,,,,,N/A - From RDC,,,,,,SCMS from RDC,,Efavirenz,Generic,600mg,,,,,,,,,,,,111-MZ-T01,SO-1615,DN-698,PMO - US,From RDC,N/A - From RDC,Air,Pre-PQ Process,23-Jun-08,23-Jun-08,23-Jun-08,ARV,Adult,"Efavirenz 600mg, tablets, 30 Tabs",Tablet,30.0,2500.0,31050.0,12.42,0.41,"Aurobindo Unit III, India",No,See DN-698 (ID#:10970),See DN-698 (ID#:10970),49.68,Pre-PQ Process
82601,109-TZ-T30,FPQ-12015,SO-44993,DN-3300,Tanzania,PMO - US,From RDC,N/A - From RDC,Truck,4/2/13,N/A - From RDC,25-Oct-13,1-Oct-13,9-Oct-13,ARV,Adult,SCMS from RDC,"Efavirenz/Emtricitabine/Tenofovir Disoproxil Fumarate 600/200/300mg, tablets, 30 Tabs",Efavirenz/Emtricitabine/Tenofovir Disoproxil Fumarate,Generic,600/200/300mg,Tablet - FDC,30.0,12567.0,154574.1,12.3,0.41,"Aurobindo Unit VII, IN",Yes,1482,5474,191.21,,,,,,,,,,,,,,,,,,,,,,,,,,
64051,,FPQ-5792,,,Rwanda,,,,,,7/21/2010,,,,,,"Orgenics, Ltd",,"HIV 1/2, Determine HIV Kit, without Lancets",Determine,,,,,,,,,,,,,107-RW-T30,SCMS-75800,ASN-8529,PMO - US,Direct Drop,EXW,Air,6/7/2010,17-Nov-10,17-Nov-10,17-Nov-10,HRDT,HIV test,"HIV 1/2, Determine HIV Kit, without Lancets, 100 Tests",Test kit,100.0,5000.0,388500.0,77.7,0.78,Inverness Japan,Yes,1134,50550.58,837.61,
11815,,Pre-PQ Process,,,Côte d'Ivoire,,,,,,N/A - From RDC,,,,,,SCMS from RDC,,"HIV 2, New LAV Blot 2 HIV Kit",LAV,,,,,,,,,,,,,104-CI-T01,SO-1277,DN-439,PMO - US,From RDC,N/A - From RDC,Air,Pre-PQ Process,16-Nov-07,16-Nov-07,16-Nov-07,HRDT,HIV test,"HIV 2, New LAV Blot 2 HIV Kit, 18 Tests",Test kit,18.0,12.0,3698.04,308.17,17.12,Bio-Rad Laboratories,Yes,39,1278,5.92,
85669,,FPQ-5275,,,Uganda,,,,,,N/A - From RDC,,,,,,SCMS from RDC,,Emtricitabine/Tenofovir Disoproxil Fumarate,Generic,200/300mg,,,,,,,,,,,,114-UG-T30,SO-36240,DN-1770,PMO - US,From RDC,N/A - From RDC,Air,3/4/2010,4-Jun-10,15-Apr-10,15-Apr-10,ARV,Adult,"Emtricitabine/Tenofovir Disoproxil Fumarate 200/300mg, tablets, 30 Tabs",Tablet - FDC,30.0,1300.0,15275.0,11.75,0.39,Mylan (formerly Matrix) Nashik,Yes,105,2393.54,32.93,
12068,,,,,Zimbabwe,,,,,,N/A - From RDC,,,,,,SCMS from RDC,,Efavirenz,Generic,600mg,,,,,,,,,,,,113-ZW-T01,SO-415,DN-140,PMO - US,From RDC,N/A - From RDC,,Pre-PQ Process,20-May-07,20-May-07,20-May-07,ARV,Adult,"Efavirenz 600mg, tablets, 30 Tabs",Tablet,30.0,2800.0,45528.0,16.26,0.54,"Aurobindo Unit III, India",Yes,246,1130.49,,Pre-PQ Process
20239,,FPQ-8742,,,Rwanda,,,,,,6/14/2012,,,,,,HETERO LABS LIMITED,,Efavirenz,Generic,600mg,,,,,,,,,,,,107-RW-T30,SCMS-137421,ASN-15443,PMO - US,Direct Drop,EXW,Air,12/7/2011,20-Jul-12,20-Jul-12,20-Jul-12,ARV,Adult,"Efavirenz 600mg, tablets, 30 Tabs",Tablet,30.0,20370.0,72720.9,3.57,0.12,Hetero Unit III Hyderabad IN,Yes,1751,13244.8,101.95,
15788,105-SS-T30,FPQ-15569,SCMS-272170,ASN-31958,South Sudan,PMO - US,Direct Drop,EXW,Air,12/29/14,2/20/15,2-Jul-15,2-Jul-15,3-Jul-15,HRDT,HIV test - Ancillary,"Orgenics, Ltd","Chase Buffer, Determine, 100 Tests, 2.5ml x 1 Vial","Chase Buffer, Determine, 100 Tests, 2.5ml x 1 Vial",Determine,,Test kit - Ancillary,1.0,45.0,225.0,5.0,5.0,"Alere Medical Co., Ltd.",Yes,Weight Captured Separately,Invoiced Separately,0.26,,,,,,,,,,,,,,,,,,,,,,,,,,
84950,,FPQ-13124,,,Mozambique,,,,,,N/A - From RDC,,,,,,SCMS from RDC,,Efavirenz,Generic,600mg,,,,,,,,,,,,111-MZ-T30,SO-47040,DN-3809,PMO - US,From RDC,N/A - From RDC,Truck,10/21/2013,15-Aug-14,15-Aug-14,25-Aug-14,ARV,Adult,"Efavirenz 600mg, tablets, 30 Tabs",Tablet,30.0,108650.0,348766.5,3.21,0.11,"Strides, Bangalore, India.",Yes,9741,9360.14,358.53,
10651,111-MZ-T01,Pre-PQ Process,SO-1039,DN-601,Mozambique,PMO - US,From RDC,N/A - From RDC,Air,Pre-PQ Process,N/A - From RDC,8-Apr-08,5-Apr-08,5-Apr-08,ARV,Adult,SCMS from RDC,"Stavudine 30mg, capsules, 60 Caps",Stavudine,Generic,30mg,Capsule,60.0,120.0,182.4,1.52,0.03,"Aurobindo Unit III, India",Yes,5092,8118.64,0.29,,,,,,,,,,,,,,,,,,,,,,,,,,
31462,,,,,Rwanda,,,,,,9/27/2010,,,,,,Aurobindo Pharma Limited,,Didanosine,Generic,250mg,,,,,,,,,,,,107-RW-T30,SCMS-84390,ASN-9365,PMO - US,Direct Drop,CIP,Air,9/3/2010,10-Jan-11,10-Jan-11,10-Jan-11,ARV,Adult,"Didanosine 250mg, delayed-release capsules, 30 Caps",Delayed-release capsules,30.0,610.0,8082.5,13.25,0.44,"Aurobindo Unit III, India",Yes,Weight Captured Separately,Freight Included in Commodity Cost,17.43,FPQ-6185
84880,103-ZW-T30,FPQ-12086,SO-45132,DN-3486,Zimbabwe,PMO - US,From RDC,N/A - From RDC,Truck,4/19/13,N/A - From RDC,14-Feb-14,10-Feb-14,19-Mar-14,ARV,Pediatric,SCMS from RDC,"Lamivudine/Nevirapine/Zidovudine 30/50/60mg, dispersible tablets, 60 Tabs",Lamivudine/Nevirapine/Zidovudine,Generic,30/50/60mg,Chewable/dispersible tablet - FDC,60.0,841.0,3153.75,3.75,0.06,"Cipla, Goa, India",Yes,73,1500,3.9,,,,,,,,,,,,,,,,,,,,,,,,,,
20185,,,,,South Sudan,,,,,,6/30/2014,,,,,,"Orgenics, Ltd",,"Chase Buffer, Determine, 100 Tests, 2.5ml x 1 Vial",Determine,,,,,,,,,,,,,105-SS-T30,SCMS-245260,ASN-29409,PMO - US,Direct Drop,EXW,Air,6/17/2014,22-Dec-14,22-Dec-14,13-Jan-15,HRDT,HIV test - Ancillary,"Chase Buffer, Determine, 100 Tests, 2.5ml x 1 Vial",Test kit - Ancillary,1.0,160.0,800.0,5.0,5.0,"Alere Medical Co., Ltd.",Yes,149,2084.52,0.82,FPQ-14470
9567,116-ZA-T01,Pre-PQ Process,SCMS-16600,ASN-1520,South Africa,PMO - US,Direct Drop,DDP,,Pre-PQ Process,1/4/08,21-Jan-08,4-Jan-08,4-Jan-08,ARV,Adult,"JSI R&T INSTITUTE, INC.","Tenofovir Disoproxil Fumarate 300mg [Viread], tablets, 30 Tabs",Tenofovir Disoproxil Fumarate,Viread,300mg,Tablet,30.0,150.0,3838.5,25.59,0.85,"Aspen-OSD, Port Elizabeth, SA",No,Weight Captured Separately,Freight Included in Commodity Cost,6.14,,,,,,,,,,,,,,,,,,,,,,,,,,
58197,133-NG-T30,FPQ-12456,SCMS-196561,ASN-22356,Nigeria,PMO - US,Direct Drop,EXW,Air,6/10/13,7/10/13,7-Nov-13,11-Nov-13,17-Nov-13,HRDT,HIV test,"Orgenics, Ltd","HIV 1/2, Determine Complete HIV Kit, 100 Tests","HIV 1/2, Determine Complete HIV Kit",Determine,,Test kit,100.0,2949.0,262461.0,89.0,0.89,"Alere Medical Co., Ltd.",Yes,1192,19458.84,324.66,,,,,,,,,,,,,,,,,,,,,,,,,,
6691,,,,,Vietnam,,,,,,7/3/2007,,,,,,SUN PHARMACEUTICAL INDUSTRIES LTD (RANBAXY LABORATORIES LIMITED),,Zidovudine,Generic,300mg,,,,,,,,,,,,108-VN-T01,SCMS-750,ASN-804,PMO - US,Direct Drop,EXW,Air,Pre-PQ Process,24-Oct-07,24-Oct-07,24-Oct-07,ARV,Adult,"Zidovudine 300mg, tablets, 60 Tabs",Tablet,60.0,100.0,894.0,8.94,0.15,"Ranbaxy, Paonta Shahib, India",Yes,6,2794.34,1.43,Pre-PQ Process
83229,,,,,Rwanda,,,,,,N/A - From RDC,,,,,,SCMS from RDC,,Nevirapine,Generic,10mg/ml,,,,,,,,,,,,107-RW-T30,SO-48170,DN-3611,PMO - US,From RDC,N/A - From RDC,Truck,3/5/2014,20-May-14,4-Mar-14,4-Jun-14,ARV,Pediatric,"Nevirapine 10mg/ml, oral suspension w/syringe, Bottle, 240 ml",Oral suspension,240.0,2216.0,4121.76,1.86,0.01,"Aurobindo Unit III, India",Yes,1412,4609.68,4.24,FPQ-13839
78361,106-HT-T30,FPQ-14314,SCMS-242450,ASN-29195,Haiti,PMO - US,Direct Drop,CIP,Air,5/21/14,6/3/14,24-Nov-14,24-Nov-14,24-Nov-14,ARV,Adult,MERCK SHARP & DOHME IDEA GMBH (FORMALLY MERCK SHARP & DOHME B.V.),"Raltegravir 400mg [Isentress], tablets, 60 Tabs",Raltegravir,Isentress,400mg,Tablet,60.0,161.0,8935.5,55.5,0.92,"MSD, Haarlem, NL",Yes,Weight Captured Separately,Freight Included in Commodity Cost,9.19,,,,,,,,,,,,,,,,,,,,,,,,,,
66145,,FPQ-14942,,,South Africa,,,,,,10/9/2014,,,,,,PHARMACY DIRECT,,Raltegravir,Isentress,400mg,,,,,,,,,,,,116-ZA-T30,SCMS-259079,ASN-33854,PMO - US,Direct Drop,DDP,Truck,9/11/2014,24-Aug-15,24-Aug-15,24-Aug-15,ARV,Adult,"Raltegravir 400mg [Isentress], tablets, 60 Tabs",Tablet,60.0,3.0,197.26,65.75,1.1,"MSD, Haarlem, NL",No,Weight Captured Separately,Freight Included in Commodity Cost,0.2,
85420,,FPQ-12587,,,Tanzania,,,,,,N/A - From RDC,,,,,,SCMS from RDC,,Lamivudine/Nevirapine/Zidovudine,Generic,30/50/60mg,,,,,,,,,,,,109-TZ-T30,SO-45993,DN-3407,PMO - US,From RDC,N/A - From RDC,Truck,7/4/2013,31-Dec-13,9-Jan-14,31-Jan-14,ARV,Pediatric,"Lamivudine/Nevirapine/Zidovudine 30/50/60mg, dispersible tablets, 60 Tabs",Chewable/dispersible tablet - FDC,60.0,50000.0,194500.0,3.89,0.06,Mylan (formerly Matrix) Nashik,Yes,2791,10167.54,240.6,
36816,,FPQ-9635,,,Haiti,,,,,,7/12/2012,,,,,,Aurobindo Pharma Limited,,Stavudine,Generic,30mg,,,,,,,,,,,,106-HT-T30,SCMS-148410,ASN-15840,PMO - US,Direct Drop,EXW,Air,5/14/2012,16-Aug-12,16-Aug-12,16-Aug-12,ARV,Adult,"Stavudine 30mg, capsules, 60 Caps",Capsule,60.0,90.0,126.0,1.4,0.02,"Aurobindo Unit III, India",Yes,6,941.74,0.18,
82883,151-NG-T30,FPQ-4537,SO-36005,DN-1823,Nigeria,PMO - US,From RDC,N/A - From RDC,Air Charter,11/6/09,N/A - From RDC,31-May-10,18-May-10,18-May-10,ARV,Adult,SCMS from RDC,"Lamivudine/Zidovudine 150/300mg, tablets, 60 Tabs",Lamivudine/Zidovudine,Generic,150/300mg,Tablet - FDC,60.0,1227.0,10748.52,8.76,0.15,Hetero Unit III Hyderabad IN,Yes,107,9736.1,23.17,,,,,,,,,,,,,,,,,,,,,,,,,,
71402,,,,,Haiti,,,,,,11/14/2014,,,,,,CIPLA LIMITED,,Lamivudine/Nevirapine/Zidovudine,Generic,30/50/60mg,,,,,,,,,,,,106-HT-T30,SCMS-261980,ASN-29907,PMO - US,Direct Drop,EXW,Air,9/24/2014,20-Jan-15,20-Jan-15,21-Jan-15,ARV,Pediatric,"Lamivudine/Nevirapine/Zidovudine 30/50/60mg, dispersible tablets, 60 Tabs",Chewable/dispersible tablet - FDC,60.0,7867.0,28321.2,3.6,0.06,"Cipla, Goa, India",Yes,811,5915.63,29.11,FPQ-14895
12189,114-UG-T01,Pre-PQ Process,SO-2792,DN-793,Uganda,PMO - US,From RDC,N/A - From RDC,Air,Pre-PQ Process,N/A - From RDC,22-Jul-08,22-Jul-08,22-Jul-08,ARV,Pediatric,SCMS from RDC,"Zidovudine 10mg/ml, oral solution, Bottle, 240 ml",Zidovudine,Generic,10mg/ml,Oral solution,240.0,6036.0,12675.6,2.1,0.01,"Aurobindo Unit III, India",Yes,2253,15923.41,20.28,,,,,,,,,,,,,,,,,,,,,,,,,,
86810,,,,,Uganda,,,,,,N/A - From RDC,,,,,,SCMS from RDC,,Efavirenz,Generic,200mg,,,,,,,,,,,,114-UG-T30,SO-50054,DN-4265,PMO - US,From RDC,N/A - From RDC,Truck,11/3/2014,15-Jun-15,4-Jun-15,15-Jun-15,ARV,Pediatric,"Efavirenz 200mg, scored tablets, 90 Tabs",Tablet,90.0,6312.0,34716.0,5.5,0.06,"Strides, Bangalore, India.",No,See DN-4265 (ID#:83335),See DN-4265 (ID#:83335),40.86,FPQ-15294
84398,,,,,Mozambique,,,,,,N/A - From RDC,,,,,,SCMS from RDC,,Lamivudine/Stavudine,Generic,150/30mg,,,,,,,,,,,,111-MZ-T30,SO-47080,DN-3828,PMO - US,From RDC,N/A - From RDC,Truck,10/21/2013,29-Aug-14,5-Nov-14,7-Nov-14,ARV,Adult,"Lamivudine/Stavudine 150/30mg, tablets, 60 Tabs",Tablet - FDC,60.0,5232.0,13027.68,2.49,0.04,"Strides, Bangalore, India.",No,See DN-3828 (ID#:82713),See DN-3828 (ID#:82713),13.39,FPQ-13123
62037,,,,,Vietnam,,,,,,2/17/2015,,,,,,HETERO LABS LIMITED,,Abacavir,Generic,300mg,,,,,,,,,,,,108-VN-T30,SCMS-274390,ASN-32265,PMO - US,Direct Drop,EXW,Air,1/28/2015,10-Jul-15,10-Jul-15,10-Jul-15,ARV,Adult,"Abacavir 300mg, tablets, 60 Tabs",Tablet,60.0,1400.0,15330.0,10.95,0.18,Hetero Unit III Hyderabad IN,No,See ASN-32265 (ID#:56716),See ASN-32265 (ID#:56716),18.04,FPQ-15692
17870,116-ZA-T30,FPQ-4054,SCMS-51251,ASN-5341,South Africa,PMO - US,Direct Drop,DDP,Truck,7/29/09,8/7/09,7-Oct-09,7-Oct-09,7-Oct-09,ARV,Pediatric,S. BUYS WHOLESALER,"Stavudine 1mg/ml, powder for oral solution, 200 ml",Stavudine,Generic,1mg/ml,Oral solution,200.0,500.0,1303.53,2.61,0.01,"Aurobindo Unit III, India",Yes,Weight Captured Separately,Freight Included in Commodity Cost,2.55,,,,,,,,,,,,,,,,,,,,,,,,,,
12189,,Pre-PQ Process,,,Uganda,,,,,,N/A - From RDC,,,,,,SCMS from RDC,,Zidovudine,Generic,10mg/ml,,,,,,,,,,,,114-UG-T01,SO-2792,DN-793,PMO - US,From RDC,N/A - From RDC,Air,Pre-PQ Process,22-Jul-08,22-Jul-08,22-Jul-08,ARV,Pediatric,"Zidovudine 10mg/ml, oral solution, Bottle, 240 ml",Oral solution,240.0,6036.0,12675.6,2.1,0.01,"Aurobindo Unit III, India",Yes,2253,15923.41,20.28,
83336,,,,,Côte d'Ivoire,,,,,,N/A - From RDC,,,,,,SCMS from RDC,,Efavirenz,Generic,600mg,,,,,,,,,,,,104-CI-T30,SO-49090,DN-4177,PMO - US,From RDC,N/A - From RDC,Truck,5/23/2014,29-May-15,29-May-15,18-Jun-15,ARV,Adult,"Efavirenz 600mg, tablets, 30 Tabs",Tablet,30.0,30004.0,93612.48,3.12,0.1,"Cipla, Goa, India",No,See DN-4177 (ID#:82804),See DN-4177 (ID#:82804),96.23,FPQ-14370
83531,,,,,Tanzania,,,,,,N/A - From RDC,,,,,,SCMS from RDC,,Efavirenz/Emtricitabine/Tenofovir Disoproxil Fumarate,Generic,600/200/300mg,,,,,,,,,,,,109-TZ-T30,SO-38171,DN-2345,PMO - US,From RDC,N/A - From RDC,Truck,12/2/2010,3-Oct-11,16-Sep-11,16-Sep-11,ARV,Adult,"Efavirenz/Emtricitabine/Tenofovir Disoproxil Fumarate 600/200/300mg, tablets, 30 Tabs",Tablet - FDC,30.0,68235.0,1359241.2,19.92,0.66,Mylan (formerly Matrix) Nashik,Yes,Weight Captured Separately,Invoiced Separately,2242.75,FPQ-6713
12774,114-UG-T01,Pre-PQ Process,SO-1082,DN-589,Uganda,PMO - US,From RDC,N/A - From RDC,,Pre-PQ Process,N/A - From RDC,28-Feb-08,28-Feb-08,28-Feb-08,ARV,Adult,SCMS from RDC,"Nevirapine 200mg, tablets, 60 Tabs",Nevirapine,Generic,200mg,Tablet,60.0,328.0,1115.2,3.4,0.06,"Ranbaxy, Paonta Shahib, India",No,See DN-589 (ID#:10670),See DN-589 (ID#:10670),1.78,,,,,,,,,,,,,,,,,,,,,,,,,,
21193,,FPQ-7684,,,Kenya,,,,,,5/19/2011,,,,,,"Orgenics, Ltd",,"HIV 1/2, Determine Complete HIV Kit",Determine,,,,,,,,,,,,,127-KE-T30,SCMS-109250,ASN-11441,PMO - US,Direct Drop,EXW,Air,5/5/2011,9-Aug-11,11-Aug-11,11-Aug-11,HRDT,HIV test,"HIV 1/2, Determine Complete HIV Kit, 100 Tests",Test kit,100.0,8331.0,741459.0,89.0,0.89,Inverness Japan,Yes,1980,37548.87,1223.41,
25824,111-MZ-T30,FPQ-8116,SCMS-118370,ASN-12475,Mozambique,PMO - US,Direct Drop,EXW,Air,8/4/11,8/30/11,22-Nov-11,22-Nov-11,22-Nov-11,HRDT,HIV test,"Orgenics, Ltd","HIV 1/2, Determine HIV Kit, without Lancets, 100 Tests","HIV 1/2, Determine HIV Kit, without Lancets",Determine,,Test kit,100.0,7409.0,575679.3,77.7,0.78,Inverness Japan,Yes,1275,15873.44,949.87,,,,,,,,,,,,,,,,,,,,,,,,,,
85228,,,,,"Congo, DRC",,,,,,N/A - From RDC,,,,,,SCMS from RDC,,Nevirapine,Generic,10mg/ml,,,,,,,,,,,,101-CD-T30,SO-41145,DN-2509,PMO - US,From RDC,N/A - From RDC,Air,11/21/2011,16-Mar-12,13-Apr-12,13-Apr-12,ARV,Pediatric,"Nevirapine 10mg/ml, oral suspension w/syringe, Bottle, 240 ml",Oral suspension,240.0,151.0,294.45,1.95,0.01,"Aurobindo Unit III, India",No,See DN-2509 (ID#:82441),See DN-2509 (ID#:82441),0.41,FPQ-8840
36541,,FPQ-13035,,,South Africa,,,,,,12/2/2013,,,,,,S. BUYS WHOLESALER,,Efavirenz,Generic,200mg,,,,,,,,,,,,116-ZA-T30,SCMS-215370,ASN-24415,PMO - US,Direct Drop,DDP,Truck,10/8/2013,6-Feb-14,6-Feb-14,6-Feb-14,ARV,Pediatric,"Efavirenz 200mg, capsule, 90 Caps",Capsule,90.0,85.0,1985.58,23.36,0.26,"Aurobindo Unit III, India",No,Weight Captured Separately,Freight Included in Commodity Cost,2.46,
85808,151-NG-T30,FPQ-8364,SO-40651,DN-2453,Nigeria,PMO - US,From RDC,N/A - From RDC,Air Charter,8/29/11,N/A - From RDC,2-Mar-12,18-Dec-11,18-Dec-11,ARV,Adult,SCMS from RDC,"Efavirenz 600mg, tablets, 30 Tabs",Efavirenz,Generic,600mg,Tablet,30.0,10944.0,46183.68,4.22,0.14,"Strides, Bangalore, India.",Yes,726,15322.73,76.2,,,,,,,,,,,,,,,,,,,,,,,,,,
13007,,FPQ-11670,,,Burundi,,,,,,3/14/2013,,,,,,"Orgenics, Ltd",,"HIV 1/2, Determine Complete HIV Kit",Determine,,,,,,,,,,,,,102-BI-T30,SCMS-179360,ASN-19161,PMO - US,Direct Drop,EXW,Air,2/20/2013,10-Jun-13,10-Jun-13,10-Jun-13,HRDT,HIV test,"HIV 1/2, Determine Complete HIV Kit, 100 Tests",Test kit,100.0,1468.0,117440.0,80.0,0.8,"Alere Medical Co., Ltd.",Yes,638,12922.07,145.27,
82500,,FPQ-10210,,,Mozambique,,,,,,N/A - From RDC,,,,,,SCMS from RDC,,Zidovudine,Generic,10mg/ml,,,,,,,,,,,,111-MZ-T30,SO-42950,DN-2808,PMO - US,From RDC,N/A - From RDC,Truck,6/28/2012,30-Nov-12,29-Oct-12,29-Oct-12,ARV,Pediatric,"Zidovudine 10mg/ml, oral solution w/syringe, Bottle, 240 ml",Oral solution,240.0,7150.0,15015.0,2.1,0.01,"Aurobindo Unit III, India",Yes,2778,19730.62,21.05,
2662,112-NG-T01,Pre-PQ Process,SCMS-87,ASN-57,Nigeria,PMO - US,Direct Drop,EXW,Air,Pre-PQ Process,Date Not Captured,28-Sep-06,28-Sep-06,28-Sep-06,ARV,Adult,Aurobindo Pharma Limited,"Lamivudine 150mg, tablets, 60 Tabs",Lamivudine,Generic,150mg,Tablet,60.0,486.0,2041.2,4.2,0.07,"Aurobindo Unit III, India",No,See ASN-57 (ID#:23),See ASN-57 (ID#:23),,,,,,,,,,,,,,,,,,,,,,,,,,,
85310,,FPQ-9749,,,Côte d'Ivoire,,,,,,N/A - From RDC,,,,,,SCMS from RDC,,Efavirenz,Generic,600mg,,,,,,,,,,,,104-CI-T30,SO-42400,DN-2880,PMO - US,From RDC,N/A - From RDC,Truck,4/19/2012,30-Oct-12,24-Oct-12,24-Oct-12,ARV,Adult,"Efavirenz 600mg, tablets, 30 Tabs",Tablet,30.0,56228.0,204669.92,3.64,0.12,"Aurobindo Unit III, India",Yes,6242,17129.96,286.95,
82972,,,,,Zimbabwe,,,,,,N/A - From RDC,,,,,,SCMS from RDC,,Didanosine,Generic,200mg,,,,,,,,,,,,200-ZW-T30,SO-38900,DN-2318,PMO - US,From RDC,N/A - From RDC,Truck,10/13/2010,30-Sep-11,23-Sep-11,23-Sep-11,ARV,Pediatric,"Didanosine 200mg, delayed-release capsules, 30 Caps",Delayed-release capsules,30.0,36.0,396.0,11.0,0.37,"Aurobindo Unit III, India",No,See DN-2318 (ID#:82971),See DN-2318 (ID#:82971),0.85,FPQ-6483
58064,,FPQ-7898,,,Vietnam,,,,,,7/8/2011,,,,,,ABBVIE LOGISTICS (FORMERLY ABBOTT LOGISTICS BV),,Lopinavir/Ritonavir,Aluvia,200/50mg,,,,,,,,,,,,108-VN-T30,SCMS-113700,ASN-12727,PMO - US,Direct Drop,FCA,Air,6/27/2011,23-Nov-11,23-Nov-11,23-Nov-11,ARV,Adult,"Lopinavir/Ritonavir 200/50mg [Aluvia], tablets, 120 Tabs",Tablet,120.0,1435.0,117957.0,82.2,0.68,ABBVIE Ludwigshafen Germany,Yes,355,5101.21,194.63,
11964,,Pre-PQ Process,,,Mozambique,,,,,,N/A - From RDC,,,,,,SCMS from RDC,,Lamivudine/Nevirapine/Zidovudine,Generic,150/300/200mg,,,,,,,,,,,,111-MZ-T01,SO-25020,DN-1175,PMO - US,From RDC,N/A - From RDC,Air,Pre-PQ Process,8-Jun-09,8-Jun-09,8-Jun-09,ARV,Adult,"Lamivudine/Nevirapine/Zidovudine 150/200/300mg, tablets, 60 Tabs",Tablet - FDC,60.0,10808.0,127534.4,11.8,0.2,Mylan (formerly Matrix) Nashik,Yes,1320,6759.55,249.97,
58211,104-CI-T30,FPQ-4484,SCMS-56482,ASN-6027,Côte d'Ivoire,PMO - US,Direct Drop,EXW,Air,10/29/09,11/3/09,19-Feb-10,19-Feb-10,19-Feb-10,HRDT,HIV test,"Orgenics, Ltd","HIV 1/2, Determine HIV Kit, without Lancets, 100 Tests","HIV 1/2, Determine HIV Kit, without Lancets",Determine,,Test kit,100.0,3500.0,245000.0,70.0,0.7,Inverness Japan,Yes,794,12619.38,528.22,,,,,,,,,,,,,,,,,,,,,,,,,,
85656,,FPQ-4472,,,Zimbabwe,,,,,,N/A - From RDC,,,,,,SCMS from RDC,,Efavirenz,Generic,600mg,,,,,,,,,,,,113-ZW-T30,SO-27210,DN-1657,PMO - US,From RDC,N/A - From RDC,Truck,3/17/2009,31-Mar-10,12-Mar-10,12-Mar-10,ARV,Adult,"Efavirenz 600mg, tablets, 30 Tabs",Tablet,30.0,4000.0,20520.0,5.13,0.17,"Aurobindo Unit III, India",No,See DN-1657 (ID#:83980),See DN-1657 (ID#:83980),40.22,
24285,,FPQ-13973,,,South Africa,,,,,,10/3/2014,,,,,,PHARMACY DIRECT,,Didanosine,Generic,250mg,,,,,,,,,,,,116-ZA-T30,SCMS-238554,ASN-28627,PMO - US,Direct Drop,DDP,Truck,4/30/2014,3-Oct-14,3-Oct-14,3-Oct-14,ARV,Adult,"Didanosine 250mg, delayed-release capsules, 30 Caps",Delayed-release capsules,30.0,1.0,15.25,15.25,0.51,"Aurobindo Unit III, India",No,Weight Captured Separately,Freight Included in Commodity Cost,0.02,
140,,,,,Tanzania,,,,,,Date Not Captured,,,,,,"Standard Diagnostics, Inc.",,"HIV 1/2, Bioline 3.0 Kit, Lancets, Capillary pipets, Alcohol swabs included",Bioline,,,,,,,,,,,,,109-TZ-T01,SCMS-10300,ASN-856,PMO - US,Direct Drop,EXW,Air,Pre-PQ Process,22-Nov-07,22-Nov-07,22-Nov-07,HRDT,HIV test,"HIV 1/2, Bioline 3.0 Kit, Lancets, Capillary pipets, Alcohol swabs included, 25 Tests",Test kit,25.0,10000.0,200000.0,20.0,0.8,"Standard Diagnostics, Korea",Yes,3335,28359.8,320.0,Pre-PQ Process
68126,109-TZ-T30,FPQ-9211,SCMS-135870,ASN-13851,Tanzania,PMO - US,Direct Drop,EXW,Air,1/25/12,1/27/12,7-Mar-12,8-Mar-12,8-Mar-12,HRDT,HIV test,"Orgenics, Ltd","HIV 1/2, Determine Complete HIV Kit, 100 Tests","HIV 1/2, Determine Complete HIV Kit",Determine,,Test kit,100.0,1044.0,83520.0,80.0,0.8,"Alere Medical Co., Ltd.",Yes,499,9894.85,117.1,,,,,,,,,,,,,,,,,,,,,,,,,,
75682,,FPQ-9365,,,Uganda,,,,,,4/17/2012,,,,,,ASPEN PHARMACARE,,Darunavir,Prezista,300mg,,,,,,,,,,,,114-UG-T30,SCMS-143490,ASN-14880,PMO - US,Direct Drop,DDP,Air,3/15/2012,18-May-12,18-May-12,18-May-12,ARV,Adult,"Darunavir 300mg [Prezista], tablets, 120 Tabs",Tablet,120.0,252.0,16783.2,66.6,0.55,"Aspen-OSD, Port Elizabeth, SA",No,See ASN-14880 (ID#:25423),See ASN-14880 (ID#:25423),23.53,
83969,,FPQ-4035,,,Zambia,,,,,,N/A - From RDC,,,,,,SCMS from RDC,,Nevirapine,Generic,200mg,,,,,,,,,,,,110-ZM-T30,SO-34760,DN-1573,PMO - US,From RDC,N/A - From RDC,Truck,8/5/2009,15-Jan-10,3-Dec-09,3-Dec-09,ARV,Adult,"Nevirapine 200mg, tablets, 60 Tabs",Tablet,60.0,29683.0,86080.7,2.9,0.05,"Cipla, Goa, India",Yes,3254,8104.79,168.72,
83708,,FPQ-12473,,,Uganda,,,,,,N/A - From RDC,,,,,,SCMS from RDC,,Efavirenz,Generic,600mg,,,,,,,,,,,,114-UG-T30,SO-45870,DN-3267,PMO - US,From RDC,N/A - From RDC,Air,6/11/2013,29-Aug-13,13-Sep-13,13-Sep-13,ARV,Adult,"Efavirenz 600mg, tablets, 30 Tabs",Tablet,30.0,36007.0,119903.31,3.33,0.11,"Aurobindo Unit III, India",Yes,19158,106022.37,148.32,
11950,,Pre-PQ Process,,,Côte d'Ivoire,,,,,,N/A - From RDC,,,,,,SCMS from RDC,,Lamivudine/Nevirapine/Stavudine,Generic,150/200/30mg,,,,,,,,,,,,104-CI-T01,SO-16190,DN-1020,PMO - US,From RDC,N/A - From RDC,Air,Pre-PQ Process,5-Jan-09,5-Jan-09,5-Jan-09,ARV,Adult,"Lamivudine/Nevirapine/Stavudine 150/200/30mg, tablets, 60 Tabs",Tablet - FDC,60.0,19290.0,138888.0,7.2,0.12,"Cipla, Goa, India",Yes,2096,19495.73,272.22,
11974,,Pre-PQ Process,,,Mozambique,,,,,,N/A - From RDC,,,,,,SCMS from RDC,,Efavirenz,Generic,200mg,,,,,,,,,,,,111-MZ-T01,SO-17530,DN-1176,PMO - US,From RDC,N/A - From RDC,Air,Pre-PQ Process,20-May-09,20-May-09,20-May-09,ARV,Pediatric,"Efavirenz 200mg, capsule, 90 Caps",Capsule,90.0,720.0,10987.2,15.26,0.17,"Aurobindo Unit III, India",No,See DN-1176 (ID#:11973),See DN-1176 (ID#:11973),21.53,
14871,108-VN-T30,FPQ-10811,SCMS-164560,ASN-18406,Vietnam,PMO - US,Direct Drop,EXW,Air,10/15/12,11/7/12,13-Mar-13,13-Mar-13,13-Mar-13,ARV,Pediatric,MYLAN LABORATORIES LTD (FORMERLY MATRIX LABORATORIES),"Lamivudine/Zidovudine 30/60mg, tablets, 60 Tabs",Lamivudine/Zidovudine,Generic,30/60mg,Tablet - FDC,60.0,1769.0,3714.9,2.1,0.04,Mylan (formerly Matrix) Nashik,Yes,1961,7308.37,4.6,,,,,,,,,,,,,,,,,,,,,,,,,,
85360,,,,,Nigeria,,,,,,N/A - From RDC,,,,,,SCMS from RDC,,Efavirenz/Emtricitabine/Tenofovir Disoproxil Fumarate,Generic,600/200/300mg,,,,,,,,,,,,151-NG-T30,SO-43040,DN-3138,PMO - US,From RDC,N/A - From RDC,Air Charter,8/9/2012,6-May-13,3-May-13,3-May-13,ARV,Adult,"Efavirenz/Emtricitabine/Tenofovir Disoproxil Fumarate 600/200/300mg, tablets, 30 Tabs",Tablet - FDC,30.0,59615.0,772610.4,12.96,0.43,"Cipla, Goa, India",Yes,7722,14547.55,1083.2,FPQ-10477
85397,,FPQ-12065,,,Burundi,,,,,,N/A - From RDC,,,,,,SCMS from RDC,,Emtricitabine/Tenofovir Disoproxil Fumarate,Generic,200/300mg,,,,,,,,,,,,102-BI-T30,SO-45150,DN-3284,PMO - US,From RDC,N/A - From RDC,Air,4/22/2013,30-Aug-13,27-Aug-13,27-Aug-13,ARV,Adult,"Emtricitabine/Tenofovir Disoproxil Fumarate 200/300mg, tablets, 30 Tabs",Tablet - FDC,30.0,2562.0,15551.34,6.07,0.2,"Aurobindo Unit III, India",Yes,240,1634.38,19.24,
16462,,FPQ-13973,,,South Africa,,,,,,8/5/2014,,,,,,PHARMACY DIRECT,,Darunavir,Prezista,300mg,,,,,,,,,,,,116-ZA-T30,SCMS-238552,ASN-27609,PMO - US,Direct Drop,DDP,Truck,4/30/2014,5-Aug-14,5-Aug-14,5-Aug-14,ARV,Adult,"Darunavir 300mg [Prezista], tablets, 120 Tabs",Tablet,120.0,36.0,2509.54,69.71,0.58,"Janssen-Cilag, Latina, IT",Yes,Weight Captured Separately,Freight Included in Commodity Cost,2.58,
2536,,Pre-PQ Process,,,Rwanda,,,,,,4/15/2009,,,,,,MYLAN LABORATORIES LTD (FORMERLY MATRIX LABORATORIES),,Lamivudine/Nevirapine/Zidovudine,Generic,150/300/200mg,,,,,,,,,,,,107-RW-T01,SCMS-43880,ASN-4462,PMO - US,Direct Drop,CIP,Air,Pre-PQ Process,20-Jul-09,20-Jul-09,20-Jul-09,ARV,Adult,"Lamivudine/Nevirapine/Zidovudine 150/200/300mg, tablets, 60 Tabs",Tablet - FDC,60.0,26932.0,317528.28,11.79,0.2,Mylan (formerly Matrix) Nashik,Yes,3393,30661.5,622.36,
84293,103-DO-T30,FPQ-11920,SO-46130,DN-3349,Dominican Republic,PMO - US,From RDC,N/A - From RDC,Air,3/18/13,N/A - From RDC,29-Oct-13,16-Oct-13,29-Oct-13,ARV,Adult,SCMS from RDC,"Nevirapine 200mg, tablets, 60 Tabs",Nevirapine,Generic,200mg,Tablet,60.0,288.0,650.88,2.26,0.04,Hetero Unit III Hyderabad IN,No,See DN-3349 (ID#:83720),See DN-3349 (ID#:83720),0.81,,,,,,,,,,,,,,,,,,,,,,,,,,
20969,,,,,Rwanda,,,,,,4/3/2014,,,,,,"SHANGHAI KEHUA BIOENGINEERING CO.,LTD.  (KHB)",,"HIV 1/2, Colloidal Gold, Diagnostic Kit, Antibody",Colloidal Gold,,,,,,,,,,,,,107-RW-T30,SCMS-232310,ASN-25925,PMO - US,Direct Drop,EXW,Air,3/12/2014,28-Apr-14,16-Jun-14,17-Jun-14,HRDT,HIV test,"HIV 1/2, SKB Colloidal Gold, Diagnostic Kit, Antibody, 50 Tests",Test kit,1.0,4156.0,101822.0,24.5,24.5,"KHB Test Kit Facility, Shanghai China",Yes,2771,36502.8,104.67,FPQ-13874
83245,,,,,Côte d'Ivoire,,,,,,N/A - From RDC,,,,,,SCMS from RDC,,Lamivudine,Generic,150mg,,,,,,,,,,,,104-CI-T30,SO-47160,DN-3685,PMO - US,From RDC,N/A - From RDC,Truck,10/22/2013,30-May-14,12-May-14,30-Jun-14,ARV,Adult,"Lamivudine 150mg, tablets, 60 Tabs",Tablet,60.0,1379.0,2399.46,1.74,0.03,"Aurobindo Unit III, India",Yes,157,926.7,2.47,FPQ-13142
84392,113-ZW-T30,FPQ-13508,SO-47540,DN-3825,Zimbabwe,PMO - US,From RDC,N/A - From RDC,Truck,12/24/13,N/A - From RDC,30-Sep-14,29-Jun-14,4-Aug-14,ARV,Adult,SCMS from RDC,"Lamivudine/Tenofovir Disoproxil Fumarate 300/300mg, tablets, 30 Tabs",Lamivudine/Tenofovir Disoproxil Fumarate,Generic,300/300mg,Tablet - FDC,30.0,140000.0,648200.0,4.63,0.15,Hetero Unit III Hyderabad IN,No,See DN-3825 (ID#:82702),See DN-3825 (ID#:82702),666.35,,,,,,,,,,,,,,,,,,,,,,,,,,
11219,,,,,Haiti,,,,,,N/A - From RDC,,,,,,SCMS from RDC,,Zidovudine,Generic,10mg/ml,,,,,,,,,,,,106-HT-T01,SO-1287,DN-614,PMO - US,From RDC,N/A - From RDC,Air,Pre-PQ Process,4-Mar-08,21-Feb-08,21-Feb-08,ARV,Pediatric,"Zidovudine 10mg/ml, oral solution, Bottle, 240 ml",Oral solution,240.0,3000.0,6450.0,2.15,0.01,"Aurobindo Unit III, India",Yes,2584,26877.3,10.32,Pre-PQ Process
74674,,,,,South Africa,,,,,,7/21/2009,,,,,,S. BUYS WHOLESALER,,Tenofovir Disoproxil Fumarate,Viread,300mg,,,,,,,,,,,,116-ZA-T30,SCMS-49610,ASN-5003,PMO - US,Direct Drop,DDP,Truck,5/7/2009,11-Aug-09,11-Aug-09,11-Aug-09,ARV,Adult,"Tenofovir Disoproxil Fumarate 300mg [Viread], tablets, 30 Tabs",Tablet,30.0,163.0,4195.98,25.74,0.86,"Aspen-OSD, Port Elizabeth, SA",Yes,Weight Captured Separately,Freight Included in Commodity Cost,8.22,FPQ-3560
23452,200-ZW-T30,FPQ-6488,SCMS-90690,ASN-13957,Zimbabwe,PMO - US,Direct Drop,FCA,Air,10/26/10,11/10/10,2-Apr-12,2-Apr-12,2-Apr-12,ARV,Pediatric,ABBVIE LOGISTICS (FORMERLY ABBOTT LOGISTICS BV),"Lopinavir/Ritonavir 80/20mg/ml [Kaletra], oral solution, cool, Bottle 5 x 60 ml",Lopinavir/Ritonavir,Kaletra,80/20mg/ml,Oral solution,300.0,1251.0,38555.82,30.82,0.1,ABBVIE (Abbott) Logis. UK,Yes,Weight Captured Separately,Invoiced Separately,83.13,,,,,,,,,,,,,,,,,,,,,,,,,,
12625,,Pre-PQ Process,,,Nigeria,,,,,,N/A - From RDC,,,,,,SCMS from RDC,,"HIV 1/2, Stat-Pak HIV, Kit",Stat-Pak,,,,,,,,,,,,,102-NG-T01,SO-131,DN-1,PMO - US,From RDC,N/A - From RDC,,Pre-PQ Process,20-Sep-06,13-Jul-06,13-Jul-06,HRDT,HIV test,"HIV 1/2, Stat-Pak HIV, Kit, 20 Tests",Test kit,20.0,50000.0,67500.0,1.35,0.07,Chembio Diagnostics Sys. Inc.,Yes,712,Freight Included in Commodity Cost,,
71293,,FPQ-13853,,,Rwanda,,,,,,6/30/2014,,,,,,LAWRENCE LABORATORIES (SUBSIDIARY OF BRISTOL MYERS SQUIBB),,Atazanavir,Reyataz,150mg,,,,,,,,,,,,107-RW-T30,SCMS-244220,ASN-27693,PMO - US,Direct Drop,FCA,Air,3/25/2014,22-Aug-14,22-Aug-14,26-Aug-14,ARV,Pediatric,"Atazanavir 150mg [Reyataz], capsules, 60 Caps",Capsule,60.0,216.0,7311.6,33.85,0.56,"BMS Evansville, US",Yes,17,733.64,7.52,
12688,,Pre-PQ Process,,,Côte d'Ivoire,,,,,,N/A - From RDC,,,,,,SCMS from RDC,,Abacavir,Generic,300mg,,,,,,,,,,,,104-CI-T01,SO-959,DN-320,PMO - US,From RDC,N/A - From RDC,,Pre-PQ Process,30-Aug-07,30-Aug-07,30-Aug-07,ARV,Adult,"Abacavir 300mg, tablets, 60 Tabs",Tablet,60.0,6000.0,165180.0,27.53,0.46,"Cipla, Patalganga, India",No,See DN-320 (ID#:10593),See DN-320 (ID#:10593),264.29,
51821,,,,,South Africa,,,,,,5/5/2010,,,,,,S. BUYS WHOLESALER,,Efavirenz,Generic,200mg,,,,,,,,,,,,116-ZA-T30,SCMS-72760,ASN-7111,PMO - US,Direct Drop,DDP,Truck,4/30/2010,12-May-10,12-May-10,12-May-10,ARV,Pediatric,"Efavirenz 200mg, capsule, 90 Caps",Capsule,90.0,50.0,1636.37,32.73,0.36,"Aurobindo Unit III, India",Yes,Weight Captured Separately,Freight Included in Commodity Cost,3.53,FPQ-5630
53989,,FPQ-12623,,,South Sudan,,,,,,8/5/2013,,,,,,"Orgenics, Ltd",,"HIV 1/2, Determine Complete HIV Kit",Determine,,,,,,,,,,,,,105-SS-T30,SCMS-200911,ASN-22749,PMO - US,Direct Drop,EXW,Air,7/18/2013,24-Jan-14,24-Jan-14,24-Jan-14,HRDT,HIV test,"HIV 1/2, Determine Complete HIV Kit, 100 Tests",Test kit,100.0,350.0,31150.0,89.0,0.89,"Alere Medical Co., Ltd.",No,See ASN-22749 (ID#:45723),See ASN-22749 (ID#:45723),38.53,
84770,,,,,Côte d'Ivoire,,,,,,N/A - From RDC,,,,,,SCMS from RDC,,Lamivudine/Zidovudine,Generic,150/300mg,,,,,,,,,,,,104-CI-T30,SO-42990,DN-2936,PMO - US,From RDC,N/A - From RDC,Truck,7/24/2012,13-Dec-12,3-Dec-12,3-Dec-12,ARV,Adult,"Lamivudine/Zidovudine 150/300mg, tablets, 60 Tabs",Tablet - FDC,60.0,36180.0,279309.6,7.72,0.13,Mylan (formerly Matrix) Nashik,Yes,2907,11320.56,391.59,FPQ-10405
76327,108-VN-T30,FPQ-15692,SCMS-274390,ASN-32265,Vietnam,PMO - US,Direct Drop,EXW,Air,1/28/15,2/17/15,10-Jul-15,10-Jul-15,10-Jul-15,ARV,Adult,HETERO LABS LIMITED,"Lamivudine 150mg, tablets, 60 Tabs",Lamivudine,Generic,150mg,Tablet,60.0,17600.0,31680.0,1.8,0.03,Hetero Unit III Hyderabad IN,No,See ASN-32265 (ID#:56716),See ASN-32265 (ID#:56716),37.29,,,,,,,,,,,,,,,,,,,,,,,,,,
10395,,,,,Haiti,,,,,,4/2/2009,,,,,,Orasure Technologies Inc.,,"HIV 1/2, OraQuick Advance HIV Rapid Antibody Kit",OraQuick,,,,,,,,,,,,,106-HT-T01,SCMS-42710,ASN-4322,PMO - US,Direct Drop,EXW,Air,Pre-PQ Process,6-Jul-09,6-Jul-09,6-Jul-09,HRDT,HIV test,"HIV 1/2, OraQuick Advance HIV Rapid Antibody Kit, 100 Tests",Test kit,100.0,60.0,21000.0,350.0,3.5,"Pacific Biotech, Thailand",Yes,144,4185.29,41.16,Pre-PQ Process
61754,110-ZM-T30,FPQ-8194,SCMS-118550,ASN-12428,Zambia,PMO - US,Direct Drop,EXW,Air,8/9/11,8/18/11,26-Oct-11,26-Oct-11,26-Oct-11,HRDT,HIV test,"Orgenics, Ltd","HIV 1/2, Determine Complete HIV Kit, 100 Tests","HIV 1/2, Determine Complete HIV Kit",Determine,,Test kit,100.0,3200.0,256000.0,80.0,0.8,"Alere Medical Co., Ltd.",Yes,1526,27952.72,422.4,,,,,,,,,,,,,,,,,,,,,,,,,,
34360,,FPQ-6897,,,Côte d'Ivoire,,,,,,3/11/2011,,,,,,MYLAN LABORATORIES LTD (FORMERLY MATRIX LABORATORIES),,Abacavir/Lamivudine/Zidovudine,Generic,300/150/300mg,,,,,,,,,,,,104-CI-T30,SCMS-101010,ASN-10906,PMO - US,Direct Drop,EXW,Air,1/5/2011,15-Jun-11,15-Jun-11,15-Jun-11,ARV,Adult,"Abacavir/Lamivudine/Zidovudine 300/150/300mg, tablets, 60 Tabs",Tablet - FDC,60.0,2432.0,72960.0,30.0,0.5,Mylan (formerly Matrix) Nashik,Yes,403,5714.74,120.38,
35372,108-VN-T30,FPQ-13976,SCMS-236100,ASN-28777,Vietnam,PMO - US,Direct Drop,EXW,Air,4/8/14,4/30/14,26-Nov-14,26-Nov-14,26-Nov-14,ARV,Adult,MICRO LABS LIMITED,"Nevirapine 200mg, tablets, 60 Tabs",Nevirapine,Generic,200mg,Tablet,60.0,8400.0,17472.0,2.08,0.03,"Micro labs, Verna, Goa, India",No,See ASN-28777 (ID#:22196),See ASN-28777 (ID#:22196),17.96,,,,,,,,,,,,,,,,,,,,,,,,,,
10867,104-CI-T01,Pre-PQ Process,SO-792,DN-356,Côte d'Ivoire,PMO - US,From RDC,N/A - From RDC,,Pre-PQ Process,N/A - From RDC,19-Sep-07,19-Sep-07,19-Sep-07,HRDT,HIV test,SCMS from RDC,"#108853** HIV, Genie II HIV-1/HIV-2 Kit, 40 Tests","HIV, Genie II HIV-1/HIV-2 Kit",Genie,,Test kit,40.0,230.0,17480.0,76.0,1.9,Bio-Rad Laboratories,Yes,917,6056.76,27.97,,,,,,,,,,,,,,,,,,,,,,,,,,
11539,,Pre-PQ Process,,,Nigeria,,,,,,N/A - From RDC,,,,,,SCMS from RDC,,Nevirapine,Generic,200mg,,,,,,,,,,,,123-NG-T01,SO-2553,DN-836,PMO - US,From RDC,N/A - From RDC,Air,Pre-PQ Process,31-Jul-08,31-Jul-08,31-Jul-08,ARV,Adult,"Nevirapine 200mg, tablets, 60 Tabs",Tablet,60.0,6002.0,20406.8,3.4,0.06,"Aurobindo Unit III, India",No,See DN-836 (ID#:11244),See DN-836 (ID#:11244),32.65,
83822,,,,,Guyana,,,,,,N/A - From RDC,,,,,,SCMS from RDC,,Nevirapine,Generic,10mg/ml,,,,,,,,,,,,105-GY-T30,SO-48510,DN-3817,PMO - US,From RDC,N/A - From RDC,Air,4/9/2014,30-Sep-14,29-Aug-14,8-Sep-14,ARV,Pediatric,"Nevirapine 10mg/ml, oral suspension w/syringe, Bottle, 240 ml",Oral suspension,240.0,129.0,210.27,1.63,0.01,"Aurobindo Unit III, India",Yes,253,3519.7,0.22,FPQ-14042
66349,900-SS-T30,FPQ-8611,SCMS-127500,ASN-13396,South Sudan,PMO - US,Direct Drop,EXW,Air,11/4/11,11/16/11,9-Feb-12,9-Feb-12,9-Feb-12,HRDT,HIV test,"Trinity Biotech, Plc","HIV 1/2, Uni-Gold HIV Kit, 20 Tests","HIV 1/2, Uni-Gold HIV Kit",Uni-Gold,,Test kit,20.0,240.0,7680.0,32.0,1.6,"Trinity Biotech, Plc",Yes,82,1504.59,10.77,,,,,,,,,,,,,,,,,,,,,,,,,,
16277,117-ET-T30,FPQ-9096,SCMS-133330,ASN-14559,Ethiopia,PMO - US,Direct Drop,EXW,Air,1/5/12,1/23/12,25-Apr-12,25-Apr-12,25-Apr-12,HRDT,HIV test,"Trinity Biotech, Plc","HIV 1/2, Uni-Gold HIV Kit, 20 Tests","HIV 1/2, Uni-Gold HIV Kit",Uni-Gold,,Test kit,20.0,26.0,832.0,32.0,1.6,"Trinity Biotech, Plc",Yes,17,334.65,1.17,,,,,,,,,,,,,,,,,,,,,,,,,,
70733,,FPQ-10644,,,Vietnam,,,,,,9/24/2012,,,,,,MICRO LABS LIMITED,,Lamivudine,Generic,150mg,,,,,,,,,,,,108-VN-T30,SCMS-161070,ASN-17741,PMO - US,Direct Drop,EXW,Air,9/19/2012,30-Jan-13,30-Jan-13,30-Jan-13,ARV,Adult,"Lamivudine 150mg, tablets, 60 Tabs",Tablet,60.0,22430.0,41271.2,1.84,0.03,"Micro labs, Verna, Goa, India",Yes,939,2040.93,57.86,
85038,114-UG-T30,FPQ-15294,SO-50053,DN-4298,Uganda,PMO - US,From RDC,N/A - From RDC,Truck,11/3/14,N/A - From RDC,15-Jul-15,9-Jul-15,13-Jul-15,ARV,Pediatric,SCMS from RDC,"Abacavir/Lamivudine 60/30mg, dispersible tablets, 60 Tabs",Abacavir/Lamivudine,Generic,60/30mg,Chewable/dispersible tablet - FDC,60.0,14476.0,57180.2,3.95,0.07,"Cipla, Patalganga, India",Yes,839,8402.24,67.3,,,,,,,,,,,,,,,,,,,,,,,,,,
48879,,,,,South Africa,,,,,,3/19/2010,,,,,,CIPLA LIMITED,,Tenofovir Disoproxil Fumarate,Generic,300mg,,,,,,,,,,,,161-ZA-T30,SCMS-68720,ASN-7431,PMO - US,Direct Drop,DDP,Air,3/18/2010,19-Jul-10,19-Jul-10,19-Jul-10,ARV,Adult,"Tenofovir Disoproxil Fumarate 300mg, tablets, 30 Tabs",Tablet,30.0,11574.0,90508.68,7.82,0.26,"Cipla, Goa, India",Yes,793,916.22,195.14,FPQ-5303
15499,,,,,Tanzania,,,,,,12/12/2012,,,,,,"Trinity Biotech, Plc",,"HIV 1/2, Uni-Gold HIV Kit",Uni-Gold,,,,,,,,,,,,,109-TZ-T30,SCMS-169330,ASN-18422,PMO - US,Direct Drop,EXW,Air,11/13/2012,30-Apr-13,30-Apr-13,30-Apr-13,HRDT,HIV test,"HIV 1/2, Uni-Gold HIV Kit, 20 Tests",Test kit,20.0,8460.0,270720.0,32.0,1.6,"Trinity Biotech, Plc",Yes,2753,25485.81,334.88,FPQ-10994
85932,,,,,Uganda,,,,,,N/A - From RDC,,,,,,SCMS from RDC,,Efavirenz,Generic,600mg,,,,,,,,,,,,114-UG-T30,SO-43961,DN-3001,PMO - US,From RDC,N/A - From RDC,Air,12/13/2012,22-Feb-13,20-Feb-13,20-Feb-13,ARV,Adult,"Efavirenz 600mg, tablets, 30 Tabs",Tablet,30.0,9354.0,33300.24,3.56,0.12,"Aurobindo Unit III, India",No,See DN-3001 (ID#:83651),See DN-3001 (ID#:83651),41.19,FPQ-11143
31662,,FPQ-14942,,,South Africa,,,,,,1/26/2015,,,,,,PHARMACY DIRECT,,Efavirenz,Generic,200mg,,,,,,,,,,,,116-ZA-T30,SCMS-259072,ASN-30377,PMO - US,Direct Drop,DDP,Truck,9/11/2014,26-Jan-15,26-Jan-15,26-Jan-15,ARV,Pediatric,"Efavirenz 200mg, capsule, 90 Caps",Capsule,90.0,21.0,357.92,17.04,0.19,"Aurobindo Unit III, India",No,Weight Captured Separately,Freight Included in Commodity Cost,0.37,
2708,,Pre-PQ Process,,,Vietnam,,,,,,2/7/2007,,,,,,CIPLA LIMITED,,Lamivudine/Nevirapine/Stavudine,Generic,150/200/30mg,,,,,,,,,,,,108-VN-T01,SCMS-313,ASN-542,PMO - US,Direct Drop,EXW,Air,Pre-PQ Process,9-Jul-07,9-Jul-07,9-Jul-07,ARV,Adult,"Lamivudine/Nevirapine/Stavudine 150/200/30mg, tablets, 60 Tabs",Tablet - FDC,60.0,25000.0,187500.0,7.5,0.12,"Cipla, Goa, India",Yes,2336,21150.56,300.0,
11939,126-NG-T01,Pre-PQ Process,SO-10750,DN-846,Nigeria,PMO - US,From RDC,N/A - From RDC,Air,Pre-PQ Process,N/A - From RDC,24-Jul-08,24-Jul-08,24-Jul-08,ARV,Adult,SCMS from RDC,"Efavirenz 600mg, tablets, 30 Tabs",Efavirenz,Generic,600mg,Tablet,30.0,4200.0,49224.0,11.72,0.39,"Aurobindo Unit III, India",Yes,621,4099.51,78.76,,,,,,,,,,,,,,,,,,,,,,,,,,
82755,,FPQ-14111,,,Rwanda,,,,,,N/A - From RDC,,,,,,SCMS from RDC,,Lamivudine/Tenofovir Disoproxil Fumarate,Generic,300/300mg,,,,,,,,,,,,107-RW-T30,SO-48790,DN-4012,PMO - US,From RDC,N/A - From RDC,Truck,4/22/2014,16-Feb-15,14-Jan-15,19-Jan-15,ARV,Adult,"Lamivudine/Tenofovir Disoproxil Fumarate 300/300mg, tablets, 30 Tabs",Tablet - FDC,30.0,73467.0,340886.88,4.64,0.15,Hetero Unit III Hyderabad IN,Yes,17317,26620.36,350.43,
1648,,,,,Botswana,,,,,,Date Not Captured,,,,,,Orasure Technologies Inc.,,"HIV 1/2, OraQuick Advance HIV Rapid Antibody Kit",OraQuick,,,,,,,,,,,,,102-BW-T01,SCMS-18550,ASN-1448,PMO - US,Direct Drop,EXW,Air,Pre-PQ Process,11-Apr-08,11-Apr-08,11-Apr-08,HRDT,HIV test,"HIV 1/2, OraQuick Advance HIV Rapid Antibody Kit, 100 Tests",Test kit,100.0,10.0,3500.0,350.0,3.5,"Pacific Biotech, Thailand",Yes,39,604,5.6,Pre-PQ Process
16232,106-HT-T30,FPQ-9066,SCMS-138580,ASN-14408,Haiti,PMO - US,Direct Drop,EXW,Air,1/6/12,2/24/12,22-Apr-12,22-Apr-12,22-Apr-12,ARV,Pediatric,Aurobindo Pharma Limited,"Nevirapine 50mg, dispersible tablets (tablets for oral suspension), 30 Tabs",Nevirapine,Generic,50mg,Chewable/dispersible tablet,30.0,2894.0,3617.5,1.25,0.04,"Aurobindo Unit III, India",Yes,1486,12749.39,5.07,,,,,,,,,,,,,,,,,,,,,,,,,,
86679,,FPQ-13554,,,"Congo, DRC",,,,,,N/A - From RDC,,,,,,SCMS from RDC,,Zidovudine,Generic,300mg,,,,,,,,,,,,101-CD-T30,SO-47631,DN-3654,PMO - US,From RDC,N/A - From RDC,Air,1/15/2014,15-Aug-14,15-Aug-14,5-Sep-14,ARV,Adult,"Zidovudine 300mg, tablets, 60 Tabs",Tablet,60.0,3000.0,16500.0,5.5,0.09,Mylan (formerly Matrix) Nashik,No,See DN-3654 (ID#:84361),See DN-3654 (ID#:84361),16.96,
1282,,Pre-PQ Process,,,Vietnam,,,,,,11/15/2006,,,,,,CIPLA LIMITED,,Lamivudine/Zidovudine,Generic,150/300mg,,,,,,,,,,,,108-VN-T01,SCMS-169,ASN-272,PMO - US,Direct Drop,EXW,Air,Pre-PQ Process,14-Mar-07,14-Mar-07,14-Mar-07,ARV,Adult,"Lamivudine/Zidovudine 150/300mg, tablets, 60 Tabs",Tablet - FDC,60.0,25100.0,276100.0,11.0,0.18,"Cipla, Goa, India",Yes,2575,18772.94,,
11336,,Pre-PQ Process,,,Côte d'Ivoire,,,,,,N/A - From RDC,,,,,,SCMS from RDC,,Tenofovir Disoproxil Fumarate,Generic,300mg,,,,,,,,,,,,104-CI-T01,SO-27540,DN-1315,PMO - US,From RDC,N/A - From RDC,Air,Date Not Captured,14-Jul-09,14-Jul-09,14-Jul-09,ARV,Adult,"Tenofovir Disoproxil Fumarate 300mg, tablets, 30 Tabs",Tablet,30.0,6000.0,79680.0,13.28,0.44,Mylan (formerly Matrix) Nashik,No,See DN-1315 (ID#:10781),See DN-1315 (ID#:10781),156.17,
35043,,FPQ-14516,,,Vietnam,,,,,,8/11/2014,,,,,,HETERO LABS LIMITED,,Efavirenz/Lamivudine/Tenofovir Disoproxil Fumarate,Generic,600/300/300mg,,,,,,,,,,,,108-VN-T30,SCMS-251680,ASN-29385,PMO - US,Direct Drop,EXW,Air,7/9/2014,24-Dec-14,13-Dec-14,13-Dec-14,ARV,Adult,"Efavirenz/Lamivudine/Tenofovir Disoproxil Fumarate 600/300/300mg, tablets, 30 Tabs",Tablet - FDC,30.0,18880.0,198240.0,10.5,0.35,Hetero Unit III Hyderabad IN,Yes,2452,3691.22,203.79,
40496,,,,,South Africa,,,,,,8/5/2014,,,,,,PHARMACY DIRECT,,Darunavir,Prezista,300mg,,,,,,,,,,,,116-ZA-T30,SCMS-238552,ASN-27610,PMO - US,Direct Drop,DDP,Truck,4/30/2014,5-Aug-14,5-Aug-14,5-Aug-14,ARV,Adult,"Darunavir 300mg [Prezista], tablets, 120 Tabs",Tablet,120.0,18.0,1254.77,69.71,0.58,"Janssen-Cilag, Latina, IT",Yes,Weight Captured Separately,Freight Included in Commodity Cost,1.29,FPQ-13973
4432,,,,,Haiti,,,,,,4/28/2008,,,,,,REINBOLD EXPORT IMPORT,,"HIV 1/2, Determine Complete HIV Kit",Determine,,,,,,,,,,,,,106-HT-T01,SCMS-22780,ASN-1680,PMO - US,Direct Drop,DDP,Air,Pre-PQ Process,18-Apr-08,3-Jan-08,3-Jan-08,HRDT,HIV test,"HIV 1/2, Determine Complete HIV Kit, 100 Tests",Test kit,100.0,30.0,2550.0,85.0,0.85,Inverness Japan,Yes,Weight Captured Separately,Freight Included in Commodity Cost,4.08,Pre-PQ Process
81293,,,,,Kenya,,,,,,10/23/2009,,,,,,"Standard Diagnostics, Inc.",,"HIV 1/2, Bioline 3.0 Kit, Lancets, Capillary pipets, Alcohol swabs included",Bioline,,,,,,,,,,,,,102-KE-T30,SCMS-55900,ASN-5689,PMO - US,Direct Drop,EXW,Air,9/16/2009,7-Jan-10,7-Jan-10,7-Jan-10,HRDT,HIV test,"HIV 1/2, Bioline 3.0 Kit, Lancets, Capillary pipets, Alcohol swabs included, 25 Tests",Test kit,25.0,8525.0,170500.0,20.0,0.8,"Standard Diagnostics, Korea",Yes,2842,21825.6,334.18,FPQ-4250
24129,,,,,Sudan,,,,,,9/14/2011,,,,,,"Orgenics, Ltd",,"HIV 1/2, Determine Complete HIV Kit",Determine,,,,,,,,,,,,,102-SD-T30,SCMS-120442,ASN-12833,PMO - US,Direct Drop,EXW,Air,8/29/2011,6-Jan-12,6-Jan-12,6-Jan-12,HRDT,HIV test,"HIV 1/2, Determine Complete HIV Kit, 100 Tests",Test kit,100.0,77.0,6853.0,89.0,0.89,"Alere Medical Co., Ltd.",Yes,36,1712.6,11.31,FPQ-8261
56837,106-HT-T30,FPQ-15038,SCMS-277520,ASN-30803,Haiti,PMO - US,Direct Drop,EXW,Air,10/22/14,2/19/15,12-Mar-15,12-Mar-15,13-Mar-15,ARV,Adult,MYLAN LABORATORIES LTD (FORMERLY MATRIX LABORATORIES),"Atazanavir/Ritonavir 300/100mg, tablets, 30 Tabs",Atazanavir/Ritonavir,Generic,300/100mg,Tablet,30.0,2000.0,39000.0,19.5,0.65,Mylan (formerly Matrix) Nashik,Yes,280,3029.18,40.09,,,,,,,,,,,,,,,,,,,,,,,,,,
74439,,FPQ-7634,,,Nigeria,,,,,,5/23/2011,,,,,,"Orgenics, Ltd",,"HIV 1/2, Determine Complete HIV Kit",Determine,,,,,,,,,,,,,133-NG-T30,SCMS-108740,ASN-11757,PMO - US,Direct Drop,EXW,Air,4/28/2011,31-Aug-11,25-Aug-11,25-Aug-11,HRDT,HIV test,"HIV 1/2, Determine Complete HIV Kit, 100 Tests",Test kit,100.0,2853.0,253917.0,89.0,0.89,Inverness Japan,Yes,1360,32499.11,418.96,
82349,,,,,Ethiopia,,,,,,N/A - From RDC,,,,,,SCMS from RDC,,Lamivudine,Generic,150mg,,,,,,,,,,,,117-ET-T30,SO-36812,DN-2007,PMO - US,From RDC,N/A - From RDC,Air,5/7/2010,30-Aug-10,13-Sep-10,13-Sep-10,ARV,Adult,"Lamivudine 150mg, tablets, 60 Tabs",Tablet,60.0,2000.0,4660.0,2.33,0.04,"Aurobindo Unit III, India",Yes,84,530.36,10.05,FPQ-5668
84950,111-MZ-T30,FPQ-13124,SO-47040,DN-3809,Mozambique,PMO - US,From RDC,N/A - From RDC,Truck,10/21/13,N/A - From RDC,15-Aug-14,15-Aug-14,25-Aug-14,ARV,Adult,SCMS from RDC,"Efavirenz 600mg, tablets, 30 Tabs",Efavirenz,Generic,600mg,Tablet,30.0,108650.0,348766.5,3.21,0.11,"Strides, Bangalore, India.",Yes,9741,9360.14,358.53,,,,,,,,,,,,,,,,,,,,,,,,,,
9200,116-ZA-T01,Pre-PQ Process,SCMS-47050,ASN-4819,South Africa,PMO - US,Direct Drop,DDP,Truck,Pre-PQ Process,6/5/09,12-Oct-09,21-Jul-09,21-Jul-09,ARV,Adult,S. BUYS WHOLESALER,"Efavirenz 600mg, tablets, 30 Tabs",Efavirenz,Generic,600mg,Tablet,30.0,1000.0,17020.0,17.02,0.57,"Cipla, Goa, India",No,Weight Captured Separately,Freight Included in Commodity Cost,33.36,,,,,,,,,,,,,,,,,,,,,,,,,,
83570,,,,,Côte d'Ivoire,,,,,,N/A - From RDC,,,,,,SCMS from RDC,,Efavirenz/Emtricitabine/Tenofovir Disoproxil Fumarate,Generic,600/200/300mg,,,,,,,,,,,,104-CI-T30,SO-40751,DN-2554,PMO - US,From RDC,N/A - From RDC,Truck,8/25/2011,12-Mar-12,24-Feb-12,24-Feb-12,ARV,Adult,"Efavirenz/Emtricitabine/Tenofovir Disoproxil Fumarate 600/200/300mg, tablets, 30 Tabs",Tablet - FDC,30.0,8922.0,149265.06,16.73,0.56,Mylan (formerly Matrix) Nashik,Yes,973,4466.99,246.29,FPQ-8295
7748,,,,,South Africa,,,,,,3/27/2009,,,,,,S. BUYS WHOLESALER,,Stavudine,Generic,1mg/ml,,,,,,,,,,,,116-ZA-T01,SCMS-41581,ASN-4196,PMO - US,Direct Drop,DDP,Air,Pre-PQ Process,25-Jun-09,14-Apr-09,14-Apr-09,ARV,Pediatric,"Stavudine 1mg/ml, powder for oral solution, 200 ml",Oral solution,200.0,1500.0,3150.0,2.1,0.01,"Aurobindo Unit III, India",No,Weight Captured Separately,Freight Included in Commodity Cost,6.17,Pre-PQ Process
85631,,FPQ-4277,,,Haiti,,,,,,N/A - From RDC,,,,,,SCMS from RDC,,Lamivudine,Generic,150mg,,,,,,,,,,,,106-HT-T30,SO-33740,DN-1481,PMO - US,From RDC,N/A - From RDC,Air,9/22/2009,18-Nov-09,9-Oct-09,9-Oct-09,ARV,Adult,"Lamivudine 150mg, tablets, 60 Tabs",Tablet,60.0,2305.0,5624.2,2.44,0.04,"Aurobindo Unit III, India",Yes,126,1350.33,11.02,
9055,,,,,South Africa,,,,,,3/27/2009,,,,,,S. BUYS WHOLESALER,,Nevirapine,Viramune,200mg,,,,,,,,,,,,116-ZA-T01,SCMS-41586,ASN-4387,PMO - US,Direct Drop,DDP,Air,Pre-PQ Process,25-Jun-09,15-Apr-09,15-Apr-09,ARV,Adult,"Nevirapine 200mg [Viramune], tablets, 60 Tabs",Tablet,60.0,6000.0,100560.0,16.76,0.28,"Boehringer Ing., Koropi, GR",No,Weight Captured Separately,Freight Included in Commodity Cost,197.1,Pre-PQ Process
85757,,FPQ-6800,,,Nigeria,,,,,,N/A - From RDC,,,,,,SCMS from RDC,,Lamivudine/Zidovudine,Generic,150/300mg,,,,,,,,,,,,151-NG-T30,SO-39200,DN-2170,PMO - US,From RDC,N/A - From RDC,Air Charter,12/7/2010,21-Jun-11,11-May-11,11-May-11,ARV,Adult,"Lamivudine/Zidovudine 150/300mg, tablets, 60 Tabs",Tablet - FDC,60.0,137900.0,1139054.0,8.26,0.14,"Aurobindo Unit III, India",Yes,12766,12601.07,1879.44,
12729,111-MZ-T01,Pre-PQ Process,SO-1038,DN-426,Mozambique,PMO - US,From RDC,N/A - From RDC,Air,Pre-PQ Process,N/A - From RDC,29-Nov-07,29-Nov-07,29-Nov-07,ARV,Adult,SCMS from RDC,"Efavirenz 600mg, tablets, 30 Tabs",Efavirenz,Generic,600mg,Tablet,30.0,37300.0,463266.0,12.42,0.41,"Cipla, Goa, India",No,See DN-426 (ID#:10633),See DN-426 (ID#:10633),741.23,,,,,,,,,,,,,,,,,,,,,,,,,,
12477,,,,,Nigeria,,,,,,N/A - From RDC,,,,,,SCMS from RDC,,Stavudine,Generic,30mg,,,,,,,,,,,,112-NG-T01,SO-2351,DN-717,PMO - US,From RDC,N/A - From RDC,Air,Pre-PQ Process,18-Apr-08,18-Apr-08,18-Apr-08,ARV,Adult,"Stavudine 30mg, capsules, 60 Caps",Capsule,60.0,1521.0,2311.92,1.52,0.03,"Aurobindo Unit III, India",No,See DN-717 (ID#:11858),See DN-717 (ID#:11858),3.7,Pre-PQ Process
53675,161-ZA-T30,FPQ-7175,SCMS-103810,ASN-12497,South Africa,PMO - US,Direct Drop,DDP,Ocean,3/10/11,3/28/11,7-Dec-11,7-Dec-11,7-Dec-11,ARV,Pediatric,CIPLA LIMITED,"Lamivudine 10mg/ml, oral solution, Bottle, 240 ml",Lamivudine,Generic,10mg/ml,Oral solution,240.0,9960.0,20517.6,2.06,0.01,"Cipla, Goa, India",Yes,3670,9021.5,33.85,,,,,,,,,,,,,,,,,,,,,,,,,,
23267,116-ZA-T30,FPQ-12522,SCMS-199289,ASN-28037,South Africa,PMO - US,Direct Drop,DDP,Truck,7/11/13,8/29/14,29-Aug-14,29-Aug-14,29-Aug-14,ARV,Pediatric,S. BUYS WHOLESALER,"Efavirenz 50mg, capsule, 30 Caps",Efavirenz,Generic,50mg,Capsule,30.0,92.0,305.1,3.32,0.11,"Aurobindo Unit III, India",No,Weight Captured Separately,Freight Included in Commodity Cost,0.38,,,,,,,,,,,,,,,,,,,,,,,,,,
2451,116-ZA-T01,Pre-PQ Process,SCMS-41584,ASN-4385,South Africa,PMO - US,Direct Drop,DDP,Air,Pre-PQ Process,3/27/09,25-Jun-09,20-Apr-09,20-Apr-09,ARV,Pediatric,S. BUYS WHOLESALER,"Didanosine 50mg [Videx], chewable tablets, 60 Tabs",Didanosine,Videx,50mg,Chewable/dispersible tablet,60.0,1500.0,15150.0,10.1,0.17,"BMS Meymac, France",No,Weight Captured Separately,Freight Included in Commodity Cost,29.69,,,,,,,,,,,,,,,,,,,,,,,,,,
83781,,FPQ-13567,,,Guyana,,,,,,N/A - From RDC,,,,,,SCMS from RDC,,Zidovudine,Generic,300mg,,,,,,,,,,,,105-GY-T30,SO-47730,DN-3626,PMO - US,From RDC,N/A - From RDC,Air,1/16/2014,30-Jun-14,14-Apr-14,6-Jun-14,ARV,Adult,"Zidovudine 300mg, tablets, 60 Tabs",Tablet,60.0,1135.0,6333.3,5.58,0.09,"Aurobindo Unit III, India",Yes,282,5380.36,6.51,
1927,,Pre-PQ Process,,,South Africa,,,,,,Date Not Captured,,,,,,S. BUYS WHOLESALER,,Efavirenz,Stocrin/Sustiva,50mg,,,,,,,,,,,,116-ZA-T01,SCMS-26820,ASN-2488,PMO - US,Direct Drop,DDP,Truck,Pre-PQ Process,10-Jul-08,8-Jul-08,8-Jul-08,ARV,Pediatric,"Efavirenz 50mg [Stocrin/Sustiva], capsule, 30 Caps",Capsule,30.0,250.0,715.0,2.86,0.1,"MSD Midrand, J'burg, SA",No,Weight Captured Separately,Freight Included in Commodity Cost,1.14,
10155,,,,,Guyana,,,,,,12/11/2008,,,,,,"Trinity Biotech, Plc",,"HIV 1/2, Uni-Gold HIV Kit",Uni-Gold,,,,,,,,,,,,,102-GY-T01,SCMS-35540,ASN-3208,PMO - US,Direct Drop,EXW,Air,Pre-PQ Process,30-Jan-09,30-Jan-09,30-Jan-09,HRDT,HIV test,"HIV 1/2, Uni-Gold HIV Kit, 20 Tests",Test kit,20.0,2086.0,66752.0,32.0,1.6,"Trinity Biotech, Plc",Yes,707,5926.53,130.83,Pre-PQ Process
80270,,FPQ-11915,,,Mozambique,,,,,,4/11/2013,,,,,,STRIDES ARCOLAB LIMITED,,Lamivudine/Stavudine,Generic,150/30mg,,,,,,,,,,,,111-MZ-T30,SCMS-185200,ASN-21425,PMO - US,Direct Drop,EXW,Air,3/20/2013,9-Oct-13,9-Oct-13,6-Nov-13,ARV,Adult,"Lamivudine/Stavudine 150/30mg, tablets, 60 Tabs",Tablet - FDC,60.0,13168.0,38450.56,2.92,0.05,"Strides, Bangalore, India.",Yes,834,3574.24,47.56,
13841,,FPQ-4011,,,Rwanda,,,,,,8/31/2009,,,,,,MYLAN LABORATORIES LTD (FORMERLY MATRIX LABORATORIES),,Lamivudine/Tenofovir Disoproxil Fumarate,Generic,300/300mg,,,,,,,,,,,,107-RW-T30,SCMS-50290,ASN-6267,PMO - US,Direct Drop,CIP,Air,7/16/2009,16-Apr-10,16-Apr-10,16-Apr-10,ARV,Adult,"Lamivudine/Tenofovir Disoproxil Fumarate 300/300mg, tablets, 30 Tabs",Tablet - FDC,30.0,62209.0,681188.55,10.95,0.36,Mylan (formerly Matrix) Nashik,Yes,5795,63600.4,1335.13,
83818,,,,,Rwanda,,,,,,N/A - From RDC,,,,,,SCMS from RDC,,Efavirenz,Generic,200mg,,,,,,,,,,,,107-RW-T30,SO-48161,DN-3787,PMO - US,From RDC,N/A - From RDC,Truck,3/4/2014,19-Aug-14,13-Aug-14,14-Aug-14,ARV,Pediatric,"Efavirenz 200mg, scored tablets, 90 Tabs",Tablet,90.0,2900.0,23954.0,8.26,0.09,"Strides, Bangalore, India.",Yes,5621,10640.81,24.62,FPQ-13812
23105,,,,,Vietnam,,,,,,2/9/2011,,,,,,ABBVIE LOGISTICS (FORMERLY ABBOTT LOGISTICS BV),,Ritonavir,Norvir,100mg,,,,,,,,,,,,108-VN-T30,SCMS-98180,ASN-10619,PMO - US,Direct Drop,FCA,Air,1/17/2011,9-May-11,9-May-11,9-May-11,ARV,Adult,"Ritonavir 100mg [Norvir], capsules, cool, 4 x 84 Caps",Capsule,336.0,14.0,2891.14,206.51,0.61,ABBVIE (Abbott) Logis. UK,Yes,52,7339.84,4.77,FPQ-6818
11105,,,,,Nigeria,,,,,,N/A - From RDC,,,,,,SCMS from RDC,,Lamivudine/Zidovudine+Nevirapine,Generic,150/300+200mg,,,,,,,,,,,,112-NG-T01,SO-329,DN-132,PMO - US,From RDC,N/A - From RDC,,Pre-PQ Process,23-May-07,23-May-07,23-May-07,ARV,Adult,"Lamivudine/Zidovudine+Nevirapine 150/300+200mg, tablets, co-blister, 60+60 Tabs",Tablet - FDC + co-blister,120.0,5709.0,117034.5,20.5,0.17,"Aspen-OSD, Port Elizabeth, SA",Yes,1238,6433.28,,Pre-PQ Process
83872,111-MZ-T30,FPQ-13575,SO-47705,DN-4081,Mozambique,PMO - US,From RDC,N/A - From RDC,Truck,1/17/14,N/A - From RDC,27-Feb-15,3-Mar-15,9-Mar-15,ARV,Adult,SCMS from RDC,"Abacavir 300mg, tablets, 60 Tabs",Abacavir,Generic,300mg,Tablet,60.0,2173.0,24685.28,11.36,0.19,Mylan (formerly Matrix) Nashik,Yes,4076,4834.6,25.38,,,,,,,,,,,,,,,,,,,,,,,,,,
11089,111-MZ-T01,Pre-PQ Process,SO-324,DN-17,Mozambique,PMO - US,From RDC,N/A - From RDC,Air,Pre-PQ Process,N/A - From RDC,9-Jan-07,9-Jan-07,9-Jan-07,ARV,Adult,SCMS from RDC,"Lamivudine/Zidovudine+Abacavir 150/300+300mg, tablets, co-blister, 60+60 Tabs",Lamivudine/Zidovudine+Abacavir,Generic,150/300+300mg,Tablet - FDC + co-blister,120.0,1217.0,69429.85,57.05,0.48,"Aurobindo Unit III, India",No,See DN-17 (ID#:10541),See DN-17 (ID#:10541),,,,,,,,,,,,,,,,,,,,,,,,,,,
66508,,FPQ-9001,,,Vietnam,,,,,,1/18/2012,,,,,,Aurobindo Pharma Limited,,Efavirenz,Generic,200mg,,,,,,,,,,,,108-VN-T30,SCMS-131650,ASN-14875,PMO - US,Direct Drop,EXW,Air,12/15/2011,5-Jun-12,5-Jun-12,5-Jun-12,ARV,Pediatric,"Efavirenz 200mg, capsule, 90 Caps",Capsule,90.0,400.0,3128.0,7.82,0.09,"Aurobindo Unit III, India",No,See ASN-14875 (ID#:35053),See ASN-14875 (ID#:35053),4.39,
86720,109-TZ-T30,FPQ-13042,SO-46674,DN-3867,Tanzania,PMO - US,From RDC,N/A - From RDC,Truck,10/1/13,N/A - From RDC,29-Aug-14,29-Sep-14,6-Oct-14,ARV,Pediatric,SCMS from RDC,"Lamivudine/Nevirapine/Zidovudine 30/50/60mg, dispersible tablets, 60 Tabs",Lamivudine/Nevirapine/Zidovudine,Generic,30/50/60mg,Chewable/dispersible tablet - FDC,60.0,42141.0,157185.93,3.73,0.06,Mylan (formerly Matrix) Nashik,No,See DN-3867 (ID#:84968),See DN-3867 (ID#:84968),194.44,,,,,,,,,,,,,,,,,,,,,,,,,,
3772,,,,,South Africa,,,,,,3/27/2009,,,,,,S. BUYS WHOLESALER,,Lamivudine,Generic,150mg,,,,,,,,,,,,116-ZA-T01,SCMS-41580,ASN-4603,PMO - US,Direct Drop,DDP,Truck,Pre-PQ Process,25-Jun-09,5-Jun-09,5-Jun-09,ARV,Adult,"Lamivudine 150mg, tablets, 60 Tabs",Tablet,60.0,36.0,254.88,7.08,0.12,"Aurobindo Unit III, India",Yes,Weight Captured Separately,Freight Included in Commodity Cost,0.5,Pre-PQ Process
85963,,FPQ-11253,,,Côte d'Ivoire,,,,,,N/A - From RDC,,,,,,SCMS from RDC,,Abacavir/Lamivudine,Generic,60/30mg,,,,,,,,,,,,104-CI-T30,SO-44160,DN-3135,PMO - US,From RDC,N/A - From RDC,Truck,12/14/2012,28-Jun-13,30-Apr-13,30-Apr-13,ARV,Pediatric,"Abacavir/Lamivudine 60/30mg, tablets, 60 Tabs",Tablet - FDC,60.0,2600.0,11960.0,4.6,0.08,"Aurobindo Unit III, India",Yes,122,1799.58,14.79,
84080,,FPQ-6483,,,Zimbabwe,,,,,,N/A - From RDC,,,,,,SCMS from RDC,,Didanosine,Generic,125mg,,,,,,,,,,,,200-ZW-T30,SO-39270,DN-2178,PMO - US,From RDC,N/A - From RDC,Truck,10/13/2010,4-Apr-11,20-May-11,20-May-11,ARV,Pediatric,"Didanosine 125mg, delayed-release capsules, 30 Caps",Delayed-release capsules,30.0,105.0,892.5,8.5,0.28,"Aurobindo Unit III, India",Yes,10,3403.99,1.92,
85782,,FPQ-7162,,,Uganda,,,,,,N/A - From RDC,,,,,,SCMS from RDC,,Lamivudine/Zidovudine,Generic,150/300mg,,,,,,,,,,,,114-UG-T30,SO-38802,DN-2315,PMO - US,From RDC,N/A - From RDC,Truck,2/14/2011,5-Aug-11,24-Aug-11,24-Aug-11,ARV,Adult,"Lamivudine/Zidovudine 150/300mg, tablets, 60 Tabs",Tablet - FDC,60.0,32000.0,264320.0,8.26,0.14,"Aurobindo Unit III, India",Yes,3026,14406.99,436.13,
12672,,Pre-PQ Process,,,Rwanda,,,,,,N/A - From RDC,,,,,,SCMS from RDC,,"HIV 1/2/O, First Response HIV 1-2.0, v.3.0 Cards Kit",First Response,,,,,,,,,,,,,107-RW-T01,SO-824,DN-266,PMO - US,From RDC,N/A - From RDC,Air,Pre-PQ Process,2-Aug-07,2-Aug-07,2-Aug-07,HRDT,HIV test,"HIV 1/2/O, First Response HIV 1-2.0, v.3.0 Cards Kit, 30 Tests",Test kit,30.0,2034.0,33561.0,16.5,0.55,Premier Med. Corp Ltd. India,Yes,768,4465.1,53.7,
16462,116-ZA-T30,FPQ-13973,SCMS-238552,ASN-27609,South Africa,PMO - US,Direct Drop,DDP,Truck,4/30/14,8/5/14,5-Aug-14,5-Aug-14,5-Aug-14,ARV,Adult,PHARMACY DIRECT,"Darunavir 300mg [Prezista], tablets, 120 Tabs",Darunavir,Prezista,300mg,Tablet,120.0,36.0,2509.54,69.71,0.58,"Janssen-Cilag, Latina, IT",Yes,Weight Captured Separately,Freight Included in Commodity Cost,2.58,,,,,,,,,,,,,,,,,,,,,,,,,,
8459,,Pre-PQ Process,,,Vietnam,,,,,,5/13/2008,,,,,,CIPLA LIMITED,,Lamivudine/Nevirapine/Stavudine,Generic,150/200/30mg,,,,,,,,,,,,108-VN-T01,SCMS-23300,ASN-2485,PMO - US,Direct Drop,EXW,Air,Pre-PQ Process,6-Oct-08,6-Oct-08,6-Oct-08,ARV,Adult,"Lamivudine/Nevirapine/Stavudine 150/200/30mg, tablets, 60 Tabs",Tablet - FDC,60.0,9792.0,72460.8,7.4,0.12,"Cipla, Goa, India",Yes,836,5136.08,115.94,
84314,,FPQ-12800,,,Côte d'Ivoire,,,,,,N/A - From RDC,,,,,,SCMS from RDC,,Lamivudine/Tenofovir Disoproxil Fumarate,Generic,300/300mg,,,,,,,,,,,,104-CI-T30,SO-46340,DN-3469,PMO - US,From RDC,N/A - From RDC,Air,8/9/2013,22-Jan-14,16-Dec-13,20-Jan-14,ARV,Adult,"Lamivudine/Tenofovir Disoproxil Fumarate 300/300mg, tablets, 30 Tabs",Tablet - FDC,30.0,7130.0,33511.0,4.7,0.16,"Aurobindo Unit VII, IN",Yes,669,2431.39,41.45,
3313,,,,,Zambia,,,,,,7/31/2008,,,,,,"Orgenics, Ltd",,"HIV, Lancet, Safety, for HIV Test kits, 100 Pcs",Generic,,,,,,,,,,,,,110-ZM-T01,SCMS-27790,ASN-2641,PMO - US,Direct Drop,EXW,Air,Pre-PQ Process,20-Oct-08,20-Oct-08,20-Oct-08,HRDT,HIV test - Ancillary,"HIV, Lancet, Safety, for HIV Test kits, 100 Pcs",Test kit - Ancillary,100.0,4500.0,45.0,0.01,0.0,Inverness Japan,No,See ASN-2641 (ID#:670),See ASN-2641 (ID#:670),0.09,Pre-PQ Process
82744,,FPQ-14576,,,"Congo, DRC",,,,,,N/A - From RDC,,,,,,SCMS from RDC,,Lamivudine/Nevirapine/Zidovudine,Generic,30/50/60mg,,,,,,,,,,,,101-CD-T30,SO-49310,DN-3954,PMO - US,From RDC,N/A - From RDC,Air,7/14/2014,14-Apr-15,14-Apr-15,14-Apr-15,ARV,Pediatric,"Lamivudine/Nevirapine/Zidovudine 30/50/60mg, dispersible tablets, 60 Tabs",Chewable/dispersible tablet - FDC,60.0,965.0,3474.0,3.6,0.06,"Cipla, Goa, India",No,See DN-3954 (ID#:82743),See DN-3954 (ID#:82743),3.57,
83122,,,,,Tanzania,,,,,,N/A - From RDC,,,,,,SCMS from RDC,,Emtricitabine/Tenofovir Disoproxil Fumarate,Generic,200/300mg,,,,,,,,,,,,109-TZ-T30,SO-43131,DN-3062,PMO - US,From RDC,N/A - From RDC,Truck,8/24/2012,31-Mar-13,2-Apr-13,2-Apr-13,ARV,Adult,"Emtricitabine/Tenofovir Disoproxil Fumarate 200/300mg, tablets, 30 Tabs",Tablet - FDC,30.0,15027.0,91213.89,6.07,0.2,Mylan (formerly Matrix) Nashik,Yes,1248,4529.5,127.88,FPQ-10545
10969,112-NG-T01,Pre-PQ Process,SO-2350,DN-718,Nigeria,PMO - US,From RDC,N/A - From RDC,Air,Pre-PQ Process,N/A - From RDC,21-Apr-08,21-Apr-08,21-Apr-08,ARV,Pediatric,SCMS from RDC,"Stavudine 1mg/ml, powder for oral solution, 200 ml",Stavudine,Generic,1mg/ml,Oral solution,200.0,16.0,22.4,1.4,0.01,"Aurobindo Unit III, India",No,See DN-718 (ID#:10968),See DN-718 (ID#:10968),0.04,,,,,,,,,,,,,,,,,,,,,,,,,,
12532,110-ZM-T01,Pre-PQ Process,SO-2482,DN-938,Zambia,PMO - US,From RDC,N/A - From RDC,Truck,Pre-PQ Process,N/A - From RDC,6-Oct-08,6-Oct-08,6-Oct-08,ARV,Adult,SCMS from RDC,"Efavirenz 600mg, tablets, 30 Tabs",Efavirenz,Generic,600mg,Tablet,30.0,50000.0,600500.0,12.01,0.4,Mylan (formerly Matrix) Nashik,Yes,3817,4579.42,960.8,,,,,,,,,,,,,,,,,,,,,,,,,,
68462,107-RW-T30,FPQ-4850,SCMS-63640,ASN-6130,Rwanda,PMO - US,Direct Drop,FCA,Air,1/6/10,1/20/10,3-Mar-10,3-Mar-10,3-Mar-10,ARV,Adult,ABBVIE LOGISTICS (FORMERLY ABBOTT LOGISTICS BV),"Ritonavir 100mg [Norvir], capsules, cool, 4 x 84 Caps",Ritonavir,Norvir,100mg,Capsule,336.0,120.0,4603.2,38.36,0.11,ABBVIE (Abbott) Logis. UK,Yes,298,2204.08,9.92,,,,,,,,,,,,,,,,,,,,,,,,,,
12192,,,,,Nigeria,,,,,,N/A - From RDC,,,,,,SCMS from RDC,,Stavudine,Generic,1mg/ml,,,,,,,,,,,,112-NG-T01,SO-2350,DN-718,PMO - US,From RDC,N/A - From RDC,Air,Pre-PQ Process,21-Apr-08,21-Apr-08,21-Apr-08,ARV,Pediatric,"Stavudine 1mg/ml, powder for oral solution, 200 ml",Oral solution,200.0,55.0,77.0,1.4,0.01,"Aurobindo Unit III, India",No,See DN-718 (ID#:10968),See DN-718 (ID#:10968),0.12,Pre-PQ Process
84209,,,,,Côte d'Ivoire,,,,,,N/A - From RDC,,,,,,SCMS from RDC,,Lopinavir/Ritonavir,Aluvia,200/50mg,,,,,,,,,,,,104-CI-T30,SO-43320,DN-2967,PMO - US,From RDC,N/A - From RDC,Truck,9/11/2012,28-Feb-13,25-Jan-13,25-Jan-13,ARV,Adult,"Lopinavir/Ritonavir 200/50mg [Aluvia], tablets, 120 Tabs",Tablet,120.0,17500.0,539350.0,30.82,0.26,ABBVIE Ludwigshafen Germany,Yes,6649,27350.2,756.17,FPQ-10633
7032,,Pre-PQ Process,,,Vietnam,,,,,,3/31/2008,,,,,,Aurobindo Pharma Limited,,Zidovudine,Generic,100mg,,,,,,,,,,,,108-VN-T01,SCMS-20490,ASN-1795,PMO - US,Direct Drop,EXW,Air,Pre-PQ Process,2-Jun-08,2-Jun-08,2-Jun-08,ARV,Pediatric,"Zidovudine 100mg, capsules, 100 Caps",Capsule,100.0,630.0,3458.7,5.49,0.05,"Aurobindo Unit III, India",Yes,48,2729.91,5.53,
17359,,FPQ-14942,,,South Africa,,,,,,5/11/2015,,,,,,PHARMACY DIRECT,,Saquinavir,Invirase,200mg,,,,,,,,,,,,116-ZA-T30,SCMS-259075,ASN-32138,PMO - US,Direct Drop,DDP,Truck,9/11/2014,12-May-15,12-May-15,12-May-15,ARV,Adult,"Saquinavir 200mg [Invirase], capsules, 270 Caps",Capsule,270.0,3.0,166.54,55.51,0.21,Roche Madrid,Yes,Weight Captured Separately,Freight Included in Commodity Cost,0.17,
85703,,FPQ-5623,,,Côte d'Ivoire,,,,,,N/A - From RDC,,,,,,SCMS from RDC,,Lamivudine/Zidovudine,Generic,150/300mg,,,,,,,,,,,,104-CI-T30,SO-36900,DN-2001,PMO - US,From RDC,N/A - From RDC,Air,5/7/2010,21-Sep-10,6-Sep-10,6-Sep-10,ARV,Adult,"Lamivudine/Zidovudine 150/300mg, tablets, 60 Tabs",Tablet - FDC,60.0,40752.0,348429.6,8.55,0.14,Hetero Unit III Hyderabad IN,Yes,3506,8815.65,751.21,
11358,,Pre-PQ Process,,,Ghana,,,,,,N/A - From RDC,,,,,,SCMS from RDC,,Lopinavir/Ritonavir,Kaletra,80/20mg/ml,,,,,,,,,,,,100-GH-T01,SO-33650,DN-1473,PMO - US,From RDC,N/A - From RDC,Truck,Date Not Captured,30-Sep-09,12-Aug-09,12-Aug-09,ARV,Pediatric,"Lopinavir/Ritonavir 80/20mg/ml [Kaletra], oral solution, cool, Bottle 5 x 60 ml",Oral solution,300.0,129.0,1.29,0.01,0.0,ABBVIE (Abbott) Logis. UK,Yes,Weight Captured Separately,Invoiced Separately,0.0,
23173,,FPQ-14895,,,Haiti,,,,,,11/14/2014,,,,,,MYLAN LABORATORIES LTD (FORMERLY MATRIX LABORATORIES),,Lamivudine/Zidovudine,Generic,150/300mg,,,,,,,,,,,,106-HT-T30,SCMS-261110,ASN-30364,PMO - US,Direct Drop,EXW,Ocean,9/24/2014,31-Mar-15,31-Mar-15,1-Apr-15,ARV,Adult,"Lamivudine/Zidovudine 150/300mg, tablets, 60 Tabs",Tablet - FDC,60.0,75816.0,492045.84,6.49,0.11,Mylan (formerly Matrix) Nashik,Yes,6452,10477.63,505.82,
11620,,,,,Nigeria,,,,,,N/A - From RDC,,,,,,SCMS from RDC,,Lamivudine/Nevirapine/Stavudine,Generic,150/200/30mg,,,,,,,,,,,,112-NG-T01,SO-20960,DN-1124,PMO - US,From RDC,N/A - From RDC,Air Charter,Pre-PQ Process,19-Mar-09,19-Mar-09,19-Mar-09,ARV,Adult,"Lamivudine/Nevirapine/Stavudine 150/200/30mg, tablets, 60 Tabs",Tablet - FDC,60.0,11608.0,82648.96,7.12,0.12,"Cipla, Goa, India",Yes,1871,11492.86,161.99,Pre-PQ Process
10970,,Pre-PQ Process,,,Mozambique,,,,,,N/A - From RDC,,,,,,SCMS from RDC,,Indinavir,Crixivan,400mg,,,,,,,,,,,,111-MZ-T01,SO-1615,DN-698,PMO - US,From RDC,N/A - From RDC,Air,Pre-PQ Process,23-Jun-08,23-Jun-08,23-Jun-08,ARV,Adult,"Indinavir 400mg [Crixivan], capsules, 180 Caps",Capsule,180.0,1428.0,71400.0,50.0,0.28,"MSD, Haarlem, NL",Yes,2955,4551.52,114.24,
6395,116-ZA-T01,Pre-PQ Process,SCMS-40810,ASN-3634,South Africa,PMO - US,Direct Drop,DDP,Air,Pre-PQ Process,Date Not Captured,31-Mar-09,2-Dec-08,2-Dec-08,ARV,Pediatric,S. BUYS WHOLESALER,"Stavudine 1mg/ml [Zerit], powder for oral solution, Bottle, 200 ml",Stavudine,Zerit,1mg/ml,Powder for oral solution,200.0,1320.0,1504.8,1.14,0.01,"BMS Meymac, France",No,Weight Captured Separately,Freight Included in Commodity Cost,2.95,,,,,,,,,,,,,,,,,,,,,,,,,,
38293,,FPQ-13035,,,South Africa,,,,,,12/2/2013,,,,,,S. BUYS WHOLESALER,,Lamivudine,Generic,10mg/ml,,,,,,,,,,,,116-ZA-T30,SCMS-215370,ASN-24415,PMO - US,Direct Drop,DDP,Truck,10/8/2013,6-Feb-14,6-Feb-14,6-Feb-14,ARV,Pediatric,"Lamivudine 10mg/ml, oral solution w/syringe, Bottle, 240 ml",Oral solution,240.0,78.0,522.23,6.7,0.03,"Aurobindo Unit III, India",No,Weight Captured Separately,Freight Included in Commodity Cost,0.65,
10989,,,,,Nigeria,,,,,,N/A - From RDC,,,,,,SCMS from RDC,,Nevirapine,Generic,200mg,,,,,,,,,,,,126-NG-T01,SO-10780,DN-871,PMO - US,From RDC,N/A - From RDC,Air,Pre-PQ Process,25-Aug-08,25-Aug-08,25-Aug-08,ARV,Adult,"Nevirapine 200mg, tablets, 60 Tabs",Tablet,60.0,35400.0,120360.0,3.4,0.06,Hetero Unit III Hyderabad IN,Yes,1987,14931.8,192.58,Pre-PQ Process
61623,,FPQ-12590,,,Haiti,,,,,,10/24/2013,,,,,,Aurobindo Pharma Limited,,Nevirapine,Generic,50mg,,,,,,,,,,,,106-HT-T30,SCMS-210470,ASN-24369,PMO - US,Direct Drop,EXW,Ocean,8/21/2013,9-May-14,9-May-14,12-May-14,ARV,Pediatric,"Nevirapine 50mg, dispersible tablets (tablets for oral suspension), 30 Tabs",Chewable/dispersible tablet,30.0,2293.0,2866.25,1.25,0.04,"Aurobindo Unit III, India",Yes,122,2461.63,3.55,
82329,,,,,Côte d'Ivoire,,,,,,N/A - From RDC,,,,,,SCMS from RDC,,Abacavir,Generic,20mg/ml,,,,,,,,,,,,104-CI-T30,SO-36340,DN-1873,PMO - US,From RDC,N/A - From RDC,Air,3/3/2010,12-Jul-10,30-Jun-10,30-Jun-10,ARV,Pediatric,"Abacavir 20mg/ml, oral solution, Bottle, 240 ml",Oral solution,240.0,672.0,9139.2,13.6,0.06,"Aurobindo Unit III, India",Yes,2979,3365.45,19.7,FPQ-5201
83455,151-NG-T30,FPQ-5688,SO-36915,DN-1973,Nigeria,PMO - US,From RDC,N/A - From RDC,Air Charter,5/27/10,N/A - From RDC,31-Aug-10,17-Aug-10,17-Aug-10,ARV,Adult,SCMS from RDC,"Emtricitabine/Tenofovir Disoproxil Fumarate 200/300mg, tablets, 30 Tabs",Emtricitabine/Tenofovir Disoproxil Fumarate,Generic,200/300mg,Tablet - FDC,30.0,1328.0,15604.0,11.75,0.39,Mylan (formerly Matrix) Nashik,Yes,122,6147.18,33.64,,,,,,,,,,,,,,,,,,,,,,,,,,
27777,117-ET-T30,FPQ-9098,SCMS-133600,ASN-15705,Ethiopia,PMO - US,Direct Drop,EXW,Air,1/10/12,1/23/12,31-Jul-12,31-Jul-12,31-Jul-12,HRDT,HIV test,"SHANGHAI KEHUA BIOENGINEERING CO.,LTD.  (KHB)","HIV 1/2, SKB Colloidal Gold, Diagnostic Kit, Antibody, 50 Tests","HIV 1/2, Colloidal Gold, Diagnostic Kit, Antibody",Colloidal Gold,,Test kit,1.0,1362.0,33369.0,24.5,24.5,"KHB Test Kit Facility, Shanghai China",Yes,950,8859.91,46.78,,,,,,,,,,,,,,,,,,,,,,,,,,
2008,117-ET-T01,Pre-PQ Process,SCMS-28710,ASN-2576,Ethiopia,PMO - US,Direct Drop,EXW,Air,Pre-PQ Process,8/22/08,7-Oct-08,7-Oct-08,7-Oct-08,HRDT,HIV test,"SHANGHAI KEHUA BIOENGINEERING CO.,LTD.  (KHB)","HIV 1/2, SKB Colloidal Gold, Diagnostic Kit, Antibody, 50 Tests","HIV 1/2, Colloidal Gold, Diagnostic Kit, Antibody",Colloidal Gold,,Test kit,1.0,6998.0,160954.0,23.0,23.0,"KHB Test Kit Facility, Shanghai China",Yes,5057,44347.71,257.53,,,,,,,,,,,,,,,,,,,,,,,,,,
59873,108-VN-T30,FPQ-7469,SCMS-106481,ASN-12360,Vietnam,PMO - US,Direct Drop,FCA,Air,3/31/11,4/21/11,19-Oct-11,19-Oct-11,19-Oct-11,ARV,Adult,ABBVIE LOGISTICS (FORMERLY ABBOTT LOGISTICS BV),"Ritonavir 100mg [Norvir], film coated tablets, 30 Tabs",Ritonavir,Norvir,100mg,Tablet,30.0,560.0,13025.6,23.26,0.78,ABBVIE Ludwigshafen Germany,Yes,67,4476.29,21.49,,,,,,,,,,,,,,,,,,,,,,,,,,
59442,,,,,Rwanda,,,,,,7/16/2012,,,,,,Aurobindo Pharma Limited,,Lamivudine/Zidovudine,Generic,150/300mg,,,,,,,,,,,,107-RW-T30,SCMS-152840,ASN-15742,PMO - US,Direct Drop,EXW,Air,7/5/2012,6-Aug-12,6-Aug-12,6-Aug-12,ARV,Adult,"Lamivudine/Zidovudine 150/300mg, tablets, 60 Tabs",Tablet - FDC,60.0,35820.0,256113.0,7.15,0.12,"Aurobindo Unit III, India",Yes,3114,18779.99,359.07,FPQ-10223
84569,,,,,Uganda,,,,,,N/A - From RDC,,,,,,SCMS from RDC,,Lamivudine/Zidovudine,Generic,150/300mg,,,,,,,,,,,,114-UG-T30,SO-36130,DN-1856,PMO - US,From RDC,N/A - From RDC,Air,3/2/2010,30-Jun-10,22-Jun-10,22-Jun-10,ARV,Adult,"Lamivudine/Zidovudine 150/300mg, tablets, 60 Tabs",Tablet - FDC,60.0,700.0,6132.0,8.76,0.15,Hetero Unit III Hyderabad IN,No,See DN-1856 (ID#:82891),See DN-1856 (ID#:82891),13.22,FPQ-5239
7176,,,,,Rwanda,,,,,,6/12/2008,,,,,,"Trinity Biotech, Plc",,"HIV 1/2, Uni-Gold HIV Kit",Uni-Gold,,,,,,,,,,,,,107-RW-T01,SCMS-25080,ASN-2396,PMO - US,Direct Drop,EXW,Air,Pre-PQ Process,18-Oct-08,18-Oct-08,18-Oct-08,HRDT,HIV test,"HIV 1/2, Uni-Gold HIV Kit, 20 Tests",Test kit,20.0,3400.0,108800.0,32.0,1.6,"Trinity Biotech, Plc",Yes,1131,22370.64,174.08,Pre-PQ Process
62730,,FPQ-7175,,,South Africa,,,,,,3/23/2011,,,,,,EMCURE PHARMACEUTICALS LTD,,Efavirenz,Generic,600mg,,,,,,,,,,,,161-ZA-T30,SCMS-103690,ASN-12560,PMO - US,Direct Drop,DDP,Ocean,3/10/2011,2-Nov-11,2-Nov-11,2-Nov-11,ARV,Adult,"Efavirenz 600mg, tablets, 30 Tabs",Tablet,30.0,136980.0,589014.0,4.3,0.14,"Emcure Plot No.P-2, I.T-B.T. Park, Phase II, MIDC, Hinjwadi, Pune, India",Yes,10832,10283.25,971.87,
64,,Pre-PQ Process,,,Rwanda,,,,,,12/22/2006,,,,,,CIPLA LIMITED,,Lamivudine/Zidovudine,Generic,150/300mg,,,,,,,,,,,,107-RW-T01,SCMS-268,ASN-242,PMO - US,Direct Drop,EXW,Air,Pre-PQ Process,27-Feb-07,27-Feb-07,27-Feb-07,ARV,Adult,"Lamivudine/Zidovudine 150/300mg, tablets, 60 Tabs",Tablet - FDC,60.0,10000.0,99800.0,9.98,0.17,"Cipla, Goa, India",Yes,7416,64179.42,,
83718,,FPQ-11884,,,Mozambique,,,,,,N/A - From RDC,,,,,,SCMS from RDC,,Lamivudine/Zidovudine,Generic,150/300mg,,,,,,,,,,,,111-MZ-T30,SO-44870,DN-3339,PMO - US,From RDC,N/A - From RDC,Truck,3/19/2013,31-Oct-13,13-Nov-13,2-Dec-13,ARV,Adult,"Lamivudine/Zidovudine 150/300mg, tablets, 60 Tabs",Tablet - FDC,60.0,3035.0,22064.45,7.27,0.12,"Cipla, Goa, India",Yes,1722,5950.17,27.29,
24884,,FPQ-9074,,,Zambia,,,,,,1/24/2012,,,,,,Aurobindo Pharma Limited,,Emtricitabine/Tenofovir Disoproxil Fumarate,Generic,200/300mg,,,,,,,,,,,,110-ZM-T30,SCMS-134290,ASN-13651,PMO - US,Direct Drop,EXW,Air,12/22/2011,29-Feb-12,29-Feb-12,29-Feb-12,ARV,Adult,"Emtricitabine/Tenofovir Disoproxil Fumarate 200/300mg, tablets, 30 Tabs",Tablet - FDC,30.0,100000.0,735000.0,7.35,0.24,"Aurobindo Unit III, India",Yes,9369,50030.37,1030.47,
9040,,Pre-PQ Process,,,South Africa,,,,,,Date Not Captured,,,,,,S. BUYS WHOLESALER,,Zidovudine,Retrovir,10mg/ml,,,,,,,,,,,,116-ZA-T01,SCMS-41190,ASN-3732,PMO - US,Direct Drop,DDP,Air,Pre-PQ Process,30-Mar-09,21-Jan-09,21-Jan-09,ARV,Pediatric,"Zidovudine 10mg/ml [Retrovir], oral solution, Bottle, 200 ml",Oral solution,200.0,140.0,833.0,5.95,0.03,GSK Mississauga (Canada),No,Weight Captured Separately,Freight Included in Commodity Cost,1.63,
83635,103-ZW-T30,FPQ-9907,SO-42270,DN-2914,Zimbabwe,PMO - US,From RDC,N/A - From RDC,Truck,5/15/12,N/A - From RDC,19-Nov-12,19-Nov-12,19-Nov-12,ARV,Pediatric,SCMS from RDC,"Lamivudine/Zidovudine 30/60mg, tablets, 60 Tabs",Lamivudine/Zidovudine,Generic,30/60mg,Tablet - FDC,60.0,19733.0,54463.08,2.76,0.05,"Aurobindo Unit III, India",No,See DN-2914 (ID#:83089),See DN-2914 (ID#:83089),76.36,,,,,,,,,,,,,,,,,,,,,,,,,,
11056,,,,,Nigeria,,,,,,N/A - From RDC,,,,,,SCMS from RDC,,Lamivudine/Nevirapine/Zidovudine,Generic,150/300/200mg,,,,,,,,,,,,151-NG-T01,SO-30023,DN-1292,PMO - US,From RDC,N/A - From RDC,Air Charter,Pre-PQ Process,16-Jun-09,16-Jun-09,16-Jun-09,ARV,Adult,"Lamivudine/Nevirapine/Zidovudine 150/200/300mg, tablets, 60 Tabs",Tablet - FDC,60.0,3994.0,45531.6,11.4,0.19,"Aurobindo Unit III, India",Yes,452,7329.83,89.24,Pre-PQ Process
5279,,Pre-PQ Process,,,Vietnam,,,,,,11/14/2006,,,,,,SUN PHARMACEUTICAL INDUSTRIES LTD (RANBAXY LABORATORIES LIMITED),,Lamivudine,Generic,150mg,,,,,,,,,,,,108-VN-T01,SCMS-167,ASN-270,PMO - US,Direct Drop,EXW,Air,Pre-PQ Process,14-Mar-07,14-Mar-07,14-Mar-07,ARV,Adult,"Lamivudine 150mg, tablets, 60 Tabs",Tablet,60.0,98400.0,329640.0,3.35,0.06,"Ranbaxy, Paonta Shahib, India",Yes,4300,27923.26,,
83717,105-GY-T30,FPQ-12047,SO-45040,DN-3332,Guyana,PMO - US,From RDC,N/A - From RDC,Air,4/15/13,N/A - From RDC,30-Sep-13,4-Oct-13,22-Oct-13,ARV,Pediatric,SCMS from RDC,"Efavirenz 200mg, scored tablets, 90 Tabs",Efavirenz,Generic,200mg,Tablet,90.0,98.0,911.4,9.3,0.1,"Strides, Bangalore, India.",Yes,7,4317.96,1.13,,,,,,,,,,,,,,,,,,,,,,,,,,
14665,106-HT-T30,FPQ-5725,SCMS-74750,ASN-7454,Haiti,PMO - US,Direct Drop,EXW,Air,5/26/10,6/2/10,13-Sep-10,13-Sep-10,13-Sep-10,HRDT,HIV test,"Orgenics, Ltd","HIV 1/2, Determine HIV Kit, without Lancets, 100 Tests","HIV 1/2, Determine HIV Kit, without Lancets",Determine,,Test kit,100.0,1000.0,97680.0,97.68,0.98,Inverness Japan,Yes,227,2486.62,210.6,,,,,,,,,,,,,,,,,,,,,,,,,,
58504,116-ZA-T30,FPQ-14942,SCMS-259077,ASN-33477,South Africa,PMO - US,Direct Drop,DDP,Truck,9/11/14,10/9/14,24-Jul-15,24-Jul-15,24-Jul-15,ARV,Adult,PHARMACY DIRECT,"Didanosine 400mg, delayed-release capsules, 30 Caps",Didanosine,Generic,400mg,Delayed-release capsules,30.0,5.0,71.09,14.22,0.47,"Aurobindo Unit III, India",No,Weight Captured Separately,Freight Included in Commodity Cost,0.07,,,,,,,,,,,,,,,,,,,,,,,,,,
28192,,FPQ-6185,,,Rwanda,,,,,,9/27/2010,,,,,,CIPLA LIMITED,,Lopinavir/Ritonavir,Generic,200/50mg,,,,,,,,,,,,107-RW-T30,SCMS-84411,ASN-9660,PMO - US,Direct Drop,CIP,Air,9/3/2010,9-Feb-11,9-Feb-11,9-Feb-11,ARV,Adult,"Lopinavir/Ritonavir 200/50mg, tablets, 120 Tabs",Tablet,120.0,11440.0,392392.0,34.3,0.29,Cipla Ltd A-42 MIDC Mahar. IN,No,Weight Captured Separately,Freight Included in Commodity Cost,846.0,
86600,,,,,Burundi,,,,,,N/A - From RDC,,,,,,SCMS from RDC,,Nevirapine,Generic,10mg/ml,,,,,,,,,,,,102-BI-T30,SO-45171,DN-3310,PMO - US,From RDC,N/A - From RDC,Air,4/22/2013,9-Sep-13,10-Sep-13,10-Sep-13,ARV,Pediatric,"Nevirapine 10mg/ml, oral suspension w/syringe, Bottle, 240 ml",Oral suspension,240.0,2280.0,4446.0,1.95,0.01,"Aurobindo Unit III, India",Yes,845,5435.44,5.5,FPQ-12065
15815,,,,,South Africa,,,,,,10/15/2009,,,,,,S. BUYS WHOLESALER,,Stavudine,Zerit,1mg/ml,,,,,,,,,,,,116-ZA-T30,SCMS-54980,ASN-5373,PMO - US,Direct Drop,DDP,Truck,10/8/2009,19-Oct-09,19-Oct-09,19-Oct-09,ARV,Pediatric,"Stavudine 1mg/ml [Zerit], powder for oral solution, Bottle, 200 ml",Powder for oral solution,200.0,2200.0,3914.05,1.78,0.01,"BMS Meymac, France",No,Weight Captured Separately,Freight Included in Commodity Cost,7.67,FPQ-4359
85820,,,,,"Congo, DRC",,,,,,N/A - From RDC,,,,,,SCMS from RDC,,Lamivudine/Tenofovir Disoproxil Fumarate,Generic,300/300mg,,,,,,,,,,,,101-CD-T30,SO-41143,DN-2507,PMO - US,From RDC,N/A - From RDC,Air,11/21/2011,16-Mar-12,11-Apr-12,11-Apr-12,ARV,Adult,"Lamivudine/Tenofovir Disoproxil Fumarate 300/300mg, tablets, 30 Tabs",Tablet - FDC,30.0,15.0,91.2,6.08,0.2,Mylan (formerly Matrix) Nashik,No,See DN-2507 (ID#:82440),See DN-2507 (ID#:82440),0.13,FPQ-8840
83958,,FPQ-4469,,,Haiti,,,,,,N/A - From RDC,,,,,,SCMS from RDC,,Lamivudine,Generic,150mg,,,,,,,,,,,,106-HT-T30,SO-34220,DN-1503,PMO - US,From RDC,N/A - From RDC,Air,9/23/2009,18-Nov-09,5-Nov-09,5-Nov-09,ARV,Adult,"Lamivudine 150mg, tablets, 60 Tabs",Tablet,60.0,10167.0,24807.48,2.44,0.04,"Aurobindo Unit III, India",Yes,487,6113.34,53.48,
84647,113-ZW-T30,FPQ-6470,SO-39510,DN-2205,Zimbabwe,PMO - US,From RDC,N/A - From RDC,Truck,10/13/10,N/A - From RDC,31-May-11,15-Jun-11,15-Jun-11,ARV,Adult,SCMS from RDC,"Lamivudine/Nevirapine/Stavudine 150/200/30mg, tablets, 60 Tabs",Lamivudine/Nevirapine/Stavudine,Generic,150/200/30mg,Tablet - FDC,60.0,69207.0,372333.66,5.38,0.09,"Cipla, Goa, India",No,See DN-2205 (ID#:82950),See DN-2205 (ID#:82950),802.75,,,,,,,,,,,,,,,,,,,,,,,,,,
2463,,,,,Rwanda,,,,,,10/21/2008,,,,,,CIPLA LIMITED,,Lamivudine/Zidovudine,Generic,150/300mg,,,,,,,,,,,,107-RW-T01,SCMS-30312,ASN-3851,PMO - US,Direct Drop,CIP,Air,Pre-PQ Process,20-Apr-09,20-Apr-09,20-Apr-09,ARV,Adult,"Lamivudine/Zidovudine 150/300mg, tablets, 60 Tabs",Tablet - FDC,60.0,7840.0,71344.0,9.1,0.15,"Cipla, Goa, India",Yes,719,853.88,139.83,Pre-PQ Process
13115,,FPQ-12522,,,South Africa,,,,,,8/27/2014,,,,,,S. BUYS WHOLESALER,,Emtricitabine/Tenofovir Disoproxil Fumarate,Generic,200/300mg,,,,,,,,,,,,116-ZA-T30,SCMS-199283,ASN-27979,PMO - US,Direct Drop,DDP,Truck,7/11/2013,27-Aug-14,27-Aug-14,27-Aug-14,ARV,Adult,"Emtricitabine/Tenofovir Disoproxil Fumarate 200/300mg, tablets, 30 Tabs",Tablet - FDC,30.0,13.0,438.41,33.72,1.12,"Aurobindo Unit III, India",Yes,Weight Captured Separately,Freight Included in Commodity Cost,0.54,
56125,,FPQ-12837,,,Cameroon,,,,,,8/23/2013,,,,,,Aurobindo Pharma Limited,,Efavirenz/Lamivudine/Tenofovir Disoproxil Fumarate,Generic,600/300/300mg,,,,,,,,,,,,901-CM-T30,SCMS-204290,ASN-23425,PMO - US,Direct Drop,EXW,Air,8/19/2013,8-Jan-14,8-Jan-14,10-Jan-14,ARV,Adult,"Efavirenz/Lamivudine/Tenofovir Disoproxil Fumarate 600/300/300mg, tablets, 30 Tabs",Tablet - FDC,30.0,37732.0,420711.8,11.15,0.37,"Aurobindo Unit VII, IN",Yes,4962,63818.03,520.42,
85150,,,,,Haiti,,,,,,N/A - From RDC,,,,,,SCMS from RDC,,Lamivudine/Zidovudine,Generic,150/300mg,,,,,,,,,,,,106-HT-T30,SO-36741,DN-2015,PMO - US,From RDC,N/A - From RDC,Air,4/19/2010,30-Sep-10,7-Oct-10,7-Oct-10,ARV,Adult,"Lamivudine/Zidovudine 150/300mg, tablets, 60 Tabs",Tablet - FDC,60.0,52752.0,451029.6,8.55,0.14,Hetero Unit III Hyderabad IN,No,See DN-2015 (ID#:82917),See DN-2015 (ID#:82917),972.42,FPQ-5523
85307,,FPQ-10210,,,Mozambique,,,,,,N/A - From RDC,,,,,,SCMS from RDC,,Lamivudine/Nevirapine/Zidovudine,Generic,150/300/200mg,,,,,,,,,,,,111-MZ-T30,SO-42841,DN-2863,PMO - US,From RDC,N/A - From RDC,Truck,6/28/2012,30-Oct-12,10-Oct-12,10-Oct-12,ARV,Adult,"Lamivudine/Nevirapine/Zidovudine 150/200/300mg, tablets, 60 Tabs",Tablet - FDC,60.0,17520.0,171871.2,9.81,0.16,Mylan (formerly Matrix) Nashik,Yes,9370,3855.94,240.96,
86325,,,,,Nigeria,,,,,,N/A - From RDC,,,,,,SCMS from RDC,,Lamivudine/Nevirapine/Zidovudine,Generic,150/300/200mg,,,,,,,,,,,,151-NG-T30,SO-36935,DN-1979,PMO - US,From RDC,N/A - From RDC,Air Charter,5/27/2010,31-Aug-10,17-Aug-10,17-Aug-10,ARV,Adult,"Lamivudine/Nevirapine/Zidovudine 150/200/300mg, tablets, 60 Tabs",Tablet - FDC,60.0,1700.0,19074.0,11.22,0.19,"Aurobindo Unit III, India",Yes,224,6147.18,41.12,FPQ-5688
11100,,Pre-PQ Process,,,Zambia,,,,,,N/A - From RDC,,,,,,SCMS from RDC,,Abacavir,Generic,300mg,,,,,,,,,,,,110-ZM-T01,SO-310,DN-122,PMO - US,From RDC,N/A - From RDC,,Pre-PQ Process,4-May-07,4-May-07,4-May-07,ARV,Adult,"Abacavir 300mg, tablets, 60 Tabs",Tablet,60.0,1000.0,35800.0,35.8,0.6,"Aurobindo Unit III, India",Yes,4436,18375.7,,
72572,102-BW-T30,FPQ-6652,SCMS-93790,ASN-9739,Botswana,PMO - US,Direct Drop,EXW,Air,11/19/10,12/9/10,14-Mar-11,14-Mar-11,14-Mar-11,HRDT,HIV test,"SHANGHAI KEHUA BIOENGINEERING CO.,LTD.  (KHB)","HIV 1/2, SKB Colloidal Gold, Diagnostic Kit, Antibody, 50 Tests","HIV 1/2, Colloidal Gold, Diagnostic Kit, Antibody",Colloidal Gold,,Test kit,1.0,20.0,460.0,23.0,23.0,"KHB Test Kit Facility, Shanghai China",Yes,16,486.18,0.76,,,,,,,,,,,,,,,,,,,,,,,,,,
56332,104-CI-T30,FPQ-13622,SCMS-228860,ASN-25486,Côte d'Ivoire,PMO - US,Direct Drop,EXW,Air,1/23/14,3/3/14,29-Apr-14,29-Apr-14,2-May-14,ARV,Adult,Aurobindo Pharma Limited,"Didanosine 250mg, delayed-release capsules, 30 Caps",Didanosine,Generic,250mg,Delayed-release capsules,30.0,1200.0,9096.0,7.58,0.25,"Aurobindo Unit III, India",Yes,96,1510.05,9.35,,,,,,,,,,,,,,,,,,,,,,,,,,
83987,,FPQ-4537,,,Nigeria,,,,,,N/A - From RDC,,,,,,SCMS from RDC,,Lamivudine/Zidovudine,Generic,150/300mg,,,,,,,,,,,,151-NG-T30,SO-35050,DN-1715,PMO - US,From RDC,N/A - From RDC,Air Charter,11/6/2009,19-Apr-10,31-Mar-10,31-Mar-10,ARV,Adult,"Lamivudine/Zidovudine 150/300mg, tablets, 60 Tabs",Tablet - FDC,60.0,5000.0,43800.0,8.76,0.15,"Aurobindo Unit III, India",Yes,452,Freight Included in Commodity Cost,94.43,
7121,,Pre-PQ Process,,,Vietnam,,,,,,5/14/2008,,,,,,MYLAN LABORATORIES LTD (FORMERLY MATRIX LABORATORIES),,Zidovudine,Generic,300mg,,,,,,,,,,,,108-VN-T01,SCMS-23450,ASN-2336,PMO - US,Direct Drop,EXW,Air,Pre-PQ Process,19-Sep-08,19-Sep-08,19-Sep-08,ARV,Adult,"Zidovudine 300mg, tablets, 60 Tabs",Tablet,60.0,648.0,4860.0,7.5,0.12,Mylan (formerly Matrix) Nashik,No,See ASN-2336 (ID#:530),See ASN-2336 (ID#:530),7.78,
24983,,FPQ-15038,,,Haiti,,,,,,12/24/2014,,,,,,Aurobindo Pharma Limited,,Lamivudine/Nevirapine/Zidovudine,Generic,150/300/200mg,,,,,,,,,,,,106-HT-T30,SCMS-263170,ASN-31572,PMO - US,Direct Drop,EXW,Air,10/22/2014,11-May-15,11-May-15,13-May-15,ARV,Adult,"Lamivudine/Nevirapine/Zidovudine 150/200/300mg, tablets, 60 Tabs",Tablet - FDC,60.0,24000.0,196800.0,8.2,0.14,"Aurobindo Unit III, India",Yes,Weight Captured Separately,Invoiced Separately,202.31,
10735,,Pre-PQ Process,,,Mozambique,,,,,,N/A - From RDC,,,,,,SCMS from RDC,,Lamivudine/Nevirapine/Stavudine,Generic,150/200/30mg,,,,,,,,,,,,111-MZ-T01,SO-15083,DN-1055,PMO - US,From RDC,N/A - From RDC,Air,Pre-PQ Process,18-Mar-09,18-Mar-09,18-Mar-09,ARV,Adult,"Lamivudine/Nevirapine/Stavudine 150/200/30mg, tablets, 60 Tabs",Tablet - FDC,60.0,115130.0,828936.0,7.2,0.12,"Strides, Bangalore, India.",Yes,8693,6757.33,1624.71,
54243,,,,,Namibia,,,,,,8/19/2014,,,,,,MYLAN LABORATORIES LTD (FORMERLY MATRIX LABORATORIES),,Efavirenz/Emtricitabine/Tenofovir Disoproxil Fumarate,Generic,600/200/300mg,,,,,,,,,,,,901-NA-T30,SCMS-252620,ASN-27961,PMO - US,Direct Drop,EXW,Air,7/30/2014,29-Sep-14,29-Sep-14,30-Sep-14,ARV,Adult,"Efavirenz/Emtricitabine/Tenofovir Disoproxil Fumarate 600/200/300mg, tablets, 30 Tabs",Tablet - FDC,30.0,36000.0,378000.0,10.5,0.35,"Mylan,  H-12 & H-13, India",Yes,4171,20371.77,388.58,FPQ-14728
11884,104-CI-T01,Pre-PQ Process,SO-2043,DN-684,Côte d'Ivoire,PMO - US,From RDC,N/A - From RDC,Air,Pre-PQ Process,N/A - From RDC,8-Apr-08,8-Apr-08,8-Apr-08,ARV,Pediatric,SCMS from RDC,"Efavirenz 30mg/ml [Stocrin/Sustiva], oral solution, Bottle, 180 ml",Efavirenz,Stocrin/Sustiva,30mg/ml,Oral solution,180.0,1503.0,25490.88,16.96,0.09,"MSD, Haarlem, NL",Yes,608,1996.68,40.79,,,,,,,,,,,,,,,,,,,,,,,,,,
66438,,FPQ-11286,,,Haiti,,,,,,2/5/2013,,,,,,Aurobindo Pharma Limited,,Didanosine,Generic,400mg,,,,,,,,,,,,106-HT-T30,SCMS-176320,ASN-18407,PMO - US,Direct Drop,EXW,Air,1/16/2013,11-Mar-13,11-Mar-13,11-Mar-13,ARV,Adult,"Didanosine 400mg, delayed-release capsules, 30 Caps",Delayed-release capsules,30.0,384.0,7680.0,20.0,0.67,"Aurobindo Unit III, India",Yes,30,1119.09,9.5,
12341,,,,,Mozambique,,,,,,N/A - From RDC,,,,,,SCMS from RDC,,Efavirenz,Generic,600mg,,,,,,,,,,,,111-MZ-T01,SO-293,DN-44,PMO - US,From RDC,N/A - From RDC,Air,Pre-PQ Process,17-Apr-07,17-Apr-07,17-Apr-07,ARV,Adult,"Efavirenz 600mg, tablets, 30 Tabs",Tablet,30.0,23035.0,385836.25,16.75,0.56,"Aurobindo Unit III, India",No,See DN-44 (ID#:10549),See DN-44 (ID#:10549),,Pre-PQ Process
77565,,FPQ-10654,,,Cameroon,,,,,,10/8/2012,,,,,,MYLAN LABORATORIES LTD (FORMERLY MATRIX LABORATORIES),,Efavirenz/Lamivudine/Tenofovir Disoproxil Fumarate,Generic,600/300/300mg,,,,,,,,,,,,900-CM-T30,SCMS-161720,ASN-17261,PMO - US,Direct Drop,EXW,Air,9/20/2012,19-Dec-12,19-Dec-12,19-Dec-12,ARV,Adult,"Efavirenz/Lamivudine/Tenofovir Disoproxil Fumarate 600/300/300mg, tablets, 30 Tabs",Tablet - FDC,30.0,26204.0,314185.96,11.99,0.4,Mylan (formerly Matrix) Nashik,Yes,3176,27939.91,440.49,
21174,,FPQ-3882,,,Côte d'Ivoire,,,,,,8/24/2009,,,,,,ABBVIE LOGISTICS (FORMERLY ABBOTT LOGISTICS BV),,Lopinavir/Ritonavir,Aluvia,200/50mg,,,,,,,,,,,,104-CI-T30,SCMS-51810,ASN-4979,PMO - US,Direct Drop,FCA,Air,7/24/2009,8-Oct-09,8-Oct-09,8-Oct-09,ARV,Adult,"Lopinavir/Ritonavir 200/50mg [Aluvia], tablets, 120 Tabs",Tablet,120.0,11480.0,415116.8,36.16,0.3,ABBVIE Ludwigshafen Germany,Yes,4794,28238.31,813.63,
52354,,FPQ-14827,,,Zambia,,,,,,9/19/2014,,,,,,"Orgenics, Ltd",,"HIV 1/2, Determine Complete HIV Kit",Determine,,,,,,,,,,,,,110-ZM-T30,SCMS-256510,ASN-29092,PMO - US,Direct Drop,EXW,Air,8/19/2014,11-Mar-15,11-Mar-15,31-Mar-15,HRDT,HIV test,"HIV 1/2, Determine Complete HIV Kit, 100 Tests",Test kit,100.0,1364.0,109120.0,80.0,0.8,"Alere Medical Co., Ltd.",Yes,553,7845.09,112.18,
84358,107-RW-T30,FPQ-12766,SO-46486,DN-3641,Rwanda,PMO - US,From RDC,N/A - From RDC,Truck,8/2/13,N/A - From RDC,5-May-14,6-May-14,20-Jun-14,ARV,Adult,SCMS from RDC,"Lamivudine/Nevirapine/Zidovudine 150/200/300mg, tablets, 60 Tabs",Lamivudine/Nevirapine/Zidovudine,Generic,150/300/200mg,Tablet - FDC,60.0,15862.0,128640.82,8.11,0.14,"Aurobindo Unit III, India",Yes,1851,5445.73,159.13,,,,,,,,,,,,,,,,,,,,,,,,,,
85356,,,,,South Sudan,,,,,,N/A - From RDC,,,,,,SCMS from RDC,,Efavirenz/Lamivudine/Tenofovir Disoproxil Fumarate,Generic,600/300/300mg,,,,,,,,,,,,103-SS-T30,SO-44630,DN-3125,PMO - US,From RDC,N/A - From RDC,Air,1/16/2013,30-Apr-13,24-Apr-13,24-Apr-13,ARV,Adult,"Efavirenz/Lamivudine/Tenofovir Disoproxil Fumarate 600/300/300mg, tablets, 30 Tabs",Tablet - FDC,30.0,1278.0,13444.56,10.52,0.35,Hetero Unit III Hyderabad IN,No,See DN-3125 (ID#:82571),See DN-3125 (ID#:82571),16.63,FPQ-11489
10999,,Pre-PQ Process,,,Tanzania,,,,,,N/A - From RDC,,,,,,SCMS from RDC,,Lamivudine/Nevirapine/Stavudine,Generic,150/200/30mg,,,,,,,,,,,,109-TZ-T01,SO-2566,DN-891,PMO - US,From RDC,N/A - From RDC,Truck,Pre-PQ Process,23-Sep-08,23-Sep-08,23-Sep-08,ARV,Adult,"Lamivudine/Nevirapine/Stavudine 150/200/30mg, tablets, 60 Tabs",Tablet - FDC,60.0,123317.0,912545.8,7.4,0.12,"Cipla, Goa, India",Yes,13253,64506.78,1460.07,
83308,,,,,Rwanda,,,,,,N/A - From RDC,,,,,,SCMS from RDC,,Efavirenz,Generic,200mg,,,,,,,,,,,,107-RW-T30,SO-49970,DN-4125,PMO - US,From RDC,N/A - From RDC,Truck,10/15/2014,27-Feb-15,25-Feb-15,5-Mar-15,ARV,Pediatric,"Efavirenz 200mg, scored tablets, 90 Tabs",Tablet,90.0,2021.0,18795.3,9.3,0.1,"Strides, Bangalore, India.",Yes,132,1142,19.32,FPQ-14811
7837,,,,,Vietnam,,,,,,4/29/2009,,,,,,Aurobindo Pharma Limited,,Lamivudine,Generic,150mg,,,,,,,,,,,,108-VN-T01,SCMS-45080,ASN-4420,PMO - US,Direct Drop,EXW,Air,Pre-PQ Process,10-Jul-09,10-Jul-09,10-Jul-09,ARV,Adult,"Lamivudine 150mg, tablets, 60 Tabs",Tablet,60.0,18000.0,43200.0,2.4,0.04,"Aurobindo Unit III, India",No,See ASN-4420 (ID#:1183),See ASN-4420 (ID#:1183),84.67,Pre-PQ Process
43347,,FPQ-8635,,,Haiti,,,,,,12/30/2011,,,,,,AMSTELFARMA B.V.,,Chloroquine base (as phosphate),Generic,150mg,,,,,,,,,,,,122-HT-T30,SCMS-132180,ASN-13412,PMO - US,Direct Drop,EXW,Air,12/7/2011,18-Jan-12,18-Jan-12,18-Jan-12,ANTM,Malaria,"Chloroquine 150mg base (as phosphate), tablets, 1000 Tabs",Tablet,1000.0,3000.0,27750.0,9.25,0.01,"Medopharm Malur Factory, INDIA",No,See ASN-13412 (ID#:16085),See ASN-13412 (ID#:16085),38.91,
74729,,FPQ-10349,,,Nigeria,,,,,,8/10/2012,,,,,,"CHEMBIO DIAGNOSTIC SYSTEMS, INC.",,"HIV 1/2, Stat-Pak HIV, Kit",Stat-Pak,,,,,,,,,,,,,133-NG-T30,SCMS-155311,ASN-19163,PMO - US,Direct Drop,EXW,Air,7/17/2012,6-May-13,6-May-13,6-May-13,HRDT,HIV test,"HIV 1/2, Stat-Pak HIV, Kit, 20 Tests",Test kit,20.0,3401.0,98629.0,29.0,1.45,Chembio Diagnostics Sys. Inc.,Yes,972,10191.28,138.28,
61396,,,,,Dominican Republic,,,,,,8/4/2011,,,,,,"Orgenics, Ltd",,"HIV 1/2, Determine Complete HIV Kit",Determine,,,,,,,,,,,,,105-DO-T30,SCMS-117400,ASN-12551,PMO - US,Direct Drop,EXW,Air,6/21/2011,27-Oct-11,27-Oct-11,27-Oct-11,HRDT,HIV test,"HIV 1/2, Determine Complete HIV Kit, 100 Tests",Test kit,100.0,2828.0,260176.0,92.0,0.92,Inverness Japan,Yes,Weight Captured Separately,Invoiced Separately,429.29,FPQ-7858
83250,104-CI-T30,FPQ-13142,SO-47133,DN-3761,Côte d'Ivoire,PMO - US,From RDC,N/A - From RDC,Truck,10/22/13,N/A - From RDC,16-Jun-14,16-Jun-14,10-Jul-14,ARV,Pediatric,SCMS from RDC,"Lamivudine 10mg/ml, oral solution w/syringe, Bottle, 240 ml",Lamivudine,Generic,10mg/ml,Oral solution,240.0,4243.0,6067.49,1.43,0.01,"Aurobindo Unit III, India",Yes,1485,6819.73,6.24,,,,,,,,,,,,,,,,,,,,,,,,,,
85491,,,,,Côte d'Ivoire,,,,,,N/A - From RDC,,,,,,SCMS from RDC,,Zidovudine,Generic,10mg/ml,,,,,,,,,,,,104-CI-T30,SO-47920,DN-3899,PMO - US,From RDC,N/A - From RDC,Air,2/7/2014,30-Sep-14,8-Sep-14,19-Sep-14,ARV,Pediatric,"Zidovudine 10mg/ml, oral solution w/syringe, Bottle, 240 ml",Oral solution,240.0,7000.0,14700.0,2.1,0.01,"Cipla, Goa, India",Yes,2625,9868.54,15.11,FPQ-13691
18664,,,,,Vietnam,,,,,,10/10/2013,,,,,,HETERO LABS LIMITED,,Abacavir,Generic,300mg,,,,,,,,,,,,108-VN-T30,SCMS-210150,ASN-24398,PMO - US,Direct Drop,EXW,Air,10/4/2013,23-Apr-14,23-Apr-14,23-Apr-14,ARV,Adult,"Abacavir 300mg, tablets, 60 Tabs",Tablet,60.0,1436.0,16442.2,11.45,0.19,Hetero Unit III Hyderabad IN,Yes,2832,7474.2,20.34,FPQ-13034
25483,,FPQ-15921,,,Togo,,,,,,2/27/2015,,,,,,HETERO LABS LIMITED,,Lamivudine/Tenofovir Disoproxil Fumarate,Generic,300/300mg,,,,,,,,,,,,900-TG-T30,SCMS-278370,ASN-31081,PMO - US,Direct Drop,EXW,Air,2/18/2015,23-Apr-15,23-Apr-15,1-Jun-15,ARV,Adult,"Lamivudine/Tenofovir Disoproxil Fumarate 300/300mg, tablets, 30 Tabs",Tablet - FDC,30.0,6678.0,30051.0,4.5,0.15,Hetero Unit III Hyderabad IN,Yes,734,3710.65,35.37,
21147,133-NG-T30,FPQ-5815,SCMS-77240,ASN-7561,Nigeria,PMO - US,Direct Drop,EXW,Air,6/7/10,6/28/10,22-Jul-10,22-Jul-10,22-Jul-10,HRDT,HIV test,"Trinity Biotech, Plc","HIV 1/2, Uni-Gold HIV Kit, 20 Tests","HIV 1/2, Uni-Gold HIV Kit",Uni-Gold,,Test kit,20.0,7000.0,224000.0,32.0,1.6,"Trinity Biotech, Plc",Yes,2373,29878.21,482.94,,,,,,,,,,,,,,,,,,,,,,,,,,
69463,,,,,Haiti,,,,,,6/2/2014,,,,,,MICRO LABS LIMITED,,Efavirenz,Generic,600mg,,,,,,,,,,,,106-HT-T30,SCMS-240130,ASN-28761,PMO - US,Direct Drop,EXW,Ocean,5/11/2014,9-Jan-15,9-Jan-15,12-Jan-15,ARV,Adult,"Efavirenz 600mg, tablets, 30 Tabs",Tablet,30.0,43065.0,128333.7,2.98,0.1,"Micro labs, Verna, Goa, India",No,See ASN-28761 (ID#:38632),See ASN-28761 (ID#:38632),131.93,FPQ-14083
52175,116-ZA-T30,FPQ-3560,SCMS-50940,ASN-5472,South Africa,PMO - US,Direct Drop,DDP,Truck,5/7/09,8/3/09,8-Oct-09,14-Oct-09,14-Oct-09,ARV,Pediatric,S. BUYS WHOLESALER,"Stavudine 1mg/ml, powder for oral solution, 200 ml",Stavudine,Generic,1mg/ml,Oral solution,200.0,1700.0,4270.78,2.51,0.01,"Aurobindo Unit III, India",Yes,Weight Captured Separately,Freight Included in Commodity Cost,8.37,,,,,,,,,,,,,,,,,,,,,,,,,,
82069,,FPQ-5535,,,South Africa,,,,,,4/21/2010,,,,,,S. BUYS WHOLESALER,,Stavudine,Generic,30mg,,,,,,,,,,,,116-ZA-T30,SCMS-71370,ASN-7373,PMO - US,Direct Drop,DDP,Truck,4/19/2010,31-May-10,31-May-10,31-May-10,ARV,Adult,"Stavudine 30mg, capsules, 60 Caps",Capsule,60.0,2000.0,9240.04,4.62,0.08,"Aurobindo Unit III, India",No,Weight Captured Separately,Freight Included in Commodity Cost,19.92,
11735,,,,,Zimbabwe,,,,,,N/A - From RDC,,,,,,SCMS from RDC,,Zidovudine,Generic,300mg,,,,,,,,,,,,113-ZW-T01,SO-278,DN-141,PMO - US,From RDC,N/A - From RDC,,Pre-PQ Process,20-May-07,20-May-07,20-May-07,ARV,Adult,"Zidovudine 300mg, tablets, 60 Tabs",Tablet,60.0,470.0,4591.9,9.77,0.16,"Ranbaxy, Paonta Shahib, India",No,See DN-141 (ID#:10571),See DN-141 (ID#:10571),,Pre-PQ Process
85859,111-MZ-T30,FPQ-9506,SO-41760,DN-2663,Mozambique,PMO - US,From RDC,N/A - From RDC,Truck,3/16/12,N/A - From RDC,3-Jul-12,28-Jun-12,28-Jun-12,ARV,Adult,SCMS from RDC,"Lamivudine/Zidovudine 150/300mg, tablets, 60 Tabs",Lamivudine/Zidovudine,Generic,150/300mg,Tablet - FDC,60.0,33156.0,257953.68,7.78,0.13,Mylan (formerly Matrix) Nashik,No,See DN-2663 (ID#:82478),See DN-2663 (ID#:82478),361.65,,,,,,,,,,,,,,,,,,,,,,,,,,
11060,104-CI-T01,Pre-PQ Process,SO-27530,DN-1313,Côte d'Ivoire,PMO - US,From RDC,N/A - From RDC,Air,Date Not Captured,N/A - From RDC,19-Aug-09,19-Aug-09,19-Aug-09,ARV,Adult,SCMS from RDC,"Lamivudine/Stavudine 150/30mg, tablets, 60 Tabs",Lamivudine/Stavudine,Generic,150/30mg,Tablet - FDC,60.0,10480.0,39824.0,3.8,0.06,"Cipla, Goa, India",Yes,786,11032.42,78.06,,,,,,,,,,,,,,,,,,,,,,,,,,
27969,,FPQ-13973,,,South Africa,,,,,,11/4/2014,,,,,,PHARMACY DIRECT,,Darunavir,Prezista,600mg,,,,,,,,,,,,116-ZA-T30,SCMS-238555,ASN-29255,PMO - US,Direct Drop,DDP,Truck,4/30/2014,5-Nov-14,5-Nov-14,5-Nov-14,ARV,Adult,"Darunavir 600mg [Prezista], tablets, 60 Tabs",Tablet,60.0,15.0,978.47,65.23,1.09,"Janssen-Cilag, Latina, IT",No,Weight Captured Separately,Freight Included in Commodity Cost,1.01,
61274,116-ZA-T30,FPQ-14942,SCMS-259075,ASN-32138,South Africa,PMO - US,Direct Drop,DDP,Truck,9/11/14,5/11/15,12-May-15,12-May-15,12-May-15,ARV,Adult,PHARMACY DIRECT,"Zidovudine 300mg, tablets, 60 Tabs",Zidovudine,Generic,300mg,Tablet,60.0,3.0,54.1,18.03,0.3,"Aurobindo Unit III, India",No,Weight Captured Separately,Freight Included in Commodity Cost,0.06,,,,,,,,,,,,,,,,,,,,,,,,,,
84389,,FPQ-14042,,,Guyana,,,,,,N/A - From RDC,,,,,,SCMS from RDC,,Emtricitabine/Tenofovir Disoproxil Fumarate,Generic,200/300mg,,,,,,,,,,,,105-GY-T30,SO-48510,DN-3817,PMO - US,From RDC,N/A - From RDC,Air,4/9/2014,30-Sep-14,29-Aug-14,8-Sep-14,ARV,Adult,"Emtricitabine/Tenofovir Disoproxil Fumarate 200/300mg, tablets, 30 Tabs",Tablet - FDC,30.0,2238.0,12846.12,5.74,0.19,"Aurobindo Unit III, India",No,See DN-3817 (ID#:83822),See DN-3817 (ID#:83822),13.21,
71391,,,,,Namibia,,,,,,5/2/2012,,,,,,"Trinity Biotech, Plc",,"HIV 1/2, Uni-Gold HIV Kit",Uni-Gold,,,,,,,,,,,,,153-NA-T30,SCMS-144300,ASN-15068,PMO - US,Direct Drop,EXW,Air,4/12/2012,16-Jul-12,16-Jul-12,16-Jul-12,HRDT,HIV test,"HIV 1/2, Uni-Gold HIV Kit, 20 Tests",Test kit,20.0,416.0,13312.0,32.0,1.6,"Trinity Biotech, Plc",Yes,249,1640.99,18.66,FPQ-9698
81653,,,,,South Africa,,,,,,8/13/2013,,,,,,S. BUYS WHOLESALER,,Lopinavir/Ritonavir,Aluvia,200/50mg,,,,,,,,,,,,116-ZA-T30,SCMS-199280,ASN-24433,PMO - US,Direct Drop,DDP,Truck,7/11/2013,7-Feb-14,7-Feb-14,7-Feb-14,ARV,Adult,"Lopinavir/Ritonavir 200/50mg [Aluvia], tablets, 120 Tabs",Tablet,120.0,57.0,1468.3,25.76,0.21,ABBVIE Ludwigshafen Germany,No,Weight Captured Separately,Freight Included in Commodity Cost,1.82,FPQ-12522
12840,,Pre-PQ Process,,,Ethiopia,,,,,,N/A - From RDC,,,,,,SCMS from RDC,,Indinavir,Crixivan,400mg,,,,,,,,,,,,117-ET-T01,SO-14230,DN-907,PMO - US,From RDC,N/A - From RDC,Truck,Pre-PQ Process,16-Sep-08,16-Sep-08,16-Sep-08,ARV,Adult,"Indinavir 400mg [Crixivan], capsules, 180 Caps",Capsule,180.0,50.0,2500.0,50.0,0.28,"MSD, Haarlem, NL",No,See DN-907 (ID#:12839),See DN-907 (ID#:12839),4.0,
40364,,FPQ-5648,,,South Africa,,,,,,6/17/2010,,,,,,Aurobindo Pharma Limited,,Efavirenz,Generic,600mg,,,,,,,,,,,,161-ZA-T30,SCMS-75660,ASN-8693,PMO - US,Direct Drop,DDP,Ocean,6/2/2010,12-Oct-10,15-Dec-10,15-Dec-10,ARV,Adult,"Efavirenz 600mg, tablets, 30 Tabs",Tablet,30.0,52516.0,236847.16,4.51,0.15,"Aurobindo Unit III, India",Yes,Weight Captured Separately,Freight Included in Commodity Cost,510.64,
2502,,,,,Kenya,,,,,,4/4/2009,,,,,,"Trinity Biotech, Plc",,"HIV 1/2, Uni-Gold HIV Kit",Uni-Gold,,,,,,,,,,,,,102-KE-T01,SCMS-42970,ASN-4098,PMO - US,Direct Drop,EXW,Air,Pre-PQ Process,18-Jun-09,18-Jun-09,18-Jun-09,HRDT,HIV test,"HIV 1/2, Uni-Gold HIV Kit, 20 Tests",Test kit,20.0,5.0,160.0,32.0,1.6,"Trinity Biotech, Plc",Yes,2,12561.4,0.31,Pre-PQ Process
86599,,,,,Mozambique,,,,,,N/A - From RDC,,,,,,SCMS from RDC,,Tenofovir Disoproxil Fumarate,Generic,300mg,,,,,,,,,,,,111-MZ-T30,SO-45891,DN-3303,PMO - US,From RDC,N/A - From RDC,Truck,6/28/2013,29-Nov-13,12-Oct-13,27-Nov-13,ARV,Adult,"Tenofovir Disoproxil Fumarate 300mg, tablets, 30 Tabs",Tablet,30.0,720.0,2908.8,4.04,0.13,Mylan (formerly Matrix) Nashik,Yes,52,504.5,3.6,FPQ-12416
83066,900-UG-T30,FPQ-10084,SO-42631,DN-2800,Uganda,PMO - US,From RDC,N/A - From RDC,Truck,6/7/12,N/A - From RDC,27-Sep-12,27-Sep-12,27-Sep-12,ARV,Adult,SCMS from RDC,"Efavirenz 600mg, tablets, 30 Tabs",Efavirenz,Generic,600mg,Tablet,30.0,66160.0,258685.6,3.91,0.13,"Aurobindo Unit III, India",Yes,5641,2175.07,362.68,,,,,,,,,,,,,,,,,,,,,,,,,,
12236,,Pre-PQ Process,,,Nigeria,,,,,,N/A - From RDC,,,,,,SCMS from RDC,,Tenofovir Disoproxil Fumarate,Generic,300mg,,,,,,,,,,,,112-NG-T01,SO-11031,DN-901,PMO - US,From RDC,N/A - From RDC,Air,Pre-PQ Process,10-Sep-08,10-Sep-08,10-Sep-08,ARV,Adult,"Tenofovir Disoproxil Fumarate 300mg, tablets, 30 Tabs",Tablet,30.0,196.0,2677.36,13.66,0.46,Mylan (formerly Matrix) Nashik,Yes,12,900,4.28,
12912,,,,,Uganda,,,,,,N/A - From RDC,,,,,,SCMS from RDC,,Efavirenz,Generic,600mg,,,,,,,,,,,,114-UG-T01,SO-32940,DN-1425,PMO - US,From RDC,N/A - From RDC,Air,Date Not Captured,7-Oct-09,7-Oct-09,7-Oct-09,ARV,Adult,"Efavirenz 600mg, tablets, 30 Tabs",Tablet,30.0,29426.0,201568.1,6.85,0.23,"Aurobindo Unit III, India",Yes,2529,4031.3,395.07,Pre-PQ Process
38243,116-ZA-T30,FPQ-13973,SCMS-238555,ASN-29257,South Africa,PMO - US,Direct Drop,DDP,Truck,4/30/14,11/4/14,5-Nov-14,5-Nov-14,5-Nov-14,ARV,Adult,PHARMACY DIRECT,"Didanosine 400mg, delayed-release capsules, 30 Caps",Didanosine,Generic,400mg,Delayed-release capsules,30.0,7.0,137.73,19.68,0.66,"Aurobindo Unit III, India",No,Weight Captured Separately,Freight Included in Commodity Cost,0.14,,,,,,,,,,,,,,,,,,,,,,,,,,
70714,,FPQ-14305,,,Nigeria,,,,,,6/2/2014,,,,,,"Orgenics, Ltd",,"HIV 1/2, Determine Complete HIV Kit",Determine,,,,,,,,,,,,,133-NG-T30,SCMS-240830,ASN-27467,PMO - US,Direct Drop,EXW,Air,5/16/2014,19-Aug-14,19-Aug-14,17-Sep-14,HRDT,HIV test,"HIV 1/2, Determine Complete HIV Kit, 100 Tests",Test kit,100.0,6101.0,542989.0,89.0,0.89,"Alere Medical Co., Ltd.",Yes,2471,35912.43,558.19,
85246,104-CI-T30,FPQ-8363,SO-40822,DN-2601,Côte d'Ivoire,PMO - US,From RDC,N/A - From RDC,Truck,8/29/11,N/A - From RDC,19-Apr-12,19-Apr-12,19-Apr-12,ARV,Adult,SCMS from RDC,"Abacavir 300mg, tablets, 60 Tabs",Abacavir,Generic,300mg,Tablet,60.0,10440.0,152737.2,14.63,0.24,Mylan (formerly Matrix) Nashik,No,See DN-2601 (ID#:84156),See DN-2601 (ID#:84156),252.02,,,,,,,,,,,,,,,,,,,,,,,,,,
20723,,,,,South Africa,,,,,,1/26/2015,,,,,,PHARMACY DIRECT,,Didanosine,Generic,400mg,,,,,,,,,,,,116-ZA-T30,SCMS-259072,ASN-30377,PMO - US,Direct Drop,DDP,Truck,9/11/2014,26-Jan-15,26-Jan-15,26-Jan-15,ARV,Adult,"Didanosine 400mg, delayed-release capsules, 30 Caps",Delayed-release capsules,30.0,7.0,99.53,14.22,0.47,"Aurobindo Unit III, India",No,Weight Captured Separately,Freight Included in Commodity Cost,0.1,FPQ-14942
86212,104-CI-T30,FPQ-15259,SO-50103,DN-4326,Côte d'Ivoire,PMO - US,From RDC,N/A - From RDC,Truck,10/24/14,N/A - From RDC,14-Aug-15,20-Aug-15,25-Aug-15,ARV,Adult,SCMS from RDC,"Efavirenz 600mg, tablets, 30 Tabs",Efavirenz,Generic,600mg,Tablet,30.0,9800.0,31262.0,3.19,0.11,"Strides, Bangalore, India.",Yes,622,4958,36.8,,,,,,,,,,,,,,,,,,,,,,,,,,
76318,,FPQ-12539,,,Vietnam,,,,,,7/25/2013,,,,,,MICRO LABS LIMITED,,Lamivudine,Generic,150mg,,,,,,,,,,,,108-VN-T30,SCMS-199770,ASN-22687,PMO - US,Direct Drop,EXW,Air,7/11/2013,13-Dec-13,13-Dec-13,13-Dec-13,ARV,Adult,"Lamivudine 150mg, tablets, 60 Tabs",Tablet,60.0,6493.0,11492.61,1.77,0.03,"Micro labs, Verna, Goa, India",Yes,301,1457.92,14.22,
85248,113-ZW-T30,FPQ-8464,SO-40850,DN-2605,Zimbabwe,PMO - US,From RDC,N/A - From RDC,Truck,10/4/11,N/A - From RDC,13-Apr-12,10-Apr-12,10-Apr-12,ARV,Adult,SCMS from RDC,"Lamivudine/Stavudine 150/30mg, tablets, 60 Tabs",Lamivudine/Stavudine,Generic,150/30mg,Tablet - FDC,60.0,7150.0,21092.5,2.95,0.05,"Strides, Bangalore, India.",No,See DN-2605 (ID#:82467),See DN-2605 (ID#:82467),34.8,,,,,,,,,,,,,,,,,,,,,,,,,,
83983,,,,,Haiti,,,,,,N/A - From RDC,,,,,,SCMS from RDC,,Nevirapine,Generic,200mg,,,,,,,,,,,,106-HT-T30,SO-34690,DN-1673,PMO - US,From RDC,N/A - From RDC,Air,10/23/2009,15-Mar-10,15-Mar-10,15-Mar-10,ARV,Adult,"Nevirapine 200mg, tablets, 60 Tabs",Tablet,60.0,11500.0,31395.0,2.73,0.05,Hetero Unit III Hyderabad IN,Yes,1870,13122.39,67.69,FPQ-4384
46669,,FPQ-8117,,,Nigeria,,,,,,8/12/2011,,,,,,"CHEMBIO DIAGNOSTIC SYSTEMS, INC.",,"HIV 1/2, Stat-Pak HIV, Kit",Stat-Pak,,,,,,,,,,,,,133-NG-T30,SCMS-118180,ASN-12397,PMO - US,Direct Drop,EXW,Air,7/28/2011,19-Oct-11,19-Oct-11,19-Oct-11,HRDT,HIV test,"HIV 1/2, Stat-Pak HIV, Kit, 20 Tests",Test kit,20.0,1850.0,53650.0,29.0,1.45,Chembio Diagnostics Sys. Inc.,Yes,592,2951.78,88.52,
10684,106-HT-T01,Pre-PQ Process,SO-2053,DN-744,Haiti,PMO - US,From RDC,N/A - From RDC,Air,Pre-PQ Process,N/A - From RDC,2-Jun-08,2-Jun-08,2-Jun-08,ARV,Adult,SCMS from RDC,"Stavudine 30mg, capsules, 60 Caps",Stavudine,Generic,30mg,Capsule,60.0,4725.0,7182.0,1.52,0.03,"Aurobindo Unit III, India",Yes,1154,12508.65,11.49,,,,,,,,,,,,,,,,,,,,,,,,,,
82676,104-CI-T30,FPQ-10633,SO-43370,DN-3706,Côte d'Ivoire,PMO - US,From RDC,N/A - From RDC,Truck,9/11/12,N/A - From RDC,30-Jun-14,4-Jun-14,10-Jul-14,ARV,Adult,SCMS from RDC,"Efavirenz 600mg, tablets, 30 Tabs",Efavirenz,Generic,600mg,Tablet,30.0,25000.0,83250.0,3.33,0.11,"Hetero, Jadcherla, unit 5, IN",Yes,3591,21593.88,116.72,,,,,,,,,,,,,,,,,,,,,,,,,,
86676,111-MZ-T30,FPQ-12416,SO-48180,DN-3644,Mozambique,PMO - US,From RDC,N/A - From RDC,Truck,6/28/13,N/A - From RDC,2-Jun-14,3-Jun-14,11-Jun-14,ARV,Adult,SCMS from RDC,"Abacavir 300mg, tablets, 60 Tabs",Abacavir,Generic,300mg,Tablet,60.0,405.0,4548.15,11.23,0.19,Mylan (formerly Matrix) Nashik,Yes,39,3590,5.63,,,,,,,,,,,,,,,,,,,,,,,,,,
7607,108-VN-T01,Pre-PQ Process,SCMS-37160,ASN-3561,Vietnam,PMO - US,Direct Drop,EXW,Air,Pre-PQ Process,1/16/09,7-Apr-09,7-Apr-09,7-Apr-09,ARV,Adult,Aurobindo Pharma Limited,"Lamivudine/Zidovudine 150/300mg, tablets, 60 Tabs",Lamivudine/Zidovudine,Generic,150/300mg,Tablet - FDC,60.0,4032.0,34715.52,8.61,0.14,"Aurobindo Unit III, India",No,See ASN-3561 (ID#:2297),See ASN-3561 (ID#:2297),68.04,,,,,,,,,,,,,,,,,,,,,,,,,,
86140,,FPQ-13628,,,Côte d'Ivoire,,,,,,N/A - From RDC,,,,,,SCMS from RDC,,Lopinavir/Ritonavir,Generic,200/50mg,,,,,,,,,,,,104-CI-T30,SO-47911,DN-3965,PMO - US,From RDC,N/A - From RDC,Truck,1/29/2014,31-Oct-14,17-Oct-14,7-Nov-14,ARV,Adult,"Lopinavir/Ritonavir 200/50mg, tablets, 120 Tabs",Tablet,120.0,21497.0,422631.02,19.66,0.16,Mylan (formerly Matrix) Nashik,Yes,21,22007.39,434.46,
51134,,,,,Côte d'Ivoire,,,,,,8/6/2013,,,,,,"Orgenics, Ltd",,"HIV 1/2, Determine Complete HIV Kit",Determine,,,,,,,,,,,,,104-CI-T30,SCMS-201220,ASN-22164,PMO - US,Direct Drop,EXW,Air,7/19/2013,7-Nov-13,7-Nov-13,13-Nov-13,HRDT,HIV test,"HIV 1/2, Determine Complete HIV Kit, 100 Tests",Test kit,100.0,1800.0,144000.0,80.0,0.8,"Alere Medical Co., Ltd.",Yes,730,10351.26,178.13,FPQ-12688
83092,,,,,Zambia,,,,,,N/A - From RDC,,,,,,SCMS from RDC,,Lamivudine,Generic,150mg,,,,,,,,,,,,110-ZM-T30,SO-43151,DN-2931,PMO - US,From RDC,N/A - From RDC,Truck,8/21/2012,26-Dec-12,17-Dec-12,17-Dec-12,ARV,Adult,"Lamivudine 150mg, tablets, 60 Tabs",Tablet,60.0,15393.0,33248.88,2.16,0.04,Hetero Unit III Hyderabad IN,Yes,768,5213.54,46.61,FPQ-10530
85433,,,,,Nigeria,,,,,,N/A - From RDC,,,,,,SCMS from RDC,,Efavirenz/Lamivudine/Tenofovir Disoproxil Fumarate,Generic,600/300/300mg,,,,,,,,,,,,151-NG-T30,SO-45663,DN-3494,PMO - US,From RDC,N/A - From RDC,Air Charter,5/6/2013,17-Jan-14,10-Jan-14,15-Jan-14,ARV,Adult,"Efavirenz/Lamivudine/Tenofovir Disoproxil Fumarate 600/300/300mg, tablets, 30 Tabs",Tablet - FDC,30.0,249986.0,2787343.9,11.15,0.37,Mylan (formerly Matrix) Nashik,No,See DN-3494 (ID#:84883),See DN-3494 (ID#:84883),3447.94,FPQ-12248
18633,102-SD-T30,FPQ-6171,SCMS-81710,ASN-8632,Sudan,PMO - US,Direct Drop,EXW,Air,8/5/10,8/23/10,29-Nov-10,29-Nov-10,29-Nov-10,HRDT,HIV test,"Trinity Biotech, Plc","HIV 1/2, Uni-Gold HIV Kit, 20 Tests","HIV 1/2, Uni-Gold HIV Kit",Uni-Gold,,Test kit,20.0,50.0,1600.0,32.0,1.6,"Trinity Biotech, Plc",Yes,17,1117.79,3.45,,,,,,,,,,,,,,,,,,,,,,,,,,
83972,,,,,Haiti,,,,,,N/A - From RDC,,,,,,SCMS from RDC,,Efavirenz,Generic,600mg,,,,,,,,,,,,106-HT-T30,SO-35170,DN-1605,PMO - US,From RDC,N/A - From RDC,Air,9/23/2009,11-Jan-10,8-Jan-10,8-Jan-10,ARV,Adult,"Efavirenz 600mg, tablets, 30 Tabs",Tablet,30.0,13577.0,78475.06,5.78,0.19,"Aurobindo Unit III, India",No,See DN-1605 (ID#:82284),See DN-1605 (ID#:82284),169.19,FPQ-4469
82385,,,,,Guyana,,,,,,N/A - From RDC,,,,,,SCMS from RDC,,Zidovudine,Generic,100mg,,,,,,,,,,,,105-GY-T30,SO-39720,DN-2231,PMO - US,From RDC,N/A - From RDC,Air,5/4/2011,27-Oct-11,15-Jun-11,15-Jun-11,ARV,Pediatric,"Zidovudine 100mg, capsules, 100 Caps",Capsule,100.0,1043.0,4964.68,4.76,0.05,"Aurobindo Unit III, India",Yes,332,4398.32,8.19,FPQ-7621
37379,,FPQ-12682,,,Haiti,,,,,,10/8/2013,,,,,,CIPLA LIMITED,,Abacavir,Generic,60mg,,,,,,,,,,,,106-HT-T30,SCMS-209700,ASN-24413,PMO - US,Direct Drop,EXW,Air,8/23/2013,25-Mar-14,25-Mar-14,26-Mar-14,ARV,Pediatric,"Abacavir 60mg, dispersible tablets, 60 Tabs",Chewable/dispersible tablet,60.0,741.0,3705.0,5.0,0.08,"Cipla, Patalganga, India",Yes,66,1572.92,4.58,
85449,,,,,Mozambique,,,,,,N/A - From RDC,,,,,,SCMS from RDC,,Lamivudine/Nevirapine/Zidovudine,Generic,150/300/200mg,,,,,,,,,,,,111-MZ-T30,SO-47083,DN-3580,PMO - US,From RDC,N/A - From RDC,Truck,10/21/2013,15-Apr-14,14-Apr-14,17-Apr-14,ARV,Adult,"Lamivudine/Nevirapine/Zidovudine 150/200/300mg, tablets, 60 Tabs",Tablet - FDC,60.0,95.0,784.7,8.26,0.14,Mylan (formerly Matrix) Nashik,No,See DN-3580 (ID#:83772),See DN-3580 (ID#:83772),0.81,FPQ-13123
11858,,,,,Nigeria,,,,,,N/A - From RDC,,,,,,SCMS from RDC,,Tenofovir Disoproxil Fumarate,Viread,300mg,,,,,,,,,,,,112-NG-T01,SO-2351,DN-717,PMO - US,From RDC,N/A - From RDC,Air,Pre-PQ Process,18-Apr-08,18-Apr-08,18-Apr-08,ARV,Adult,"Tenofovir Disoproxil Fumarate 300mg [Viread], tablets, 30 Tabs",Tablet,30.0,109.0,1853.0,17.0,0.57,Gilead(Nycomed) Oranienburg DE,Yes,422,2812.3,2.96,Pre-PQ Process
83039,,FPQ-9875,,,Uganda,,,,,,N/A - From RDC,,,,,,SCMS from RDC,,Lamivudine/Zidovudine,Generic,150/300mg,,,,,,,,,,,,114-UG-T30,SO-42080,DN-2677,PMO - US,From RDC,N/A - From RDC,Truck,5/9/2012,17-Aug-12,8-Jun-12,8-Jun-12,ARV,Adult,"Lamivudine/Zidovudine 150/300mg, tablets, 60 Tabs",Tablet - FDC,60.0,17827.0,138694.06,7.78,0.13,Hetero Unit III Hyderabad IN,Yes,2939,17665.42,194.45,
6625,,Pre-PQ Process,,,Vietnam,,,,,,12/2/2006,,,,,,"GILEAD SCIENCES IRELAND, INC.",,Tenofovir Disoproxil Fumarate,Viread,300mg,,,,,,,,,,,,108-VN-T01,SCMS-166,ASN-261,PMO - US,Direct Drop,EXW,Air,Pre-PQ Process,16-Mar-07,16-Mar-07,16-Mar-07,ARV,Adult,"Tenofovir Disoproxil Fumarate 300mg [Viread], tablets, 30 Tabs",Tablet,30.0,1900.0,32300.0,17.0,0.57,Gilead(Nycomed) Oranienburg DE,Yes,116,14571.5,,
12923,100-GH-T01,Pre-PQ Process,SO-33650,DN-1473,Ghana,PMO - US,From RDC,N/A - From RDC,Truck,Date Not Captured,N/A - From RDC,30-Sep-09,12-Aug-09,12-Aug-09,ARV,Pediatric,SCMS from RDC,"Lopinavir/Ritonavir 80/20mg/ml [Kaletra], oral solution, cool, Bottle 5 x 60 ml",Lopinavir/Ritonavir,Kaletra,80/20mg/ml,Oral solution,300.0,896.0,8.96,0.01,0.0,ABBVIE (Abbott) Logis. UK,No,See DN-1473 (ID#:11358),See DN-1473 (ID#:11358),0.02,,,,,,,,,,,,,,,,,,,,,,,,,,
86472,,,,,Zimbabwe,,,,,,N/A - From RDC,,,,,,SCMS from RDC,,Lamivudine/Nevirapine/Stavudine,Generic,150/200/30mg,,,,,,,,,,,,113-ZW-T30,SO-40870,DN-2656,PMO - US,From RDC,N/A - From RDC,Truck,10/4/2011,12-Jun-12,25-May-12,25-May-12,ARV,Adult,"Lamivudine/Nevirapine/Stavudine 150/200/30mg, tablets, 60 Tabs",Tablet - FDC,60.0,71030.0,333841.0,4.7,0.08,"Strides, Bangalore, India.",No,See DN-2656 (ID#:83032),See DN-2656 (ID#:83032),550.84,FPQ-8464
85578,,,,,"Congo, DRC",,,,,,N/A - From RDC,,,,,,SCMS from RDC,,Efavirenz,Generic,200mg,,,,,,,,,,,,101-CD-T30,SO-50890,DN-4197,PMO - US,From RDC,N/A - From RDC,Air,1/26/2015,1-Jul-15,13-Jul-15,13-Jul-15,ARV,Pediatric,"Efavirenz 200mg, scored tablets, 90 Tabs",Tablet,90.0,300.0,2790.0,9.3,0.1,"Strides, Bangalore, India.",Yes,266,4147.79,3.28,FPQ-15787
139,,,,,Tanzania,,,,,,Date Not Captured,,,,,,"Standard Diagnostics, Inc.",,"HIV 1/2, Bioline 3.0 Kit, Lancets, Capillary pipets, Alcohol swabs included",Bioline,,,,,,,,,,,,,109-TZ-T01,SCMS-10290,ASN-788,PMO - US,Direct Drop,EXW,Air,Pre-PQ Process,22-Nov-07,22-Nov-07,22-Nov-07,HRDT,HIV test,"HIV 1/2, Bioline 3.0 Kit, Lancets, Capillary pipets, Alcohol swabs included, 25 Tests",Test kit,25.0,10000.0,200000.0,20.0,0.8,"Standard Diagnostics, Korea",Yes,3335,28461.1,320.0,Pre-PQ Process
6642,,Pre-PQ Process,,,Zambia,,,,,,12/5/2006,,,,,,INTERNATIONAL HEALTHCARE DISTRIBUTORS,,Lopinavir/Ritonavir,Kaletra,80/20mg/ml,,,,,,,,,,,,110-ZM-T01,SCMS-223,ASN-283,PMO - US,Direct Drop,CIP,Air,Pre-PQ Process,8-Mar-07,8-Mar-07,8-Mar-07,ARV,Pediatric,"Lopinavir/Ritonavir 80/20mg/ml [Kaletra], oral solution, cool, Bottle 5 x 60 ml",Oral solution,300.0,70.0,2877.0,41.1,0.14,ABBVIE (Abbott) Logis. UK,Yes,58,Freight Included in Commodity Cost,,
84581,,,,,Haiti,,,,,,N/A - From RDC,,,,,,SCMS from RDC,,Lamivudine,Generic,10mg/ml,,,,,,,,,,,,106-HT-T30,SO-36760,DN-1964,PMO - US,From RDC,N/A - From RDC,Air,4/19/2010,10-Aug-10,23-Aug-10,23-Aug-10,ARV,Pediatric,"Lamivudine 10mg/ml, oral solution, Bottle, 240 ml",Oral solution,240.0,3840.0,7411.2,1.93,0.01,"Cipla, Goa, India",No,See DN-1964 (ID#:82908),See DN-1964 (ID#:82908),15.98,FPQ-5523
29968,107-RW-T30,FPQ-6417,SCMS-86430,ASN-8406,Rwanda,PMO - US,Direct Drop,EXW,Air,9/20/10,9/21/10,20-Oct-10,20-Oct-10,20-Oct-10,HRDT,HIV test,"Standard Diagnostics, Inc.","HIV 1/2, Bioline 3.0 Kit, (no accessories), 30 Tests","HIV 1/2, Bioline 3.0 Kit (no accessories)",Bioline,,Test kit,30.0,1700.0,40800.0,24.0,0.8,"Standard Diagnostics, Korea",Yes,604,8823.41,87.96,,,,,,,,,,,,,,,,,,,,,,,,,,
83477,114-UG-T30,FPQ-6427,SO-37530,DN-2079,Uganda,PMO - US,From RDC,N/A - From RDC,Truck,9/29/10,N/A - From RDC,31-Dec-10,23-Dec-10,23-Dec-10,ARV,Adult,SCMS from RDC,"Lamivudine/Nevirapine/Zidovudine 150/200/300mg, tablets, 60 Tabs",Lamivudine/Nevirapine/Zidovudine,Generic,150/300/200mg,Tablet - FDC,60.0,125000.0,1402500.0,11.22,0.19,"Aurobindo Unit III, India",Yes,16790,103428,3023.79,,,,,,,,,,,,,,,,,,,,,,,,,,
45178,,,,,South Sudan,,,,,,8/5/2013,,,,,,"Orgenics, Ltd",,"HIV 1/2, Determine Complete HIV Kit",Determine,,,,,,,,,,,,,105-SS-T30,SCMS-200910,ASN-22040,PMO - US,Direct Drop,EXW,Air,7/18/2013,8-Nov-13,8-Nov-13,11-Nov-13,HRDT,HIV test,"HIV 1/2, Determine Complete HIV Kit, 100 Tests",Test kit,100.0,450.0,40050.0,89.0,0.89,"Alere Medical Co., Ltd.",Yes,188,2997.85,49.54,FPQ-12623
85893,,,,,Côte d'Ivoire,,,,,,N/A - From RDC,,,,,,SCMS from RDC,,Lamivudine/Zidovudine,Generic,150/300mg,,,,,,,,,,,,104-CI-T30,SO-41360,DN-2816,PMO - US,From RDC,N/A - From RDC,Truck,12/21/2011,2-Oct-12,27-Aug-12,27-Aug-12,ARV,Adult,"Lamivudine/Zidovudine 150/300mg, tablets, 60 Tabs",Tablet - FDC,60.0,58380.0,450693.6,7.72,0.13,Mylan (formerly Matrix) Nashik,No,See DN-2816 (ID#:84747),See DN-2816 (ID#:84747),631.87,FPQ-9063
21378,,FPQ-12777,,,Uganda,,,,,,8/9/2013,,,,,,Aurobindo Pharma Limited,,Nevirapine,Generic,10mg/ml,,,,,,,,,,,,114-UG-T30,SCMS-202560,ASN-22985,PMO - US,Direct Drop,EXW,Air,8/5/2013,10-Dec-13,12-Dec-13,13-Dec-13,ARV,Pediatric,"Nevirapine 10mg/ml, oral suspension w/syringe, Bottle, 100 ml",Oral suspension,100.0,10368.0,13478.4,1.3,0.01,"Aurobindo Unit III, India",Yes,Weight Captured Separately,Invoiced Separately,16.67,
32405,,,,,South Africa,,,,,,3/28/2011,,,,,,CIPLA LIMITED,,Tenofovir Disoproxil Fumarate,Generic,300mg,,,,,,,,,,,,161-ZA-T30,SCMS-103850,ASN-10872,PMO - US,Direct Drop,DDP,Ocean,3/10/2011,14-Jul-11,14-Jul-11,14-Jul-11,ARV,Adult,"Tenofovir Disoproxil Fumarate 300mg, tablets, 30 Tabs",Tablet,30.0,113000.0,731110.0,6.47,0.22,"Cipla, Goa, India",Yes,7569,11986.59,1206.33,FPQ-7175
70577,,FPQ-6384,,,Vietnam,,,,,,10/15/2010,,,,,,STRIDES ARCOLAB LIMITED,,Lamivudine,Generic,150mg,,,,,,,,,,,,108-VN-T30,SCMS-87740,ASN-9153,PMO - US,Direct Drop,EXW,Air,9/30/2010,23-Dec-10,23-Dec-10,23-Dec-10,ARV,Adult,"Lamivudine 150mg, tablets, 60 Tabs",Tablet,60.0,29847.0,70140.45,2.35,0.04,"Strides, Bangalore, India.",Yes,1403,6475.64,151.22,
86465,,,,,Zimbabwe,,,,,,N/A - From RDC,,,,,,SCMS from RDC,,Lamivudine/Nevirapine/Zidovudine,Generic,150/300/200mg,,,,,,,,,,,,113-ZW-T30,SO-40850,DN-2605,PMO - US,From RDC,N/A - From RDC,Truck,10/4/2011,13-Apr-12,10-Apr-12,10-Apr-12,ARV,Adult,"Lamivudine/Nevirapine/Zidovudine 150/200/300mg, tablets, 60 Tabs",Tablet - FDC,60.0,11574.0,127314.0,11.0,0.18,"Aurobindo Unit III, India",No,See DN-2605 (ID#:82467),See DN-2605 (ID#:82467),210.07,FPQ-8464
34551,,FPQ-12812,,,Nigeria,,,,,,11/1/2013,,,,,,"Orgenics, Ltd",,"HIV 1/2, Determine Complete HIV Kit",Determine,,,,,,,,,,,,,133-NG-T30,SCMS-210350,ASN-22877,PMO - US,Direct Drop,EXW,Air,8/13/2013,23-Dec-13,23-Dec-13,10-Jan-14,HRDT,HIV test,"HIV 1/2, Determine Complete HIV Kit, 100 Tests",Test kit,100.0,9335.0,830815.0,89.0,0.89,"Alere Medical Co., Ltd.",Yes,3788,61035.9,1027.72,
63466,,,,,South Africa,,,,,,10/15/2009,,,,,,S. BUYS WHOLESALER,,Nevirapine,Generic,200mg,,,,,,,,,,,,116-ZA-T30,SCMS-54980,ASN-5372,PMO - US,Direct Drop,DDP,Truck,10/8/2009,21-Oct-09,21-Oct-09,21-Oct-09,ARV,Adult,"Nevirapine 200mg, tablets, 60 Tabs",Tablet,60.0,300.0,6758.47,22.53,0.38,"Cipla, Goa, India",No,Weight Captured Separately,Freight Included in Commodity Cost,13.25,FPQ-4359
12829,,Pre-PQ Process,,,Zambia,,,,,,N/A - From RDC,,,,,,SCMS from RDC,,Lamivudine/Zidovudine,Generic,150/300mg,,,,,,,,,,,,110-ZM-T01,SO-2486,DN-912,PMO - US,From RDC,N/A - From RDC,Truck,Pre-PQ Process,23-Sep-08,23-Sep-08,23-Sep-08,ARV,Adult,"Lamivudine/Zidovudine 150/300mg, tablets, 60 Tabs",Tablet - FDC,60.0,50000.0,472500.0,9.45,0.16,"Aurobindo Unit III, India",No,See DN-912 (ID#:11577),See DN-912 (ID#:11577),756.0,
7729,,,,,South Africa,,,,,,Date Not Captured,,,,,,S. BUYS WHOLESALER,,Efavirenz,Generic,50mg,,,,,,,,,,,,116-ZA-T01,SCMS-41090,ASN-3626,PMO - US,Direct Drop,DDP,Air,Pre-PQ Process,9-Jun-09,27-Jan-09,27-Jan-09,ARV,Pediatric,"Efavirenz 50mg, capsule, 30 Caps",Capsule,30.0,2996.0,9197.72,3.07,0.1,"Aurobindo Unit III, India",Yes,Weight Captured Separately,Freight Included in Commodity Cost,18.03,Pre-PQ Process
10624,,Pre-PQ Process,,,Nigeria,,,,,,N/A - From RDC,,,,,,SCMS from RDC,,Lamivudine/Nevirapine/Stavudine,Generic,150/200/30mg,,,,,,,,,,,,112-NG-T01,SO-565,DN-373,PMO - US,From RDC,N/A - From RDC,Air,Pre-PQ Process,20-Sep-07,20-Sep-07,20-Sep-07,ARV,Adult,"Lamivudine/Nevirapine/Stavudine 150/200/30mg, tablets, 60 Tabs",Tablet - FDC,60.0,222.0,1665.0,7.5,0.12,"Cipla, Goa, India",No,See DN-373 (ID#:10623),See DN-373 (ID#:10623),2.66,
85555,,,,,Zimbabwe,,,,,,N/A - From RDC,,,,,,SCMS from RDC,,Abacavir/Lamivudine,Generic,600/300mg,,,,,,,,,,,,102-ZW-T30,SO-48490,DN-4113,PMO - US,From RDC,N/A - From RDC,Truck,4/1/2014,16-Feb-15,4-Feb-15,16-Feb-15,ARV,Adult,"Abacavir/Lamivudine 600/300mg, tablets, 30 Tabs",Tablet - FDC,30.0,19913.0,268626.37,13.49,0.45,"Cipla, Patalganga, India",Yes,1828,1955.17,276.15,FPQ-13991
16693,102-KE-T30,FPQ-7056,SCMS-98350,ASN-10471,Kenya,PMO - US,Direct Drop,FCA,Air,1/19/11,2/3/11,17-May-11,17-May-11,17-May-11,HRDT,HIV test,"Orgenics, Ltd","HIV 1/2, Determine Complete HIV Kit, 100 Tests","HIV 1/2, Determine Complete HIV Kit",Determine,,Test kit,100.0,12315.0,1096035.0,89.0,0.89,Inverness Japan,Yes,3637,38452.73,1808.46,,,,,,,,,,,,,,,,,,,,,,,,,,
85373,110-ZM-T30,FPQ-10728,SO-43461,DN-3210,Zambia,PMO - US,From RDC,N/A - From RDC,Truck,10/5/12,N/A - From RDC,5-Nov-13,5-Nov-13,12-Nov-13,ARV,Adult,SCMS from RDC,"Lamivudine/Zidovudine 150/300mg, tablets, 60 Tabs",Lamivudine/Zidovudine,Generic,150/300mg,Tablet - FDC,60.0,107832.0,754824.0,7.0,0.12,"Cipla, Goa, India",Yes,8744,12651.44,1058.26,,,,,,,,,,,,,,,,,,,,,,,,,,
61852,,,,,Guyana,,,,,,7/17/2015,,,,,,"Orgenics, Ltd",,"HIV 1/2, Determine Complete HIV Kit",Determine,,,,,,,,,,,,,105-GY-T30,SCMS-293570,ASN-33568,PMO - US,Direct Drop,EXW,Air,6/24/2015,28-Aug-15,28-Aug-15,28-Aug-15,HRDT,HIV test,"HIV 1/2, Determine Complete HIV Kit, 100 Tests",Test kit,100.0,305.0,30500.0,100.0,1.0,"Alere Medical Co., Ltd.",Yes,Weight Captured Separately,Invoiced Separately,35.9,FPQ-16480
39223,,FPQ-10018,,,Kenya,,,,,,6/14/2012,,,,,,"Orgenics, Ltd",,"HIV 1/2, Determine Complete HIV Kit",Determine,,,,,,,,,,,,,103-KE-T30,SCMS-149610,ASN-15669,PMO - US,Direct Drop,EXW,Air,6/5/2012,9-Jul-12,28-Jul-12,28-Jul-12,HRDT,HIV test,"HIV 1/2, Determine Complete HIV Kit, 100 Tests",Test kit,100.0,4440.0,395160.0,89.0,0.89,"Alere Medical Co., Ltd.",Yes,1445,10719.64,554.01,
5364,,,,,Côte d'Ivoire,,,,,,5/9/2007,,,,,,BRISTOL-MYERS SQUIBB,,Didanosine,Videx,50mg,,,,,,,,,,,,104-CI-T01,SCMS-10070,ASN-640,PMO - US,Direct Drop,CIP,Air,Pre-PQ Process,24-Aug-07,24-Aug-07,24-Aug-07,ARV,Pediatric,"Didanosine 50mg [Videx], chewable tablets, 60 Tabs",Chewable/dispersible tablet,60.0,1577.0,14981.5,9.5,0.16,"BMS Meymac, France",Yes,309,Freight Included in Commodity Cost,23.97,Pre-PQ Process
58555,108-VN-T30,FPQ-7898,SCMS-113610,ASN-13012,Vietnam,PMO - US,Direct Drop,EXW,Air,6/27/11,7/8/11,20-Dec-11,20-Dec-11,20-Dec-11,ARV,Adult,STRIDES ARCOLAB LIMITED,"Lamivudine 150mg, tablets, 60 Tabs",Lamivudine,Generic,150mg,Tablet,60.0,16645.0,39115.75,2.35,0.04,"Strides, Bangalore, India.",Yes,742,5440.01,64.54,,,,,,,,,,,,,,,,,,,,,,,,,,
12243,123-NG-T01,Pre-PQ Process,SO-22590,DN-1065,Nigeria,PMO - US,From RDC,N/A - From RDC,Air,Pre-PQ Process,N/A - From RDC,3-Feb-09,3-Feb-09,3-Feb-09,ARV,Adult,SCMS from RDC,"Efavirenz 600mg, tablets, 30 Tabs",Efavirenz,Generic,600mg,Tablet,30.0,11527.0,135096.44,11.72,0.39,"Aurobindo Unit III, India",Yes,983,Freight Included in Commodity Cost,264.79,,,,,,,,,,,,,,,,,,,,,,,,,,
14988,102-SS-T30,FPQ-9038,SCMS-137200,ASN-14984,South Sudan,PMO - US,Direct Drop,EXW,Air,1/17/12,4/5/12,15-Jun-12,15-Jun-12,15-Jun-12,HRDT,HIV test,"Orgenics, Ltd","HIV 1/2, Determine Complete HIV Kit, 100 Tests","HIV 1/2, Determine Complete HIV Kit",Determine,,Test kit,100.0,337.0,29993.0,89.0,0.89,"Alere Medical Co., Ltd.",Yes,181,4978.09,42.05,,,,,,,,,,,,,,,,,,,,,,,,,,
32543,,,,,South Africa,,,,,,9/30/2011,,,,,,Aurobindo Pharma Limited,,Efavirenz,Generic,600mg,,,,,,,,,,,,161-ZA-T30,SCMS-123580,ASN-12824,PMO - US,Direct Drop,DDP,Ocean,3/10/2011,22-Dec-11,22-Dec-11,22-Dec-11,ARV,Adult,"Efavirenz 600mg, tablets, 30 Tabs",Tablet,30.0,128887.0,549058.62,4.26,0.14,"Aurobindo Unit III, India",Yes,10956,16429.12,905.95,FPQ-7175
84603,,FPQ-6221,,,Zambia,,,,,,N/A - From RDC,,,,,,SCMS from RDC,,Lamivudine/Nevirapine/Stavudine,Generic,150/200/30mg,,,,,,,,,,,,110-ZM-T30,SO-37320,DN-2054,PMO - US,From RDC,N/A - From RDC,Truck,8/20/2010,31-Dec-10,25-Nov-10,25-Nov-10,ARV,Adult,"Lamivudine/Nevirapine/Stavudine 150/200/30mg, tablets, 60 Tabs",Tablet - FDC,60.0,3653.0,19835.79,5.43,0.09,"Cipla, Goa, India",No,See DN-2054 (ID#:83465),See DN-2054 (ID#:83465),42.77,
1971,102-GY-T01,Pre-PQ Process,SCMS-27680,ASN-2910,Guyana,PMO - US,Direct Drop,EXW,Air,Pre-PQ Process,7/28/08,15-Dec-08,15-Dec-08,15-Dec-08,MRDT,Malaria,ZEPHYR BIOMEDICALS,"Malaria Paramax-3 Kit, 25 Tests",Malaria Paramax-3 Kit,Paramax,,Test kit,25.0,108.0,4050.0,37.5,1.5,Not Applicable,Yes,34,648.27,7.94,,,,,,,,,,,,,,,,,,,,,,,,,,
84445,,FPQ-15638,,,Uganda,,,,,,N/A - From RDC,,,,,,SCMS from RDC,,Nevirapine,Generic,200mg,,,,,,,,,,,,114-UG-T30,SO-50630,DN-4109,PMO - US,From RDC,N/A - From RDC,Air,12/22/2014,17-Feb-15,9-Feb-15,17-Feb-15,ARV,Adult,"Nevirapine 200mg, tablets, 60 Tabs",Tablet,60.0,74896.0,163273.28,2.18,0.04,"Aurobindo Unit III, India",Yes,7183,41735,192.17,
84362,,,,,Côte d'Ivoire,,,,,,N/A - From RDC,,,,,,SCMS from RDC,,Abacavir/Lamivudine,Generic,600/300mg,,,,,,,,,,,,104-CI-T30,SO-47130,DN-3655,PMO - US,From RDC,N/A - From RDC,Truck,10/22/2013,21-Apr-14,1-May-14,11-Jun-14,ARV,Adult,"Abacavir/Lamivudine 600/300mg, scored tablets, 30 Tabs",Tablet - FDC,30.0,489.0,6611.28,13.52,0.45,Mylan (formerly Matrix) Nashik,No,See DN-3655 (ID#:83237),See DN-3655 (ID#:83237),6.8,FPQ-13142
14437,,FPQ-14942,,,South Africa,,,,,,7/14/2015,,,,,,PHARMACY DIRECT,,Lopinavir/Ritonavir,Kaletra,80/20mg/ml,,,,,,,,,,,,116-ZA-T30,SCMS-259085,ASN-33333,PMO - US,Direct Drop,DDP,Truck,9/11/2014,14-Jul-15,14-Jul-15,14-Jul-15,ARV,Pediatric,"Lopinavir/Ritonavir 80/20mg/ml [Kaletra], oral solution, cool, Bottle 5 x 60 ml",Oral solution,300.0,3.0,51.42,17.14,0.06,ABBVIE (Abbott) Logis. UK,Yes,Weight Captured Separately,Freight Included in Commodity Cost,0.05,
84096,100-BJ-T30,FPQ-7658,SO-39800,DN-2252,Benin,PMO - US,From RDC,N/A - From RDC,Air,5/15/11,N/A - From RDC,13-Jun-11,5-Jul-11,5-Jul-11,ARV,Adult,SCMS from RDC,"Lamivudine/Stavudine 150/30mg, tablets, 60 Tabs",Lamivudine/Stavudine,Generic,150/30mg,Tablet - FDC,60.0,8800.0,28160.0,3.2,0.05,"Cipla, Goa, India",No,See DN-2252 (ID#:84095),See DN-2252 (ID#:84095),46.46,,,,,,,,,,,,,,,,,,,,,,,,,,
32471,,FPQ-3782,,,Tanzania,,,,,,6/29/2009,,,,,,BRISTOL-MYERS SQUIBB,,Didanosine EC,Videx EC,400mg,,,,,,,,,,,,109-TZ-T30,SCMS-47770,ASN-5364,PMO - US,Direct Drop,CIP,Air,6/11/2009,27-Nov-09,27-Nov-09,27-Nov-09,ARV,Adult,"Didanosine EC 400mg [Videx EC], delayed-release capsules, Blister 3 x 10 Caps",Delayed-release capsules - blister,30.0,15619.0,369701.73,23.67,0.79,"BMS Meymac, France",No,See ASN-5364 (ID#:16097),See ASN-5364 (ID#:16097),724.62,
83580,114-UG-T30,FPQ-8522,SO-40931,DN-2607,Uganda,PMO - US,From RDC,N/A - From RDC,Truck,10/5/11,N/A - From RDC,16-May-12,27-Mar-12,27-Mar-12,ARV,Adult,SCMS from RDC,"Lamivudine/Nevirapine/Zidovudine 150/200/300mg, tablets, 60 Tabs",Lamivudine/Nevirapine/Zidovudine,Generic,150/300/200mg,Tablet - FDC,60.0,71568.0,787248.0,11.0,0.18,"Strides, Bangalore, India.",Yes,11441,55175.61,1298.96,,,,,,,,,,,,,,,,,,,,,,,,,,
11139,,,,,Tanzania,,,,,,N/A - From RDC,,,,,,SCMS from RDC,,Ritonavir,Norvir,100mg,,,,,,,,,,,,109-TZ-T01,SO-496,DN-247,PMO - US,From RDC,N/A - From RDC,Air,Pre-PQ Process,30-Jul-07,30-Jul-07,30-Jul-07,ARV,Adult,"Ritonavir 100mg [Norvir], capsules, cool, 4 x 84 Caps",Capsule,336.0,157.0,6022.52,38.36,0.11,ABBVIE (Abbott) Logis. UK,Yes,547,2094,9.64,Pre-PQ Process
86054,,FPQ-12497,,,Zambia,,,,,,N/A - From RDC,,,,,,SCMS from RDC,,Lamivudine,Generic,150mg,,,,,,,,,,,,100-ZM-T30,SO-45940,DN-3565,PMO - US,From RDC,N/A - From RDC,Truck,6/20/2013,25-Mar-14,25-Mar-14,4-Apr-14,ARV,Adult,"Lamivudine 150mg, tablets, 60 Tabs",Tablet,60.0,10000.0,22300.0,2.23,0.04,"Aurobindo Unit III, India",No,See DN-3565 (ID#:84903),See DN-3565 (ID#:84903),27.59,
64594,,,,,Haiti,,,,,,11/14/2014,,,,,,ABBVIE LOGISTICS (FORMERLY ABBOTT LOGISTICS BV),,Lopinavir/Ritonavir,Kaletra,80/20mg/ml,,,,,,,,,,,,106-HT-T30,SCMS-261140,ASN-31141,PMO - US,Direct Drop,FCA,Air,9/24/2014,24-Apr-15,24-Apr-15,24-Apr-15,ARV,Pediatric,"Lopinavir/Ritonavir 80/20mg/ml [Kaletra], oral solution, cool, Bottle 5 x 60 ml",Oral solution,300.0,610.0,18800.2,30.82,0.1,ABBVIE (Abbott) Logis. UK,Yes,708,3428.37,19.33,FPQ-14895
12548,,Pre-PQ Process,,,Nigeria,,,,,,N/A - From RDC,,,,,,SCMS from RDC,,Efavirenz,Generic,600mg,,,,,,,,,,,,112-NG-T01,SO-2728,DN-917,PMO - US,From RDC,N/A - From RDC,Air,Pre-PQ Process,24-Sep-08,24-Sep-08,24-Sep-08,ARV,Adult,"Efavirenz 600mg, tablets, 30 Tabs",Tablet,30.0,1957.0,22936.04,11.72,0.39,"Aurobindo Unit III, India",No,See DN-917 (ID#:10745),See DN-917 (ID#:10745),36.7,
17640,111-MZ-T30,FPQ-10880,SCMS-164000,ASN-18533,Mozambique,PMO - US,Direct Drop,EXW,Air,10/18/12,11/6/12,20-Mar-13,20-Mar-13,20-Mar-13,HRDT,HIV test,"Orgenics, Ltd","HIV 1/2, Determine Complete HIV Kit, 100 Tests","HIV 1/2, Determine Complete HIV Kit",Determine,,Test kit,100.0,1832.0,146560.0,80.0,0.8,"Alere Medical Co., Ltd.",Yes,829,8680.27,181.29,,,,,,,,,,,,,,,,,,,,,,,,,,
81767,,FPQ-10266,,,Vietnam,,,,,,7/12/2012,,,,,,HETERO LABS LIMITED,,Lamivudine,Generic,150mg,,,,,,,,,,,,108-VN-T30,SCMS-153070,ASN-16382,PMO - US,Direct Drop,EXW,Air,7/11/2012,9-Oct-12,9-Oct-12,9-Oct-12,ARV,Adult,"Lamivudine 150mg, tablets, 60 Tabs",Tablet,60.0,37366.0,78468.6,2.1,0.04,Hetero Unit III Hyderabad IN,Yes,2162,3324.85,110.01,
83898,,FPQ-13991,,,Zimbabwe,,,,,,N/A - From RDC,,,,,,SCMS from RDC,,Abacavir/Lamivudine,Generic,600/300mg,,,,,,,,,,,,102-ZW-T30,SO-48491,DN-4164,PMO - US,From RDC,N/A - From RDC,Truck,4/1/2014,30-Apr-15,17-Mar-15,19-Mar-15,ARV,Adult,"Abacavir/Lamivudine 600/300mg, tablets, 30 Tabs",Tablet - FDC,30.0,1087.0,14294.05,13.15,0.44,Mylan (formerly Matrix) Nashik,Yes,102,129.75,14.69,
33896,105-GH-T30,FPQ-13809,SCMS-234080,ASN-28229,Ghana,PMO - US,Direct Drop,EXW,Air,3/7/14,4/15/14,21-Nov-14,21-Nov-14,25-Nov-14,ARV,Adult,MYLAN LABORATORIES LTD (FORMERLY MATRIX LABORATORIES),"Lamivudine/Zidovudine 150/300mg, tablets, 60 Tabs",Lamivudine/Zidovudine,Generic,150/300mg,Tablet - FDC,60.0,25687.0,166708.63,6.49,0.11,Mylan (formerly Matrix) Nashik,Yes,2184,15041.23,171.38,,,,,,,,,,,,,,,,,,,,,,,,,,
15894,108-VN-T30,FPQ-4266,SCMS-56540,ASN-7741,Vietnam,PMO - US,Direct Drop,EXW,Air,10/20/09,11/11/09,23-Aug-10,23-Aug-10,23-Aug-10,ARV,Adult,Aurobindo Pharma Limited,"Lamivudine/Nevirapine/Zidovudine 150/200/300mg, tablets, 60 Tabs",Lamivudine/Nevirapine/Zidovudine,Generic,150/300/200mg,Tablet - FDC,60.0,20500.0,228575.0,11.15,0.19,"Aurobindo Unit III, India",Yes,2904,14223.39,448.01,,,,,,,,,,,,,,,,,,,,,,,,,,
85319,,,,,Uganda,,,,,,N/A - From RDC,,,,,,SCMS from RDC,,Lamivudine,Generic,150mg,,,,,,,,,,,,114-UG-T30,SO-43500,DN-2953,PMO - US,From RDC,N/A - From RDC,Air,10/10/2012,2-Feb-13,2-Feb-13,2-Feb-13,ARV,Adult,"Lamivudine 150mg, tablets, 60 Tabs",Tablet,60.0,2131.0,4602.96,2.16,0.04,Hetero Unit III Hyderabad IN,Yes,117,2005.48,6.45,FPQ-10780
9487,,,,,Rwanda,,,,,,11/19/2007,,,,,,"Trinity Biotech, Plc",,"HIV 1/2, Capillus HIV Kit",Capillus,,,,,,,,,,,,,107-RW-T01,SCMS-14150,ASN-1085,PMO - US,Direct Drop,EXW,Air,Pre-PQ Process,18-Jan-08,18-Jan-08,18-Jan-08,HRDT,HIV test,"HIV 1/2, Capillus HIV Kit, 100 Tests",Test kit,100.0,463.0,64357.0,139.0,1.39,"Trinity Biotech, Plc",Yes,450,4360.83,102.97,Pre-PQ Process
12532,,Pre-PQ Process,,,Zambia,,,,,,N/A - From RDC,,,,,,SCMS from RDC,,Efavirenz,Generic,600mg,,,,,,,,,,,,110-ZM-T01,SO-2482,DN-938,PMO - US,From RDC,N/A - From RDC,Truck,Pre-PQ Process,6-Oct-08,6-Oct-08,6-Oct-08,ARV,Adult,"Efavirenz 600mg, tablets, 30 Tabs",Tablet,30.0,50000.0,600500.0,12.01,0.4,Mylan (formerly Matrix) Nashik,Yes,3817,4579.42,960.8,
82873,,FPQ-4378,,,Côte d'Ivoire,,,,,,N/A - From RDC,,,,,,SCMS from RDC,,Lamivudine/Zidovudine,Generic,150/300mg,,,,,,,,,,,,104-CI-T30,SO-34415,DN-1763,PMO - US,From RDC,N/A - From RDC,Air,10/15/2009,12-Apr-10,8-Apr-10,8-Apr-10,ARV,Adult,"Lamivudine/Zidovudine 150/300mg, tablets, 60 Tabs",Tablet - FDC,60.0,20000.0,175200.0,8.76,0.15,"Aurobindo Unit III, India",Yes,1807,21347.2,343.39,
37506,108-VN-T30,FPQ-4720,SCMS-62370,ASN-6189,Vietnam,PMO - US,Direct Drop,FCA,Air,1/4/09,1/11/10,22-Mar-10,22-Mar-10,22-Mar-10,ARV,Adult,ABBVIE LOGISTICS (FORMERLY ABBOTT LOGISTICS BV),"Lopinavir/Ritonavir 200/50mg [Aluvia], tablets, 120 Tabs",Lopinavir/Ritonavir,Aluvia,200/50mg,Tablet,120.0,4165.0,342363.0,82.2,0.68,ABBVIE Ludwigshafen Germany,Yes,1010,5417.87,738.13,,,,,,,,,,,,,,,,,,,,,,,,,,
52383,,FPQ-12136,,,Côte d'Ivoire,,,,,,5/21/2013,,,,,,"CHEMBIO DIAGNOSTIC SYSTEMS, INC.",,"HIV 1/2, Stat-Pak HIV, Kit",Stat-Pak,,,,,,,,,,,,,104-CI-T30,SCMS-188320,ASN-23834,PMO - US,Direct Drop,EXW,Air,4/18/2013,31-Jan-14,31-Jan-14,3-Feb-14,HRDT,HIV test,"HIV 1/2, Stat-Pak HIV, Kit, 20 Tests",Test kit,20.0,1900.0,55100.0,29.0,1.45,Chembio Diagnostics Sys. Inc.,Yes,763,7153.63,68.16,
84231,113-ZW-T30,FPQ-10895,SO-43580,DN-3033,Zimbabwe,PMO - US,From RDC,N/A - From RDC,Truck,10/25/12,N/A - From RDC,31-Mar-13,14-Mar-13,14-Mar-13,ARV,Adult,SCMS from RDC,"Lamivudine/Zidovudine 150/300mg, tablets, 60 Tabs",Lamivudine/Zidovudine,Generic,150/300mg,Tablet - FDC,60.0,4800.0,34896.0,7.27,0.12,"Aurobindo Unit III, India",No,See DN-3033 (ID#:83658),See DN-3033 (ID#:83658),43.17,,,,,,,,,,,,,,,,,,,,,,,,,,
83399,,,,,Zambia,,,,,,N/A - From RDC,,,,,,SCMS from RDC,,Nevirapine,Generic,200mg,,,,,,,,,,,,110-ZM-T30,SO-35220,DN-1644,PMO - US,From RDC,N/A - From RDC,Truck,8/5/2009,2-Mar-10,5-Mar-10,5-Mar-10,ARV,Adult,"Nevirapine 200mg, tablets, 60 Tabs",Tablet,60.0,20000.0,54600.0,2.73,0.05,"Aurobindo Unit III, India",Yes,1946,3379.64,107.02,FPQ-4035
34119,,,,,South Africa,,,,,,10/9/2014,,,,,,PHARMACY DIRECT,,Etravirine,Intelence,100mg,,,,,,,,,,,,116-ZA-T30,SCMS-259077,ASN-33479,PMO - US,Direct Drop,DDP,Truck,9/11/2014,24-Jul-15,24-Jul-15,24-Jul-15,ARV,Adult,"Etravirine 100mg [Intelence], tablets, 120 Tabs",Tablet,120.0,1.0,27.51,27.51,0.23,"Janssen-Cilag, Latina, IT",Yes,Weight Captured Separately,Freight Included in Commodity Cost,0.03,FPQ-14942
83579,,,,,Zambia,,,,,,N/A - From RDC,,,,,,SCMS from RDC,,Lamivudine/Nevirapine/Stavudine,Generic,150/200/30mg,,,,,,,,,,,,110-ZM-T30,SO-40953,DN-2608,PMO - US,From RDC,N/A - From RDC,Truck,9/27/2011,15-May-12,16-Apr-12,16-Apr-12,ARV,Adult,"Lamivudine/Nevirapine/Stavudine 150/200/30mg, tablets, 60 Tabs",Tablet - FDC,60.0,50000.0,269000.0,5.38,0.09,"Strides, Bangalore, India.",Yes,10381,8510.81,443.85,FPQ-8476
5283,,Pre-PQ Process,,,Vietnam,,,,,,11/29/2006,,,,,,ABBVIE LOGISTICS (FORMERLY ABBOTT LOGISTICS BV),,Lopinavir/Ritonavir,Aluvia,200/50mg,,,,,,,,,,,,108-VN-T01,SCMS-172,ASN-302,PMO - US,Direct Drop,CIP,Air,Pre-PQ Process,16-Apr-07,16-Apr-07,16-Apr-07,ARV,Adult,"Lopinavir/Ritonavir 200/50mg [Aluvia], tablets, 120 Tabs",Tablet,120.0,1320.0,238682.4,180.82,1.51,ABBVIE (Abbott) Logis. UK,Yes,304,13453.12,,
84975,,,,,Nigeria,,,,,,N/A - From RDC,,,,,,SCMS from RDC,,Lamivudine/Nevirapine/Zidovudine,Generic,150/300/200mg,,,,,,,,,,,,151-NG-T30,SO-47274,DN-3913,PMO - US,From RDC,N/A - From RDC,Air Charter,11/19/2013,30-Sep-14,3-Sep-14,5-Sep-14,ARV,Adult,"Lamivudine/Nevirapine/Zidovudine 150/200/300mg, tablets, 60 Tabs",Tablet - FDC,60.0,45520.0,369167.2,8.11,0.14,Mylan (formerly Matrix) Nashik,No,See DN-3913 (ID#:84409),See DN-3913 (ID#:84409),379.5,FPQ-13293
11476,,Pre-PQ Process,,,Nigeria,,,,,,N/A - From RDC,,,,,,SCMS from RDC,,Lamivudine/Zidovudine,Generic,150/300mg,,,,,,,,,,,,112-NG-T01,SO-1225,DN-411,PMO - US,From RDC,N/A - From RDC,Air,Pre-PQ Process,1-Nov-07,1-Nov-07,1-Nov-07,ARV,Adult,"Lamivudine/Zidovudine 150/300mg, tablets, 60 Tabs",Tablet - FDC,60.0,1200.0,23400.0,19.5,0.32,"Aurobindo Unit III, India",No,See DN-411 (ID#:10631),See DN-411 (ID#:10631),37.44,
83987,,,,,Nigeria,,,,,,N/A - From RDC,,,,,,SCMS from RDC,,Lamivudine/Zidovudine,Generic,150/300mg,,,,,,,,,,,,151-NG-T30,SO-35050,DN-1715,PMO - US,From RDC,N/A - From RDC,Air Charter,11/6/2009,19-Apr-10,31-Mar-10,31-Mar-10,ARV,Adult,"Lamivudine/Zidovudine 150/300mg, tablets, 60 Tabs",Tablet - FDC,60.0,5000.0,43800.0,8.76,0.15,"Aurobindo Unit III, India",Yes,452,Freight Included in Commodity Cost,94.43,FPQ-4537
4190,116-ZA-T01,Pre-PQ Process,SCMS-14050,ASN-1252,South Africa,PMO - US,Direct Drop,DDP,,Pre-PQ Process,11/12/07,29-Jan-08,24-Jan-07,24-Jan-08,ARV,Adult,"JSI R&T INSTITUTE, INC.","Stavudine 30mg [Zerit], capsules, 60 Caps",Stavudine,Zerit,30mg,Capsule,60.0,800.0,4792.0,5.99,0.1,"BMS Meymac, France",Yes,Weight Captured Separately,Freight Included in Commodity Cost,7.67,,,,,,,,,,,,,,,,,,,,,,,,,,
51668,,,,,South Sudan,,,,,,2/20/2015,,,,,,"Orgenics, Ltd",,"HIV 1/2, Determine Complete HIV Kit",Determine,,,,,,,,,,,,,105-SS-T30,SCMS-272160,ASN-31331,PMO - US,Direct Drop,EXW,Air,12/29/2014,3-Jun-15,3-Jun-15,5-Jun-15,HRDT,HIV test,"HIV 1/2, Determine Complete HIV Kit, 100 Tests",Test kit,100.0,100.0,8900.0,89.0,0.89,"Alere Medical Co., Ltd.",Yes,Weight Captured Separately,Invoiced Separately,10.48,FPQ-15569
40950,105-GY-T30,FPQ-14048,SCMS-235780,ASN-28234,Guyana,PMO - US,Direct Drop,FCA,Air,4/9/14,8/26/14,5-Nov-14,5-Nov-14,11-Nov-14,ARV,Pediatric,ABBVIE LOGISTICS (FORMERLY ABBOTT LOGISTICS BV),"Lopinavir/Ritonavir 80/20mg/ml [Kaletra], oral solution, cool, Bottle 5 x 60 ml",Lopinavir/Ritonavir,Kaletra,80/20mg/ml,Oral solution,300.0,12.0,729.84,60.82,0.2,ABBVIE (Abbott) Logis. UK,Yes,39,790.71,0.75,,,,,,,,,,,,,,,,,,,,,,,,,,
83908,111-MZ-T30,FPQ-15195,SO-50122,DN-4248,Mozambique,PMO - US,From RDC,N/A - From RDC,Truck,10/17/14,N/A - From RDC,30-Jun-15,15-Jun-15,15-Jun-15,ARV,Adult,SCMS from RDC,"Lamivudine/Tenofovir Disoproxil Fumarate 300/300mg, tablets, 30 Tabs",Lamivudine/Tenofovir Disoproxil Fumarate,Generic,300/300mg,Tablet - FDC,30.0,56994.0,263312.28,4.62,0.15,"Hetero, Jadcherla, unit 5, IN",Yes,5358,5894.11,309.92,,,,,,,,,,,,,,,,,,,,,,,,,,
86408,,FPQ-7267,,,Uganda,,,,,,N/A - From RDC,,,,,,SCMS from RDC,,Efavirenz/Emtricitabine/Tenofovir Disoproxil Fumarate,Generic,600/200/300mg,,,,,,,,,,,,114-UG-T30,SO-39070,DN-2333,PMO - US,From RDC,N/A - From RDC,Truck,3/4/2011,20-Sep-11,6-Sep-11,6-Sep-11,ARV,Adult,"Efavirenz/Emtricitabine/Tenofovir Disoproxil Fumarate 600/200/300mg, tablets, 30 Tabs",Tablet - FDC,30.0,3360.0,66931.2,19.92,0.66,Mylan (formerly Matrix) Nashik,Yes,617,2886.92,110.44,
82612,151-NG-T30,FPQ-11864,SO-44932,DN-3366,Nigeria,PMO - US,From RDC,N/A - From RDC,Air Charter,3/14/13,N/A - From RDC,31-Oct-13,14-Oct-13,24-Oct-13,ARV,Adult,SCMS from RDC,"Lamivudine/Nevirapine/Zidovudine 150/200/300mg, tablets, 60 Tabs",Lamivudine/Nevirapine/Zidovudine,Generic,150/300/200mg,Tablet - FDC,60.0,75000.0,643500.0,8.58,0.14,"Cipla, Goa, India",Yes,22700,20225.07,796.01,,,,,,,,,,,,,,,,,,,,,,,,,,
86822,200-ZW-T30,FPQ-16523,SO-51680,DN-4334,Zimbabwe,PMO - US,From RDC,N/A - From RDC,Truck,7/1/15,N/A - From RDC,9-Sep-15,4-Aug-15,11-Aug-15,ARV,Adult,SCMS from RDC,"Lamivudine/Zidovudine 150/300mg, tablets, 60 Tabs",Lamivudine/Zidovudine,Generic,150/300mg,Tablet - FDC,60.0,17465.0,113871.8,6.52,0.11,Mylan (formerly Matrix) Nashik,Yes,1392,Freight Included in Commodity Cost,134.03,,,,,,,,,,,,,,,,,,,,,,,,,,
39053,,FPQ-9038,,,South Sudan,,,,,,2/15/2012,,,,,,"Orgenics, Ltd",,"HIV, Capillary Tubes, for Determine, EDTA, 50uL,100 Pcs",Determine,,,,,,,,,,,,,102-SS-T30,SCMS-137190,ASN-14092,PMO - US,Direct Drop,EXW,Air,1/17/2012,18-Apr-12,18-Apr-12,18-Apr-12,HRDT,HIV test - Ancillary,"Capillary Tubes, for Determine, EDTA, 50uL,100 Pcs",Test kit - Ancillary,100.0,339.0,2712.0,8.0,0.08,"Alere Medical Co., Ltd.",Yes,175,4803.06,3.8,
24345,108-VN-T30,FPQ-5094,SCMS-68500,ASN-7171,Vietnam,PMO - US,Direct Drop,EXW,Air,3/15/10,3/24/10,22-Jun-10,22-Jun-10,22-Jun-10,ARV,Adult,STRIDES ARCOLAB LIMITED,"Lamivudine/Nevirapine/Zidovudine 150/200/300mg, tablets, 60 Tabs",Lamivudine/Nevirapine/Zidovudine,Generic,150/300/200mg,Tablet - FDC,60.0,20651.0,227161.0,11.0,0.18,"Strides, Bangalore, India.",Yes,2367,10648.45,489.76,,,,,,,,,,,,,,,,,,,,,,,,,,
47975,,FPQ-7898,,,Vietnam,,,,,,7/8/2011,,,,,,ABBVIE LOGISTICS (FORMERLY ABBOTT LOGISTICS BV),,Lopinavir/Ritonavir,Aluvia,200/50mg,,,,,,,,,,,,108-VN-T30,SCMS-113690,ASN-12713,PMO - US,Direct Drop,FCA,Air,6/27/2011,17-Nov-11,17-Nov-11,17-Nov-11,ARV,Adult,"Lopinavir/Ritonavir 200/50mg [Aluvia], tablets, 120 Tabs",Tablet,120.0,1575.0,129465.0,82.2,0.68,ABBVIE Ludwigshafen Germany,Yes,382,5528.41,213.62,
12772,,Pre-PQ Process,,,Côte d'Ivoire,,,,,,N/A - From RDC,,,,,,SCMS from RDC,,Abacavir,Generic,300mg,,,,,,,,,,,,104-CI-T01,SO-1679,DN-581,PMO - US,From RDC,N/A - From RDC,Air,Pre-PQ Process,5-Feb-08,5-Feb-08,5-Feb-08,ARV,Adult,"Abacavir 300mg, tablets, 60 Tabs",Tablet,60.0,5836.0,160665.08,27.53,0.46,"Aurobindo Unit III, India",No,See DN-581 (ID#:10667),See DN-581 (ID#:10667),257.06,
83899,107-RW-T30,FPQ-15632,SO-50741,DN-4180,Rwanda,PMO - US,From RDC,N/A - From RDC,Air,12/23/14,N/A - From RDC,30-Apr-15,27-Mar-15,7-Apr-15,ARV,Pediatric,SCMS from RDC,"Lamivudine/Zidovudine 30/60mg, dispersible tablets, 60 Tabs",Lamivudine/Zidovudine,Generic,30/60mg,Chewable/dispersible tablet - FDC,60.0,3813.0,7435.35,1.95,0.03,"Mylan,  H-12 & H-13, India",Yes,Weight Captured Separately,Invoiced Separately,8.75,,,,,,,,,,,,,,,,,,,,,,,,,,
11565,,,,,Uganda,,,,,,N/A - From RDC,,,,,,SCMS from RDC,,Zidovudine,Generic,300mg,,,,,,,,,,,,114-UG-T01,SO-17790,DN-1082,PMO - US,From RDC,N/A - From RDC,Air,Pre-PQ Process,3-Mar-09,3-Mar-09,3-Mar-09,ARV,Adult,"Zidovudine 300mg, tablets, 60 Tabs",Tablet,60.0,50.0,395.0,7.9,0.13,"Aurobindo Unit III, India",Yes,3,978.92,0.77,Pre-PQ Process
85971,,,,,Zambia,,,,,,N/A - From RDC,,,,,,SCMS from RDC,,Nevirapine,Generic,200mg,,,,,,,,,,,,110-ZM-T30,SO-44475,DN-3184,PMO - US,From RDC,N/A - From RDC,Truck,1/28/2013,25-Jun-13,29-May-13,29-May-13,ARV,Adult,"Nevirapine 200mg, tablets, 60 Tabs",Tablet,60.0,96800.0,223608.0,2.31,0.04,"Cipla, Goa, India",Yes,11808,17650.15,276.6,FPQ-11553
53738,,FPQ-4770,,,South Africa,,,,,,12/23/2009,,,,,,S. BUYS WHOLESALER,,Zidovudine,Retrovir,10mg/ml,,,,,,,,,,,,116-ZA-T30,SCMS-60170,ASN-5933,PMO - US,Direct Drop,DDP,Truck,12/17/2009,29-Dec-09,29-Dec-09,29-Dec-09,ARV,Pediatric,"Zidovudine 10mg/ml [Retrovir], oral solution, Bottle, 200 ml",Oral solution,200.0,120.0,866.06,7.22,0.04,GSK Mississauga (Canada),No,Weight Captured Separately,Freight Included in Commodity Cost,1.87,
82851,,,,,Côte d'Ivoire,,,,,,N/A - From RDC,,,,,,SCMS from RDC,,Zidovudine,Generic,300mg,,,,,,,,,,,,104-CI-T30,SO-33510,DN-1585,PMO - US,From RDC,N/A - From RDC,Air,9/9/2009,30-Dec-09,5-Jan-10,5-Jan-10,ARV,Adult,"Zidovudine 300mg, tablets, 60 Tabs",Tablet,60.0,9780.0,73643.4,7.53,0.13,"Aurobindo Unit III, India",Yes,550,2794.67,144.34,FPQ-4187
85592,,,,,Nigeria,,,,,,N/A - From RDC,,,,,,SCMS from RDC,,Lamivudine/Nevirapine/Zidovudine,Generic,150/300/200mg,,,,,,,,,,,,151-NG-T30,SO-49938,DN-4245,PMO - US,From RDC,N/A - From RDC,Air Charter,9/19/2014,30-Jun-15,15-Apr-15,20-Apr-15,ARV,Adult,"Lamivudine/Nevirapine/Zidovudine 150/200/300mg, tablets, 60 Tabs",Tablet - FDC,60.0,50000.0,386000.0,7.72,0.13,"Strides, Bangalore, India.",Yes,6201,12082,396.81,FPQ-14989
44340,,FPQ-13973,,,South Africa,,,,,,10/3/2014,,,,,,PHARMACY DIRECT,,Lamivudine,Generic,150mg,,,,,,,,,,,,116-ZA-T30,SCMS-238554,ASN-28627,PMO - US,Direct Drop,DDP,Truck,4/30/2014,3-Oct-14,3-Oct-14,3-Oct-14,ARV,Adult,"Lamivudine 150mg, tablets, 60 Tabs",Tablet,60.0,51.0,466.28,9.14,0.15,"Aurobindo Unit III, India",No,Weight Captured Separately,Freight Included in Commodity Cost,0.48,
11480,104-CI-T01,Pre-PQ Process,SO-1546,DN-609,Côte d'Ivoire,PMO - US,From RDC,N/A - From RDC,Air,Pre-PQ Process,N/A - From RDC,19-Feb-08,19-Feb-08,19-Feb-08,ARV,Adult,SCMS from RDC,"Efavirenz 600mg, tablets, 30 Tabs",Efavirenz,Generic,600mg,Tablet,30.0,24561.0,294977.61,12.01,0.4,"Aurobindo Unit III, India",Yes,7191,12349.51,471.96,,,,,,,,,,,,,,,,,,,,,,,,,,
85945,151-NG-T30,FPQ-10477,SO-44560,DN-3029,Nigeria,PMO - US,From RDC,N/A - From RDC,Air Charter,8/9/12,N/A - From RDC,15-Mar-13,21-Feb-13,21-Feb-13,ARV,Adult,SCMS from RDC,"Lamivudine/Zidovudine 150/300mg, tablets, 60 Tabs",Lamivudine/Zidovudine,Generic,150/300mg,Tablet - FDC,60.0,50000.0,363500.0,7.27,0.12,Hetero Unit III Hyderabad IN,No,See DN-3029 (ID#:82556),See DN-3029 (ID#:82556),509.63,,,,,,,,,,,,,,,,,,,,,,,,,,
12597,,,,,Haiti,,,,,,N/A - From RDC,,,,,,SCMS from RDC,,Lamivudine/Zidovudine,Generic,150/300mg,,,,,,,,,,,,106-HT-T01,SO-30170,DN-1309,PMO - US,From RDC,N/A - From RDC,Air,Pre-PQ Process,24-Jun-09,24-Jun-09,24-Jun-09,ARV,Adult,"Lamivudine/Zidovudine 150/300mg, tablets, 60 Tabs",Tablet - FDC,60.0,25824.0,226218.24,8.76,0.15,"Aurobindo Unit III, India",Yes,2359,26714.63,443.39,Pre-PQ Process
72948,,FPQ-14942,,,South Africa,,,,,,10/9/2014,,,,,,PHARMACY DIRECT,,Tenofovir Disoproxil Fumarate,Generic,300mg,,,,,,,,,,,,116-ZA-T30,SCMS-259077,ASN-33477,PMO - US,Direct Drop,DDP,Truck,9/11/2014,24-Jul-15,24-Jul-15,24-Jul-15,ARV,Adult,"Tenofovir Disoproxil Fumarate 300mg, tablets, 30 Tabs",Tablet,30.0,32.0,475.28,14.85,0.5,Mylan (formerly Matrix) Nashik,No,Weight Captured Separately,Freight Included in Commodity Cost,0.49,
82417,,FPQ-8295,,,Côte d'Ivoire,,,,,,N/A - From RDC,,,,,,SCMS from RDC,,Lamivudine,Generic,150mg,,,,,,,,,,,,104-CI-T30,SO-40780,DN-2421,PMO - US,From RDC,N/A - From RDC,Truck,8/25/2011,15-Dec-11,19-Nov-11,19-Nov-11,ARV,Adult,"Lamivudine 150mg, tablets, 60 Tabs",Tablet,60.0,8100.0,18873.0,2.33,0.04,"Aurobindo Unit III, India",Yes,387,3296.34,31.14,
56320,161-ZA-T30,FPQ-5303,SCMS-69000,ASN-7021,South Africa,PMO - US,Direct Drop,DDP,Air,3/18/10,3/19/10,8-Jun-10,8-Jun-10,8-Jun-10,ARV,Adult,Aurobindo Pharma Limited,"Zidovudine 300mg, tablets, 60 Tabs",Zidovudine,Generic,300mg,Tablet,60.0,26540.0,197192.2,7.43,0.12,"Aurobindo Unit III, India",Yes,1431,4885.21,425.15,,,,,,,,,,,,,,,,,,,,,,,,,,
10686,,Pre-PQ Process,,,Nigeria,,,,,,N/A - From RDC,,,,,,SCMS from RDC,,Efavirenz,Generic,600mg,,,,,,,,,,,,123-NG-T01,SO-2552,DN-834,PMO - US,From RDC,N/A - From RDC,Air,Pre-PQ Process,16-Jul-08,16-Jul-08,16-Jul-08,ARV,Adult,"Efavirenz 600mg, tablets, 30 Tabs",Tablet,30.0,11527.0,138439.27,12.01,0.4,"Aurobindo Unit III, India",Yes,1994,10231.84,221.5,
85886,151-NG-T30,FPQ-9432,SO-42930,DN-2791,Nigeria,PMO - US,From RDC,N/A - From RDC,Air Charter,3/1/12,N/A - From RDC,20-Aug-12,14-Aug-12,14-Aug-12,ARV,Adult,SCMS from RDC,"Lamivudine/Zidovudine 150/300mg, tablets, 60 Tabs",Lamivudine/Zidovudine,Generic,150/300mg,Tablet - FDC,60.0,35120.0,280960.0,8.0,0.13,"Aurobindo Unit III, India",No,See DN-2791 (ID#:83064),See DN-2791 (ID#:83064),393.91,,,,,,,,,,,,,,,,,,,,,,,,,,
51888,,FPQ-13973,,,South Africa,,,,,,11/4/2014,,,,,,PHARMACY DIRECT,,Zidovudine,Generic,300mg,,,,,,,,,,,,116-ZA-T30,SCMS-238555,ASN-29257,PMO - US,Direct Drop,DDP,Truck,4/30/2014,5-Nov-14,5-Nov-14,5-Nov-14,ARV,Adult,"Zidovudine 300mg, tablets, 60 Tabs",Tablet,60.0,10.0,249.54,24.95,0.42,"Aurobindo Unit III, India",No,Weight Captured Separately,Freight Included in Commodity Cost,0.26,
12149,,Pre-PQ Process,,,Zimbabwe,,,,,,N/A - From RDC,,,,,,SCMS from RDC,,Lamivudine/Zidovudine,Generic,150/300mg,,,,,,,,,,,,100-ZW-T01,SO-899,DN-469,PMO - US,From RDC,N/A - From RDC,Truck,Pre-PQ Process,7-Dec-07,7-Dec-07,7-Dec-07,ARV,Adult,"Lamivudine/Zidovudine 150/300mg, tablets, 60 Tabs",Tablet - FDC,60.0,1560.0,14820.0,9.5,0.16,"Aurobindo Unit III, India",Yes,147,1671.84,23.71,
2157,,,,,South Africa,,,,,,Date Not Captured,,,,,,S. BUYS WHOLESALER,,Zidovudine,Retrovir,10mg/ml,,,,,,,,,,,,116-ZA-T01,SCMS-33320,ASN-3553,PMO - US,Direct Drop,DDP,Truck,Pre-PQ Process,17-May-09,9-Oct-08,9-Oct-08,ARV,Pediatric,"Zidovudine 10mg/ml [Retrovir], oral solution, Bottle, 200 ml",Oral solution,200.0,120.0,733.2,6.11,0.03,GSK Mississauga (Canada),No,Weight Captured Separately,Freight Included in Commodity Cost,1.44,Pre-PQ Process
83464,104-CI-T30,FPQ-5925,SO-37150,DN-2035,Côte d'Ivoire,PMO - US,From RDC,N/A - From RDC,Truck,6/23/10,N/A - From RDC,30-Nov-10,26-Nov-10,26-Nov-10,ARV,Adult,SCMS from RDC,"Lamivudine/Stavudine 150/30mg, tablets, 60 Tabs",Lamivudine/Stavudine,Generic,150/30mg,Tablet - FDC,60.0,26444.0,86736.32,3.28,0.05,Mylan (formerly Matrix) Nashik,No,See DN-2035 (ID#:82356),See DN-2035 (ID#:82356),187.0,,,,,,,,,,,,,,,,,,,,,,,,,,
27462,105-GY-T30,FPQ-12057,SCMS-188860,ASN-21852,Guyana,PMO - US,Direct Drop,FCA,Air,4/15/13,5/23/13,29-Oct-13,29-Oct-13,29-Oct-13,ARV,Pediatric,ABBVIE LOGISTICS (FORMERLY ABBOTT LOGISTICS BV),"Lopinavir/Ritonavir 80/20mg/ml [Kaletra], oral solution, cool, Bottle 5 x 60 ml",Lopinavir/Ritonavir,Kaletra,80/20mg/ml,Oral solution,300.0,12.0,729.84,60.82,0.2,ABBVIE (Abbott) Logis. UK,Yes,48,749.36,0.9,,,,,,,,,,,,,,,,,,,,,,,,,,
12294,,Pre-PQ Process,,,Haiti,,,,,,N/A - From RDC,,,,,,SCMS from RDC,,Efavirenz,Generic,50mg,,,,,,,,,,,,106-HT-T01,SO-24832,DN-1278,PMO - US,From RDC,N/A - From RDC,Air,Pre-PQ Process,18-Jun-09,18-Jun-09,18-Jun-09,ARV,Pediatric,"Efavirenz 50mg, capsule, 30 Caps",Capsule,30.0,1428.0,3198.72,2.24,0.07,"Aurobindo Unit III, India",Yes,83,7789.85,6.27,
30974,,,,,Vietnam,,,,,,8/19/2013,,,,,,ABBVIE LOGISTICS (FORMERLY ABBOTT LOGISTICS BV),,Ritonavir,Norvir,100mg,,,,,,,,,,,,108-VN-T30,SCMS-188580,ASN-21380,PMO - US,Direct Drop,FCA,Air,5/3/2013,16-Sep-13,16-Sep-13,16-Sep-13,ARV,Adult,"Ritonavir 100mg [Norvir], film coated tablets, 30 Tabs",Tablet,30.0,429.0,9978.54,23.26,0.78,ABBVIE Ludwigshafen Germany,Yes,43,421.24,12.34,FPQ-12051
73804,,FPQ-16194,,,Vietnam,,,,,,5/13/2015,,,,,,HETERO LABS LIMITED,,Efavirenz/Lamivudine/Tenofovir Disoproxil Fumarate,Generic,600/300/300mg,,,,,,,,,,,,108-VN-T30,SCMS-285500,ASN-33268,PMO - US,Direct Drop,EXW,Air,4/14/2015,3-Sep-15,3-Sep-15,3-Sep-15,ARV,Adult,"Efavirenz/Lamivudine/Tenofovir Disoproxil Fumarate 600/300/300mg, tablets, 30 Tabs",Tablet - FDC,30.0,17760.0,168720.0,9.5,0.32,Hetero Unit III Hyderabad IN,Yes,Weight Captured Separately,Invoiced Separately,198.58,
85209,,FPQ-7653,,,Haiti,,,,,,N/A - From RDC,,,,,,SCMS from RDC,,Abacavir,Generic,20mg/ml,,,,,,,,,,,,106-HT-T30,SO-39743,DN-2428,PMO - US,From RDC,N/A - From RDC,Air,5/11/2011,31-Dec-11,20-Dec-11,20-Dec-11,ARV,Pediatric,"Abacavir 20mg/ml, oral solution w/syringe, Bottle, 240 ml",Oral solution,240.0,320.0,4000.0,12.5,0.05,"Aurobindo Unit III, India",Yes,122,2053.52,6.6,
8951,,,,,Rwanda,,,,,,2/18/2009,,,,,,"Trinity Biotech, Plc",,"HIV 1/2, Uni-Gold HIV Kit",Uni-Gold,,,,,,,,,,,,,107-RW-T01,SCMS-38680,ASN-3697,PMO - US,Direct Drop,EXW,Air,Pre-PQ Process,6-Apr-09,6-Apr-09,6-Apr-09,HRDT,HIV test,"HIV 1/2, Uni-Gold HIV Kit, 20 Tests",Test kit,20.0,1163.0,37216.0,32.0,1.6,"Trinity Biotech, Plc",Yes,385,6269.97,72.94,Pre-PQ Process
43929,,,,,Uganda,,,,,,10/21/2011,,,,,,Hoffmann-La Roche ltd Basel,,Saquinavir,Invirase,500mg,,,,,,,,,,,,114-UG-T30,SCMS-124980,ASN-13223,PMO - US,Direct Drop,FCA,Air,10/3/2011,14-Jan-12,14-Jan-12,14-Jan-12,ARV,Adult,"Saquinavir 500mg [Invirase], tablets, 120 Tabs",Tablet,120.0,98.0,12362.16,126.14,1.05,Roche Basel,Yes,18,586.16,20.4,FPQ-8497
22196,,FPQ-13976,,,Vietnam,,,,,,4/30/2014,,,,,,MICRO LABS LIMITED,,Efavirenz,Generic,600mg,,,,,,,,,,,,108-VN-T30,SCMS-236100,ASN-28777,PMO - US,Direct Drop,EXW,Air,4/8/2014,26-Nov-14,26-Nov-14,26-Nov-14,ARV,Adult,"Efavirenz 600mg, tablets, 30 Tabs",Tablet,30.0,21000.0,62580.0,2.98,0.1,"Micro labs, Verna, Goa, India",Yes,3244,6195.84,64.33,
12618,111-MZ-T01,Pre-PQ Process,SO-33340,DN-1485,Mozambique,PMO - US,From RDC,N/A - From RDC,Air,Date Not Captured,N/A - From RDC,13-Nov-09,13-Nov-09,13-Nov-09,ARV,Adult,SCMS from RDC,"Stavudine 30mg, capsules, 60 Caps",Stavudine,Generic,30mg,Capsule,60.0,945.0,1408.05,1.49,0.02,"Aurobindo Unit III, India",Yes,62,1074.8,3.04,,,,,,,,,,,,,,,,,,,,,,,,,,
21390,,,,,Vietnam,,,,,,11/24/2014,,,,,,MYLAN LABORATORIES LTD (FORMERLY MATRIX LABORATORIES),,Abacavir,Generic,300mg,,,,,,,,,,,,108-VN-T30,SCMS-251671,ASN-29771,PMO - US,Direct Drop,EXW,Air,7/9/2014,15-Jan-15,15-Jan-15,24-Feb-15,ARV,Adult,"Abacavir 300mg, tablets, 60 Tabs",Tablet,60.0,1200.0,13308.0,11.09,0.18,Mylan (formerly Matrix) Nashik,Yes,128,1069.31,13.68,FPQ-14516
67011,,,,,Zimbabwe,,,,,,5/27/2014,,,,,,HETERO LABS LIMITED,,Lamivudine/Tenofovir Disoproxil Fumarate,Generic,300/300mg,,,,,,,,,,,,113-ZW-T30,SCMS-240570,ASN-27581,PMO - US,Direct Drop,EXW,Air Charter,4/1/2014,17-Sep-14,17-Sep-14,19-Sep-14,ARV,Adult,"Lamivudine/Tenofovir Disoproxil Fumarate 300/300mg, tablets, 30 Tabs",Tablet - FDC,30.0,47136.0,217768.32,4.62,0.15,Hetero Unit III Hyderabad IN,Yes,5151,29257.65,223.87,FPQ-13939
10550,,,,,Côte d'Ivoire,,,,,,N/A - From RDC,,,,,,SCMS from RDC,,Lamivudine/Zidovudine,Generic,150/300mg,,,,,,,,,,,,100-CI-T01,SO-284,DN-46,PMO - US,From RDC,N/A - From RDC,,Pre-PQ Process,4-May-07,4-May-07,4-May-07,ARV,Adult,"Lamivudine/Zidovudine 150/300mg, tablets, 60 Tabs",Tablet - FDC,60.0,1778.0,18224.5,10.25,0.17,"Aurobindo Unit III, India",Yes,716,2601,,Pre-PQ Process
38571,,,,,Vietnam,,,,,,3/4/2015,,,,,,ABBVIE LOGISTICS (FORMERLY ABBOTT LOGISTICS BV),,Ritonavir,Norvir,100mg,,,,,,,,,,,,108-VN-T30,SCMS-277330,ASN-33152,PMO - US,Direct Drop,FCA,Air,2/13/2015,13-Aug-15,13-Aug-15,13-Aug-15,ARV,Adult,"Ritonavir 100mg [Norvir], film coated tablets, 30 Tabs",Tablet,30.0,100.0,2326.0,23.26,0.78,ABBVIE Ludwigshafen Germany,Yes,Weight Captured Separately,Invoiced Separately,2.74,FPQ-15823
85638,,,,,Uganda,,,,,,N/A - From RDC,,,,,,SCMS from RDC,,Lamivudine/Zidovudine,Generic,150/300mg,,,,,,,,,,,,114-UG-T30,SO-34010,DN-1548,PMO - US,From RDC,N/A - From RDC,Air,8/17/2009,30-Nov-09,2-Dec-09,2-Dec-09,ARV,Adult,"Lamivudine/Zidovudine 150/300mg, tablets, 60 Tabs",Tablet - FDC,60.0,3360.0,29433.6,8.76,0.15,"Aurobindo Unit III, India",No,See DN-1548 (ID#:85076),See DN-1548 (ID#:85076),57.69,FPQ-4470
66420,110-ZM-T30,FPQ-4691,SCMS-60711,ASN-6615,Zambia,PMO - US,Direct Drop,EXW,Air,12/16/09,12/22/09,3-May-10,26-Apr-10,26-Apr-10,HRDT,HIV test,"Orgenics, Ltd","HIV 1/2, Determine Complete HIV Kit, 100 Tests","HIV 1/2, Determine Complete HIV Kit",Determine,,Test kit,100.0,1993.0,143496.0,72.0,0.72,Inverness Japan,Yes,967,14582.14,309.38,,,,,,,,,,,,,,,,,,,,,,,,,,
77090,105-SS-T30,FPQ-15569,SCMS-272170,ASN-32109,South Sudan,PMO - US,Direct Drop,EXW,Air,12/29/14,2/20/15,2-Jul-15,7-Jul-15,7-Jul-15,HRDT,HIV test,"Orgenics, Ltd","HIV 1/2, Determine Complete HIV Kit, 100 Tests","HIV 1/2, Determine Complete HIV Kit",Determine,,Test kit,100.0,90.0,8010.0,89.0,0.89,"Alere Medical Co., Ltd.",No,See ASN-32109 (ID#:25915),See ASN-32109 (ID#:25915),9.43,,,,,,,,,,,,,,,,,,,,,,,,,,
47411,,FPQ-12777,,,Uganda,,,,,,10/28/2013,,,,,,Aurobindo Pharma Limited,,Nevirapine,Generic,10mg/ml,,,,,,,,,,,,114-UG-T30,SCMS-202561,ASN-22987,PMO - US,Direct Drop,EXW,Air,8/5/2013,12-Dec-13,12-Dec-13,13-Dec-13,ARV,Pediatric,"Nevirapine 10mg/ml, oral suspension w/syringe, Bottle, 100 ml",Oral suspension,100.0,700.0,910.0,1.3,0.01,"Aurobindo Unit III, India",Yes,Weight Captured Separately,Invoiced Separately,1.13,
84640,,,,,Zimbabwe,,,,,,N/A - From RDC,,,,,,SCMS from RDC,,Lamivudine/Nevirapine/Stavudine,Generic,150/200/30mg,,,,,,,,,,,,113-ZW-T30,SO-37850,DN-2181,PMO - US,From RDC,N/A - From RDC,Truck,10/13/2010,31-Mar-11,20-May-11,20-May-11,ARV,Adult,"Lamivudine/Nevirapine/Stavudine 150/200/30mg, tablets, 60 Tabs",Tablet - FDC,60.0,88719.0,493277.64,5.56,0.09,"Cipla, Goa, India",Yes,11668,15697.15,1063.51,FPQ-6470
41603,116-ZA-T30,FPQ-14942,SCMS-295800,ASN-33865,South Africa,PMO - US,Direct Drop,DDP,Truck,9/11/14,8/24/15,24-Aug-15,24-Aug-15,24-Aug-15,ARV,Adult,PHARMACY DIRECT,"Efavirenz 600mg, tablets, 30 Tabs",Efavirenz,Generic,600mg,Tablet,30.0,39.0,471.65,12.09,0.4,"Aurobindo Unit III, India",No,Weight Captured Separately,Freight Included in Commodity Cost,0.48,,,,,,,,,,,,,,,,,,,,,,,,,,
84893,,,,,Côte d'Ivoire,,,,,,N/A - From RDC,,,,,,SCMS from RDC,,Lamivudine/Nevirapine/Zidovudine,Generic,30/50/60mg,,,,,,,,,,,,104-CI-T30,SO-46422,DN-3546,PMO - US,From RDC,N/A - From RDC,Air,8/9/2013,28-Feb-14,18-Feb-14,4-Mar-14,ARV,Pediatric,"Lamivudine/Nevirapine/Zidovudine 30/50/60mg, dispersible tablets, 60 Tabs",Chewable/dispersible tablet - FDC,60.0,8201.0,30753.75,3.75,0.06,"Strides, Bangalore, India.",No,See DN-3546 (ID#:82651),See DN-3546 (ID#:82651),38.04,FPQ-12800
12885,112-NG-T01,Pre-PQ Process,SO-21050,DN-1244,Nigeria,PMO - US,From RDC,N/A - From RDC,Air Charter,Pre-PQ Process,N/A - From RDC,16-Jun-09,16-Jun-09,16-Jun-09,ARV,Adult,SCMS from RDC,"Efavirenz 600mg, tablets, 30 Tabs",Efavirenz,Generic,600mg,Tablet,30.0,2178.0,23522.4,10.8,0.36,"Aurobindo Unit III, India",No,See DN-1244 (ID#:11048),See DN-1244 (ID#:11048),46.1,,,,,,,,,,,,,,,,,,,,,,,,,,
12472,,Pre-PQ Process,,,Côte d'Ivoire,,,,,,N/A - From RDC,,,,,,SCMS from RDC,,Lamivudine/Zidovudine,Generic,150/300mg,,,,,,,,,,,,104-CI-T01,SO-1663,DN-611,PMO - US,From RDC,N/A - From RDC,Air,Pre-PQ Process,6-Mar-08,19-Feb-08,19-Feb-08,ARV,Adult,"Lamivudine/Zidovudine 150/300mg, tablets, 60 Tabs",Tablet - FDC,60.0,371.0,3524.5,9.5,0.16,"Aurobindo Unit III, India",Yes,4689,8321.29,5.64,
85390,,FPQ-12088,,,"Congo, DRC",,,,,,N/A - From RDC,,,,,,SCMS from RDC,,Lamivudine/Zidovudine,Generic,30/60mg,,,,,,,,,,,,101-CD-T30,SO-45030,DN-3269,PMO - US,From RDC,N/A - From RDC,Air,4/12/2013,28-Aug-13,8-Feb-14,11-Mar-14,ARV,Pediatric,"Lamivudine/Zidovudine 30/60mg, tablets, 60 Tabs",Tablet - FDC,60.0,1413.0,3193.38,2.26,0.04,"Aurobindo Unit III, India",No,See DN-3269 (ID#:83711),See DN-3269 (ID#:83711),3.95,
69952,151-NG-T30,FPQ-15059,SCMS-260990,ASN-32010,Nigeria,PMO - US,Direct Drop,FCA,Air,10/8/14,10/23/14,2-Jun-15,2-Jun-15,3-Jun-15,ARV,Pediatric,ABBVIE LOGISTICS (FORMERLY ABBOTT LOGISTICS BV),"Lopinavir/Ritonavir 80/20mg/ml [Kaletra], oral solution, cool, Bottle 5 x 60 ml",Lopinavir/Ritonavir,Kaletra,80/20mg/ml,Oral solution,300.0,789.0,24316.98,30.82,0.1,ABBVIE (Abbott) Logis. UK,Yes,794,5808.69,25.0,,,,,,,,,,,,,,,,,,,,,,,,,,
19063,105-SS-T30,FPQ-12623,SCMS-200920,ASN-21751,South Sudan,PMO - US,Direct Drop,EXW,Air,7/18/13,8/6/13,18-Oct-13,18-Oct-13,18-Oct-13,HRDT,HIV test,"Trinity Biotech, Plc","HIV 1/2, Uni-Gold HIV Kit, 20 Tests","HIV 1/2, Uni-Gold HIV Kit",Uni-Gold,,Test kit,20.0,450.0,14400.0,32.0,1.6,"Trinity Biotech, Plc",No,See ASN-21751 (ID#:13968),See ASN-21751 (ID#:13968),17.81,,,,,,,,,,,,,,,,,,,,,,,,,,
13544,,,,,Côte d'Ivoire,,,,,,7/31/2014,,,,,,ABBVIE LOGISTICS (FORMERLY ABBOTT LOGISTICS BV),,Lopinavir/Ritonavir,Kaletra,80/20mg/ml,,,,,,,,,,,,104-CI-T30,SCMS-246550,ASN-29074,PMO - US,Direct Drop,FCA,Air,6/3/2014,3-Nov-14,3-Nov-14,7-Nov-14,ARV,Pediatric,"Lopinavir/Ritonavir 80/20mg/ml [Kaletra], oral solution, cool, Bottle 5 x 60 ml",Oral solution,300.0,500.0,15410.0,30.82,0.1,ABBVIE (Abbott) Logis. UK,Yes,505,6523.85,15.84,FPQ-14372
83305,,FPQ-15638,,,Uganda,,,,,,N/A - From RDC,,,,,,SCMS from RDC,,Lopinavir/Ritonavir,Aluvia,200/50mg,,,,,,,,,,,,114-UG-T30,SO-50640,DN-4105,PMO - US,From RDC,N/A - From RDC,Truck,12/22/2014,27-Feb-15,25-Feb-15,5-Mar-15,ARV,Adult,"Lopinavir/Ritonavir 200/50mg [Aluvia], tablets, 120 Tabs",Tablet,120.0,9833.0,185843.7,18.9,0.16,ABBVIE Ludwigshafen Germany,Yes,2033,9482.19,218.74,
83468,,FPQ-5925,,,Côte d'Ivoire,,,,,,N/A - From RDC,,,,,,SCMS from RDC,,Lopinavir/Ritonavir,Aluvia,200/50mg,,,,,,,,,,,,104-CI-T30,SO-38010,DN-2062,PMO - US,From RDC,N/A - From RDC,Air,6/23/2010,7-Dec-10,13-Dec-10,13-Dec-10,ARV,Adult,"Lopinavir/Ritonavir 200/50mg [Aluvia], tablets, 120 Tabs",Tablet,120.0,1000.0,36160.0,36.16,0.3,ABBVIE Ludwigshafen Germany,Yes,205,3962.5,77.96,
11637,114-UG-T01,Pre-PQ Process,SO-26161,DN-1226,Uganda,PMO - US,From RDC,N/A - From RDC,Air,Pre-PQ Process,N/A - From RDC,1-Jun-09,1-Jun-09,1-Jun-09,ARV,Adult,SCMS from RDC,"Lamivudine/Zidovudine 150/300mg, tablets, 60 Tabs",Lamivudine/Zidovudine,Generic,150/300mg,Tablet - FDC,60.0,685.0,6000.6,8.76,0.15,Mylan (formerly Matrix) Nashik,Yes,67,1122.87,11.76,,,,,,,,,,,,,,,,,,,,,,,,,,
64506,111-MZ-T30,FPQ-3999,SCMS-50180,ASN-4929,Mozambique,PMO - US,Direct Drop,EXW,Air,7/15/09,7/25/09,29-Sep-09,29-Sep-09,29-Sep-09,HRDT,HIV test,"Trinity Biotech, Plc","HIV 1/2, Uni-Gold HIV Kit, 20 Tests","HIV 1/2, Uni-Gold HIV Kit",Uni-Gold,,Test kit,20.0,4200.0,134400.0,32.0,1.6,"Trinity Biotech, Plc",Yes,1462,23097.81,263.42,,,,,,,,,,,,,,,,,,,,,,,,,,
39184,104-CI-T30,FPQ-7325,SCMS-106600,ASN-11740,Côte d'Ivoire,PMO - US,Direct Drop,EXW,Air,3/9/11,5/5/11,8-Sep-11,8-Sep-11,8-Sep-11,HRDT,HIV test,"Orgenics, Ltd","HIV 1/2, Determine Complete HIV Kit, 100 Tests","HIV 1/2, Determine Complete HIV Kit",Determine,,Test kit,100.0,2821.0,225680.0,80.0,0.8,Inverness Japan,Yes,1346,34282.33,372.37,,,,,,,,,,,,,,,,,,,,,,,,,,
81698,,,,,Vietnam,,,,,,11/13/2009,,,,,,Aurobindo Pharma Limited,,Lamivudine/Nevirapine/Zidovudine,Generic,150/300/200mg,,,,,,,,,,,,108-VN-T30,SCMS-57130,ASN-6268,PMO - US,Direct Drop,EXW,Air,10/20/2009,15-Mar-10,15-Mar-10,15-Mar-10,ARV,Adult,"Lamivudine/Nevirapine/Zidovudine 150/200/300mg, tablets, 60 Tabs",Tablet - FDC,60.0,12700.0,141605.0,11.15,0.19,"Aurobindo Unit III, India",Yes,1572,13479.25,277.55,FPQ-4265
84241,,,,,Uganda,,,,,,N/A - From RDC,,,,,,SCMS from RDC,,Abacavir/Lamivudine,Generic,600/300mg,,,,,,,,,,,,114-UG-T30,SO-43941,DN-3069,PMO - US,From RDC,N/A - From RDC,Air,12/13/2012,25-Apr-13,25-Apr-13,25-Apr-13,ARV,Adult,"Abacavir/Lamivudine 600/300mg, scored tablets, 30 Tabs",Tablet - FDC,30.0,7051.0,98431.96,13.96,0.47,Mylan (formerly Matrix) Nashik,No,See DN-3069 (ID#:83124),See DN-3069 (ID#:83124),121.76,FPQ-11143
83878,114-UG-T30,FPQ-14396,SO-48994,DN-4101,Uganda,PMO - US,From RDC,N/A - From RDC,Truck,6/4/14,N/A - From RDC,27-Feb-15,25-Feb-15,5-Mar-15,ARV,Pediatric,SCMS from RDC,"Abacavir/Lamivudine 60/30mg, tablets, 60 Tabs",Abacavir/Lamivudine,Generic,60/30mg,Tablet - FDC,60.0,11106.0,45423.54,4.09,0.07,Mylan (formerly Matrix) Nashik,No,See DN-4101 (ID#:82773),See DN-4101 (ID#:82773),46.7,,,,,,,,,,,,,,,,,,,,,,,,,,
12434,,Pre-PQ Process,,,Ethiopia,,,,,,N/A - From RDC,,,,,,SCMS from RDC,,Lamivudine,Generic,150mg,,,,,,,,,,,,117-ET-T01,SO-919,DN-389,PMO - US,From RDC,N/A - From RDC,,Pre-PQ Process,31-Oct-07,31-Oct-07,31-Oct-07,ARV,Adult,"Lamivudine 150mg, tablets, 60 Tabs",Tablet,60.0,3145.0,9560.8,3.04,0.05,"Aurobindo Unit III, India",Yes,162,810.86,15.3,
12323,,Pre-PQ Process,,,Côte d'Ivoire,,,,,,N/A - From RDC,,,,,,SCMS from RDC,,Nevirapine,Generic,10mg/ml,,,,,,,,,,,,104-CI-T01,SO-32830,DN-1451,PMO - US,From RDC,N/A - From RDC,Air,Date Not Captured,25-Aug-09,7-Oct-09,7-Oct-09,ARV,Pediatric,"Nevirapine 10mg/ml, oral suspension, Bottle, 240 ml",Oral suspension,240.0,1547.0,2970.24,1.92,0.01,"Aurobindo Unit III, India",Yes,581,1234.9,5.82,
85874,,,,,Nigeria,,,,,,N/A - From RDC,,,,,,SCMS from RDC,,Lamivudine/Nevirapine/Zidovudine,Generic,150/300/200mg,,,,,,,,,,,,151-NG-T30,SO-42642,DN-2733,PMO - US,From RDC,N/A - From RDC,Air Charter,3/1/2012,2-Aug-12,9-Jul-12,9-Jul-12,ARV,Adult,"Lamivudine/Nevirapine/Zidovudine 150/200/300mg, tablets, 60 Tabs",Tablet - FDC,60.0,180000.0,1765800.0,9.81,0.16,"Aurobindo Unit III, India",Yes,23096,21347.13,2475.65,FPQ-9432
85697,151-NG-T30,FPQ-5688,SO-36930,DN-1974,Nigeria,PMO - US,From RDC,N/A - From RDC,Air Charter,5/27/10,N/A - From RDC,31-Aug-10,17-Aug-10,17-Aug-10,ARV,Adult,SCMS from RDC,"Lamivudine/Nevirapine/Zidovudine 150/200/300mg, tablets, 60 Tabs",Lamivudine/Nevirapine/Zidovudine,Generic,150/300/200mg,Tablet - FDC,60.0,80000.0,897600.0,11.22,0.19,"Aurobindo Unit III, India",Yes,10519,6147.18,1935.23,,,,,,,,,,,,,,,,,,,,,,,,,,
40762,,FPQ-10089,,,Uganda,,,,,,6/12/2012,,,,,,Aurobindo Pharma Limited,,Lopinavir/Ritonavir,Generic,200/50mg,,,,,,,,,,,,900-UG-T30,SCMS-149400,ASN-15430,PMO - US,Direct Drop,EXW,Air,6/7/2012,18-Jul-12,23-Jul-12,23-Jul-12,ARV,Adult,"Lopinavir/Ritonavir 200/50mg, tablets, 120 Tabs",Tablet,120.0,10679.0,272314.5,25.5,0.21,"Aurobindo Unit III, India",Yes,2709,11409.29,381.78,
26571,144-BW-T30,FPQ-4167,SCMS-54170,ASN-5725,Botswana,PMO - US,Direct Drop,EXW,Air,9/9/09,9/30/09,5-Feb-10,5-Feb-10,5-Feb-10,HRDT,HIV test - Ancillary,Orasure Technologies Inc.,"#109435**HIV, OraQuick Controls Kit, 3 Vials","HIV, OraQuick Controls Kit, 3 Vials",OraQuick,,Test kit - Ancillary,3.0,10.0,250.0,25.0,8.33,"Orasure Technologies, Inc USA",Yes,6,322.12,0.49,,,,,,,,,,,,,,,,,,,,,,,,,,
86265,,FPQ-4659,,,Côte d'Ivoire,,,,,,N/A - From RDC,,,,,,SCMS from RDC,,Nevirapine,Generic,200mg,,,,,,,,,,,,104-CI-T30,SO-35810,DN-1641,PMO - US,From RDC,N/A - From RDC,Air,12/8/2009,10-May-10,15-Feb-10,15-Feb-10,ARV,Adult,"Nevirapine 200mg, tablets, 60 Tabs",Tablet,60.0,4149.0,11326.77,2.73,0.05,"Aurobindo Unit III, India",Yes,394,1083.3,24.42,
6400,,Pre-PQ Process,,,South Africa,,,,,,Date Not Captured,,,,,,S. BUYS WHOLESALER,,Zidovudine,Generic,10mg/ml,,,,,,,,,,,,116-ZA-T01,SCMS-41050,ASN-3635,PMO - US,Direct Drop,DDP,Air,Pre-PQ Process,21-Apr-09,5-Dec-08,5-Dec-08,ARV,Pediatric,"Zidovudine 10mg/ml, oral solution, Bottle, 240 ml",Oral solution,240.0,23.0,83.72,3.64,0.02,"Aurobindo Unit III, India",No,See ASN-3635 (ID#:3745),See ASN-3635 (ID#:3745),0.16,
48236,116-ZA-T30,FPQ-12522,SCMS-199283,ASN-27979,South Africa,PMO - US,Direct Drop,DDP,Truck,7/11/13,8/27/14,27-Aug-14,27-Aug-14,27-Aug-14,ARV,Pediatric,S. BUYS WHOLESALER,"Abacavir 20mg/ml, oral solution w/syringe, Bottle, 240 ml",Abacavir,Generic,20mg/ml,Oral solution,240.0,36.0,987.14,27.42,0.11,"Aurobindo Unit III, India",No,Weight Captured Separately,Freight Included in Commodity Cost,1.22,,,,,,,,,,,,,,,,,,,,,,,,,,
49003,,,,,Tanzania,,,,,,6/22/2011,,,,,,ABBVIE LOGISTICS (FORMERLY ABBOTT LOGISTICS BV),,Lopinavir/Ritonavir,Aluvia,200/50mg,,,,,,,,,,,,109-TZ-T30,SCMS-111640,ASN-12088,PMO - US,Direct Drop,FCA,Air,6/6/2011,24-Oct-11,24-Oct-11,24-Oct-11,ARV,Adult,"Lopinavir/Ritonavir 200/50mg [Aluvia], tablets, 120 Tabs",Tablet,120.0,20000.0,674000.0,33.7,0.28,ABBVIE Ludwigshafen Germany,Yes,4727,21584.02,1112.1,FPQ-7680
3896,116-ZA-T01,Pre-PQ Process,SCMS-47051,ASN-4836,South Africa,PMO - US,Direct Drop,DDP,Truck,Pre-PQ Process,6/5/09,12-Oct-09,28-Jul-09,28-Jul-09,ARV,Adult,S. BUYS WHOLESALER,"Zidovudine 300mg [Retrovir], tablets, 60 Tabs",Zidovudine,Retrovir,300mg,Tablet,60.0,200.0,3136.0,15.68,0.26,GSK Ware (UK),No,Weight Captured Separately,Freight Included in Commodity Cost,6.15,,,,,,,,,,,,,,,,,,,,,,,,,,
83132,102-DO-T30,FPQ-11791,SO-44740,DN-3117,Dominican Republic,PMO - US,From RDC,N/A - From RDC,Air,3/4/13,N/A - From RDC,24-Apr-13,21-May-13,21-May-13,ARV,Adult,SCMS from RDC,"Nevirapine 200mg, tablets, 60 Tabs",Nevirapine,Generic,200mg,Tablet,60.0,3200.0,7232.0,2.26,0.04,Hetero Unit III Hyderabad IN,Yes,1230,8281.7,8.95,,,,,,,,,,,,,,,,,,,,,,,,,,
54501,,FPQ-13675,,,Tanzania,,,,,,3/5/2014,,,,,,"Orgenics, Ltd",,"HIV 1/2, Determine Complete HIV Kit",Determine,,,,,,,,,,,,,109-TZ-T30,SCMS-225870,ASN-25988,PMO - US,Direct Drop,EXW,Air,2/3/2014,15-Jul-14,15-Jul-14,12-Aug-14,HRDT,HIV test,"HIV 1/2, Determine Complete HIV Kit, 100 Tests",Test kit,100.0,350.0,28000.0,80.0,0.8,"Alere Medical Co., Ltd.",Yes,144,2631.39,28.78,
79236,,,,,Vietnam,,,,,,2/17/2015,,,,,,MYLAN LABORATORIES LTD (FORMERLY MATRIX LABORATORIES),,Lamivudine/Nevirapine/Zidovudine,Generic,150/300/200mg,,,,,,,,,,,,108-VN-T30,SCMS-274360,ASN-32782,PMO - US,Direct Drop,EXW,Air,1/28/2015,30-Jul-15,2-Aug-15,3-Aug-15,ARV,Adult,"Lamivudine/Nevirapine/Zidovudine 150/200/300mg, tablets, 60 Tabs",Tablet - FDC,60.0,12816.0,103809.6,8.1,0.13,Mylan (formerly Matrix) Nashik,Yes,Weight Captured Separately,Invoiced Separately,122.18,FPQ-15692
44855,116-ZA-T30,FPQ-14942,SCMS-259073,ASN-30671,South Africa,PMO - US,Direct Drop,DDP,Truck,9/11/14,2/12/15,12-Feb-15,12-Feb-15,12-Feb-15,ARV,Adult,PHARMACY DIRECT,"Lamivudine 150mg, tablets, 60 Tabs",Lamivudine,Generic,150mg,Tablet,60.0,189.0,1248.67,6.61,0.11,"Aurobindo Unit III, India",No,Weight Captured Separately,Freight Included in Commodity Cost,1.28,,,,,,,,,,,,,,,,,,,,,,,,,,
47616,,FPQ-11488,,,Zimbabwe,,,,,,2/1/2013,,,,,,LAWRENCE LABORATORIES (SUBSIDIARY OF BRISTOL MYERS SQUIBB),,Didanosine,Videx,25mg,,,,,,,,,,,,103-ZW-T30,SCMS-174670,ASN-20191,PMO - US,Direct Drop,FCA,Air,1/17/2013,8-Jul-13,8-Jul-13,8-Jul-13,ARV,Pediatric,"Didanosine 25mg [Videx], chewable tablets, 60 Tabs",Chewable/dispersible tablet,60.0,703.0,4921.0,7.0,0.12,Bristol-Myers Squibb Anagni IT,Yes,162,2365.05,6.09,
4303,,,,,Rwanda,,,,,,2/26/2008,,,,,,"Trinity Biotech, Plc",,"HIV 1/2, Uni-Gold HIV Kit",Uni-Gold,,,,,,,,,,,,,107-RW-T01,SCMS-18350,ASN-1401,PMO - US,Direct Drop,EXW,Air,Pre-PQ Process,11-Jul-08,11-Jul-08,11-Jul-08,HRDT,HIV test,"HIV 1/2, Uni-Gold HIV Kit, 20 Tests",Test kit,20.0,3150.0,100800.0,32.0,1.6,"Trinity Biotech, Plc",Yes,1080,15987.05,161.28,Pre-PQ Process
54755,,FPQ-6488,,,Zimbabwe,,,,,,11/10/2010,,,,,,ABBVIE LOGISTICS (FORMERLY ABBOTT LOGISTICS BV),,Lopinavir/Ritonavir,Generic,100/25mg,,,,,,,,,,,,200-ZW-T30,SCMS-90710,ASN-12598,PMO - US,Direct Drop,FCA,Air,10/26/2010,21-Nov-11,21-Nov-11,21-Nov-11,ARV,Pediatric,"Lopinavir/Ritonavir 100/25mg [Aluvia], tablets, 60 Tabs",Tablet,60.0,5625.0,43368.75,7.71,0.13,ABBVIE Ludwigshafen Germany,Yes,665,7549.41,93.5,
82636,,FPQ-12086,,,Zimbabwe,,,,,,N/A - From RDC,,,,,,SCMS from RDC,,Lamivudine/Nevirapine/Zidovudine,Generic,30/50/60mg,,,,,,,,,,,,103-ZW-T30,SO-45120,DN-3488,PMO - US,From RDC,N/A - From RDC,Truck,4/19/2013,31-Jan-14,10-Feb-14,19-Mar-14,ARV,Pediatric,"Lamivudine/Nevirapine/Zidovudine 30/50/60mg, dispersible tablets, 60 Tabs",Chewable/dispersible tablet - FDC,60.0,115211.0,432041.25,3.75,0.06,Mylan (formerly Matrix) Nashik,Yes,6428,15847.19,534.44,
82360,,FPQ-6616,,,Dominican Republic,,,,,,N/A - From RDC,,,,,,SCMS from RDC,,Lamivudine,Generic,150mg,,,,,,,,,,,,200-DO-T30,SO-38020,DN-2065,PMO - US,From RDC,N/A - From RDC,Air,10/25/2010,31-Jan-11,8-Dec-10,8-Dec-10,ARV,Adult,"Lamivudine 150mg, tablets, 60 Tabs",Tablet,60.0,649.0,1512.17,2.33,0.04,Hetero Unit III Hyderabad IN,Yes,1787,18046.12,2.5,
40923,,,,,South Africa,,,,,,9/24/2010,,,,,,Aurobindo Pharma Limited,,Efavirenz,Generic,600mg,,,,,,,,,,,,161-ZA-T30,SCMS-83770,ASN-10212,PMO - US,Direct Drop,DDP,Ocean,8/31/2010,26-Apr-11,26-May-11,26-May-11,ARV,Adult,"Efavirenz 600mg, tablets, 30 Tabs",Tablet,30.0,125247.0,567368.91,4.53,0.15,"Aurobindo Unit III, India",Yes,Weight Captured Separately,Freight Included in Commodity Cost,1223.25,FPQ-6262
11379,,Pre-PQ Process,,,Zambia,,,,,,N/A - From RDC,,,,,,SCMS from RDC,,"HIV 1/2, Bioline 3.0 Kit, Lancets, Capillary pipets, Alcohol swabs included",Bioline,,,,,,,,,,,,,110-ZM-T01,SO-536,DN-136,PMO - US,From RDC,N/A - From RDC,Air,Pre-PQ Process,21-May-07,21-May-07,21-May-07,HRDT,HIV test,"HIV 1/2, Bioline 3.0 Kit, Lancets, Capillary pipets, Alcohol swabs included, 25 Tests",Test kit,25.0,452.0,9040.0,20.0,0.8,"Standard Diagnostics, Korea",Yes,Weight Captured Separately,1250.72,,
11579,,Pre-PQ Process,,,Nigeria,,,,,,N/A - From RDC,,,,,,SCMS from RDC,,Emtricitabine/Tenofovir Disoproxil Fumarate,Truvada,300/200mg,,,,,,,,,,,,112-NG-T01,SO-12780,DN-911,PMO - US,From RDC,N/A - From RDC,Air,Pre-PQ Process,12-Sep-08,12-Sep-08,12-Sep-08,ARV,Adult,"Emtricitabine/Tenofovir Disoproxil Fumarate 200/300mg [Truvada], tablets, 30 Tabs",Tablet - FDC,30.0,76.0,1995.0,26.25,0.88,"Aspen-OSD, Port Elizabeth, SA",Yes,7,747.5,3.19,
3970,,Pre-PQ Process,,,Rwanda,,,,,,12/28/2006,,,,,,Premier Medical Corporation Ltd.,,"HIV 1/2/O, First Response HIV 1-2.0, v.3.0 Cards Kit",First Response,,,,,,,,,,,,,107-RW-T01,SCMS-288,ASN-170,PMO - US,Direct Drop,EXW,Air,Pre-PQ Process,17-Jan-07,17-Jan-07,17-Jan-07,HRDT,HIV test,"HIV 1/2/O, First Response HIV 1-2.0, v.3.0 Cards Kit, 30 Tests",Test kit,30.0,2000.0,42000.0,21.0,0.7,Premier Med. Corp Ltd. India,Yes,600,5714.31,,
85267,,FPQ-9640,,,"Congo, DRC",,,,,,N/A - From RDC,,,,,,SCMS from RDC,,Nevirapine,Generic,200mg,,,,,,,,,,,,102-CD-T30,SO-41850,DN-2697,PMO - US,From RDC,N/A - From RDC,Air,4/2/2012,11-Sep-12,11-Sep-12,11-Sep-12,ARV,Adult,"Nevirapine 200mg, tablets, 60 Tabs",Tablet,60.0,1200.0,2928.0,2.44,0.04,"Strides, Bangalore, India.",No,See DN-2697 (ID#:83045),See DN-2697 (ID#:83045),4.11,
34781,,FPQ-6708,,,South Africa,,,,,,12/14/2010,,,,,,Aurobindo Pharma Limited,,Tenofovir Disoproxil Fumarate,Generic,300mg,,,,,,,,,,,,161-ZA-T30,SCMS-93560,ASN-11436,PMO - US,Direct Drop,DDP,Ocean,11/26/2010,15-Sep-11,15-Sep-11,15-Sep-11,ARV,Adult,"Tenofovir Disoproxil Fumarate 300mg, tablets, 30 Tabs",Tablet,30.0,54245.0,360729.25,6.65,0.22,"Aurobindo Unit III, India",Yes,5063,10748.74,595.2,
83409,151-NG-T30,FPQ-4537,SO-35065,DN-1725,Nigeria,PMO - US,From RDC,N/A - From RDC,Air Charter,11/6/09,N/A - From RDC,19-Apr-10,31-Mar-10,31-Mar-10,ARV,Adult,SCMS from RDC,"Lamivudine/Nevirapine/Zidovudine 150/200/300mg, tablets, 60 Tabs",Lamivudine/Nevirapine/Zidovudine,Generic,150/300/200mg,Tablet - FDC,60.0,1722.0,19320.84,11.22,0.19,"Aurobindo Unit III, India",Yes,202,Freight Included in Commodity Cost,41.66,,,,,,,,,,,,,,,,,,,,,,,,,,
11284,,Pre-PQ Process,,,Zimbabwe,,,,,,N/A - From RDC,,,,,,SCMS from RDC,,Efavirenz,Generic,600mg,,,,,,,,,,,,113-ZW-T01,SO-2503,DN-900,PMO - US,From RDC,N/A - From RDC,Truck,Pre-PQ Process,12-Sep-08,12-Sep-08,12-Sep-08,ARV,Adult,"Efavirenz 600mg, tablets, 30 Tabs",Tablet,30.0,4000.0,48040.0,12.01,0.4,"Aurobindo Unit III, India",Yes,8481,30585.17,76.86,
12267,,Pre-PQ Process,,,Ethiopia,,,,,,N/A - From RDC,,,,,,SCMS from RDC,,Lamivudine/Zidovudine,Generic,150/300mg,,,,,,,,,,,,117-ET-T01,SO-22190,DN-1091,PMO - US,From RDC,N/A - From RDC,Air,Pre-PQ Process,18-Feb-09,18-Feb-09,18-Feb-09,ARV,Adult,"Lamivudine/Zidovudine 150/300mg, tablets, 60 Tabs",Tablet - FDC,60.0,5000.0,43800.0,8.76,0.15,Mylan (formerly Matrix) Nashik,Yes,403,1719.65,85.85,
11914,510-KE-T01,Pre-PQ Process,SO-12690,DN-875,Kenya,PMO - US,From RDC,N/A - From RDC,Air,Pre-PQ Process,N/A - From RDC,26-Aug-08,26-Aug-08,26-Aug-08,HRDT,HIV test,SCMS from RDC,"HIV 1/2, Uni-Gold HIV Kit, 20 Tests","HIV 1/2, Uni-Gold HIV Kit",Uni-Gold,,Test kit,20.0,4926.0,157632.0,32.0,1.6,"Trinity Biotech, Plc",Yes,2695,11898.8,252.21,,,,,,,,,,,,,,,,,,,,,,,,,,
84257,,FPQ-11033,,,Mozambique,,,,,,N/A - From RDC,,,,,,SCMS from RDC,,Lamivudine/Nevirapine/Zidovudine,Generic,150/300/200mg,,,,,,,,,,,,111-MZ-T30,SO-43790,DN-3102,PMO - US,From RDC,N/A - From RDC,Truck,11/12/2012,1-Aug-13,1-Aug-13,1-Aug-13,ARV,Adult,"Lamivudine/Nevirapine/Zidovudine 150/200/300mg, tablets, 60 Tabs",Tablet - FDC,60.0,25400.0,217932.0,8.58,0.14,"Cipla, Goa, India",No,See DN-3102 (ID#:82573),See DN-3102 (ID#:82573),269.58,
30065,133-NG-T30,FPQ-6606,SCMS-91790,ASN-8940,Nigeria,PMO - US,Direct Drop,EXW,Air,10/29/10,11/9/10,17-Dec-10,17-Dec-10,17-Dec-10,HRDT,HIV test,"Trinity Biotech, Plc","HIV 1/2, Uni-Gold HIV Kit, 20 Tests","HIV 1/2, Uni-Gold HIV Kit",Uni-Gold,,Test kit,20.0,3750.0,120000.0,32.0,1.6,"Trinity Biotech, Plc",Yes,1072,16036.98,198.0,,,,,,,,,,,,,,,,,,,,,,,,,,
86306,,FPQ-4711,,,Mozambique,,,,,,N/A - From RDC,,,,,,SCMS from RDC,,Lamivudine/Nevirapine/Zidovudine,Generic,150/300/200mg,,,,,,,,,,,,111-MZ-T30,SO-35730,DN-1832,PMO - US,From RDC,N/A - From RDC,Truck,12/23/2009,30-Jun-10,14-Jun-10,14-Jun-10,ARV,Adult,"Lamivudine/Nevirapine/Zidovudine 150/200/300mg, tablets, 60 Tabs",Tablet - FDC,60.0,13446.0,150864.12,11.22,0.19,Mylan (formerly Matrix) Nashik,No,See DN-1832 (ID#:82321),See DN-1832 (ID#:82321),325.26,
12204,,,,,Ethiopia,,,,,,N/A - From RDC,,,,,,SCMS from RDC,,Nevirapine,Generic,200mg,,,,,,,,,,,,117-ET-T01,SO-1974,DN-703,PMO - US,From RDC,N/A - From RDC,Air,Pre-PQ Process,21-Apr-08,21-Apr-08,21-Apr-08,ARV,Adult,"Nevirapine 200mg, tablets, 60 Tabs",Tablet,60.0,1440.0,4896.0,3.4,0.06,Hetero Unit III Hyderabad IN,No,See DN-703 (ID#:11263),See DN-703 (ID#:11263),7.83,Pre-PQ Process
80639,106-HT-T30,FPQ-14895,SCMS-261020,ASN-30367,Haiti,PMO - US,Direct Drop,EXW,Air,9/24/14,11/14/14,26-Feb-15,26-Feb-15,27-Feb-15,ARV,Adult,HETERO LABS LIMITED,"Efavirenz 600mg, tablets, 30 Tabs",Efavirenz,Generic,600mg,Tablet,30.0,56352.0,197232.0,3.5,0.12,"Hetero, Jadcherla, unit 5, IN",Yes,4792,30046.84,202.75,,,,,,,,,,,,,,,,,,,,,,,,,,
12490,,Pre-PQ Process,,,Haiti,,,,,,N/A - From RDC,,,,,,SCMS from RDC,,Stavudine,Generic,20mg,,,,,,,,,,,,106-HT-T01,SO-2053,DN-744,PMO - US,From RDC,N/A - From RDC,Air,Pre-PQ Process,2-Jun-08,2-Jun-08,2-Jun-08,ARV,Adult,"Stavudine 20mg, capsules, 60 Caps",Capsule,60.0,39.0,68.25,1.75,0.03,"Aurobindo Unit III, India",No,See DN-744 (ID#:10684),See DN-744 (ID#:10684),0.11,
85682,,FPQ-5023,,,Nigeria,,,,,,N/A - From RDC,,,,,,SCMS from RDC,,Efavirenz,Generic,600mg,,,,,,,,,,,,151-NG-T30,SO-36440,DN-1898,PMO - US,From RDC,N/A - From RDC,Air,2/10/2010,15-Jul-10,28-Jun-10,28-Jun-10,ARV,Adult,"Efavirenz 600mg, tablets, 30 Tabs",Tablet,30.0,44295.0,203757.0,4.6,0.15,"Strides, Bangalore, India.",Yes,3045,Freight Included in Commodity Cost,439.3,
54064,,,,,South Africa,,,,,,12/2/2013,,,,,,S. BUYS WHOLESALER,,Abacavir,Generic,300mg,,,,,,,,,,,,116-ZA-T30,SCMS-215370,ASN-24415,PMO - US,Direct Drop,DDP,Truck,10/8/2013,6-Feb-14,6-Feb-14,6-Feb-14,ARV,Adult,"Abacavir 300mg, tablets, 60 Tabs",Tablet,60.0,94.0,6070.54,64.58,1.08,"Aurobindo Unit III, India",No,Weight Captured Separately,Freight Included in Commodity Cost,7.51,FPQ-13035
3896,,,,,South Africa,,,,,,6/5/2009,,,,,,S. BUYS WHOLESALER,,Zidovudine,Retrovir,300mg,,,,,,,,,,,,116-ZA-T01,SCMS-47051,ASN-4836,PMO - US,Direct Drop,DDP,Truck,Pre-PQ Process,12-Oct-09,28-Jul-09,28-Jul-09,ARV,Adult,"Zidovudine 300mg [Retrovir], tablets, 60 Tabs",Tablet,60.0,200.0,3136.0,15.68,0.26,GSK Ware (UK),No,Weight Captured Separately,Freight Included in Commodity Cost,6.15,Pre-PQ Process
83063,,,,,Côte d'Ivoire,,,,,,N/A - From RDC,,,,,,SCMS from RDC,,Efavirenz,Generic,600mg,,,,,,,,,,,,104-CI-T30,SO-41341,DN-2787,PMO - US,From RDC,N/A - From RDC,Truck,12/21/2011,31-Aug-12,12-Aug-12,12-Aug-12,ARV,Adult,"Efavirenz 600mg, tablets, 30 Tabs",Tablet,30.0,54392.0,207233.52,3.81,0.13,Hetero Unit III Hyderabad IN,Yes,4883,16898.58,290.54,FPQ-9063
11048,,,,,Nigeria,,,,,,N/A - From RDC,,,,,,SCMS from RDC,,Lamivudine/Nevirapine/Stavudine,Generic,150/200/30mg,,,,,,,,,,,,112-NG-T01,SO-21050,DN-1244,PMO - US,From RDC,N/A - From RDC,Air Charter,Pre-PQ Process,16-Jun-09,16-Jun-09,16-Jun-09,ARV,Adult,"Lamivudine/Nevirapine/Stavudine 150/200/30mg, tablets, 60 Tabs",Tablet - FDC,60.0,5512.0,39245.44,7.12,0.12,"Cipla, Goa, India",Yes,1165,7329.83,76.92,Pre-PQ Process
6884,,,,,Haiti,,,,,,2/4/2008,,,,,,"Trinity Biotech, Plc",,"HIV 1/2, Capillus HIV Kit",Capillus,,,,,,,,,,,,,106-HT-T01,SCMS-15590,ASN-1328,PMO - US,Direct Drop,EXW,Air,Pre-PQ Process,18-Feb-08,18-Feb-08,18-Feb-08,HRDT,HIV test,"HIV 1/2, Capillus HIV Kit, 100 Tests",Test kit,100.0,8.0,1112.0,139.0,1.39,"Trinity Biotech, Plc",Yes,6,3238.79,1.78,Pre-PQ Process
53281,109-TZ-T30,FPQ-7909,SCMS-115000,ASN-11742,Tanzania,PMO - US,Direct Drop,EXW,Air,6/24/11,7/14/11,5-Oct-11,5-Oct-11,5-Oct-11,HRDT,HIV test,"Trinity Biotech, Plc","HIV 1/2, Uni-Gold HIV Kit, 20 Tests","HIV 1/2, Uni-Gold HIV Kit",Uni-Gold,,Test kit,20.0,450.0,14400.0,32.0,1.6,"Trinity Biotech, Plc",Yes,149,2242.31,23.76,,,,,,,,,,,,,,,,,,,,,,,,,,
84719,,FPQ-9190,,,Rwanda,,,,,,N/A - From RDC,,,,,,SCMS from RDC,,Efavirenz,Generic,200mg,,,,,,,,,,,,107-RW-T30,SO-41430,DN-2625,PMO - US,From RDC,N/A - From RDC,Air,1/27/2012,29-Jun-12,17-Apr-12,17-Apr-12,ARV,Pediatric,"Efavirenz 200mg, capsule, 90 Caps",Capsule,90.0,487.0,4207.68,8.64,0.1,"Aurobindo Unit III, India",Yes,66,585.42,5.9,
49380,,,,,South Africa,,,,,,9/22/2009,,,,,,S. BUYS WHOLESALER,,Lamivudine,Generic,150mg,,,,,,,,,,,,116-ZA-T30,SCMS-50370,ASN-5460,PMO - US,Direct Drop,DDP,Truck,5/7/2009,29-Oct-09,29-Oct-09,29-Oct-09,ARV,Adult,"Lamivudine 150mg, tablets, 60 Tabs",Tablet,60.0,2000.0,19410.49,9.71,0.16,"Aurobindo Unit III, India",Yes,Weight Captured Separately,Freight Included in Commodity Cost,38.04,FPQ-3596
11672,,Pre-PQ Process,,,Zambia,,,,,,N/A - From RDC,,,,,,SCMS from RDC,,Abacavir,Generic,300mg,,,,,,,,,,,,110-ZM-T01,SO-32550,DN-1382,PMO - US,From RDC,N/A - From RDC,Truck,Date Not Captured,17-Aug-09,17-Aug-09,17-Aug-09,ARV,Adult,"Abacavir 300mg, tablets, 60 Tabs",Tablet,60.0,10406.0,264832.7,25.45,0.42,Mylan (formerly Matrix) Nashik,No,See DN-1382 (ID#:10788),See DN-1382 (ID#:10788),519.07,
86302,106-HT-T30,FPQ-4384,SO-36190,DN-1812,Haiti,PMO - US,From RDC,N/A - From RDC,Air,10/23/09,N/A - From RDC,17-May-10,19-May-10,19-May-10,ARV,Adult,SCMS from RDC,"Nevirapine 200mg, tablets, 60 Tabs",Nevirapine,Generic,200mg,Tablet,60.0,26400.0,70224.0,2.66,0.04,"Strides, Bangalore, India.",Yes,1456,25493.03,151.4,,,,,,,,,,,,,,,,,,,,,,,,,,
19851,,FPQ-12777,,,Uganda,,,,,,8/9/2013,,,,,,Aurobindo Pharma Limited,,Nevirapine,Generic,10mg/ml,,,,,,,,,,,,114-UG-T30,SCMS-202560,ASN-22984,PMO - US,Direct Drop,EXW,Air,8/5/2013,10-Dec-13,12-Dec-13,13-Dec-13,ARV,Pediatric,"Nevirapine 10mg/ml, oral suspension w/syringe, Bottle, 100 ml",Oral suspension,100.0,11310.0,14703.0,1.3,0.01,"Aurobindo Unit III, India",Yes,2454,10898.12,18.19,
2298,,Pre-PQ Process,,,Vietnam,,,,,,1/16/2009,,,,,,Aurobindo Pharma Limited,,Lamivudine/Nevirapine/Zidovudine,Generic,150/300/200mg,,,,,,,,,,,,108-VN-T01,SCMS-37170,ASN-3562,PMO - US,Direct Drop,EXW,Air,Pre-PQ Process,10-Apr-09,10-Apr-09,10-Apr-09,ARV,Adult,"Lamivudine/Nevirapine/Zidovudine 150/200/300mg, tablets, 60 Tabs",Tablet - FDC,60.0,700.0,7805.0,11.15,0.19,"Aurobindo Unit III, India",No,See ASN-3562 (ID#:960),See ASN-3562 (ID#:960),15.3,
85590,111-MZ-T30,FPQ-15229,SO-50500,DN-4237,Mozambique,PMO - US,From RDC,N/A - From RDC,Truck,10/17/14,N/A - From RDC,29-May-15,15-Jun-15,15-Jun-15,ARV,Adult,SCMS from RDC,"Tenofovir Disoproxil Fumarate 300mg, tablets, 30 Tabs",Tenofovir Disoproxil Fumarate,Generic,300mg,Tablet,30.0,960.0,3408.0,3.55,0.12,Hetero Unit III Hyderabad IN,Yes,76,137.4,4.01,,,,,,,,,,,,,,,,,,,,,,,,,,
10547,,Pre-PQ Process,,,Zambia,,,,,,N/A - From RDC,,,,,,SCMS from RDC,,Emtricitabine/Tenofovir Disoproxil Fumarate,Truvada,300/200mg,,,,,,,,,,,,110-ZM-T01,SO-210,DN-114,PMO - US,From RDC,N/A - From RDC,,Pre-PQ Process,16-May-07,16-May-07,16-May-07,ARV,Adult,"Emtricitabine/Tenofovir Disoproxil Fumarate 200/300mg [Truvada], tablets, 30 Tabs",Tablet - FDC,30.0,14851.0,389838.75,26.25,0.88,Gilead(Nycomed) Oranienburg DE,Yes,899,5245.98,,
73757,,FPQ-14790,,,Zambia,,,,,,8/20/2014,,,,,,ABBVIE LOGISTICS (FORMERLY ABBOTT LOGISTICS BV),,Lopinavir/Ritonavir,Kaletra,80/20mg/ml,,,,,,,,,,,,110-ZM-T30,SCMS-253022,ASN-31640,PMO - US,Direct Drop,FCA,Air,8/13/2014,18-May-15,18-May-15,19-May-15,ARV,Pediatric,"Lopinavir/Ritonavir 80/20mg/ml [Kaletra], oral solution, cool, Bottle 5 x 60 ml",Oral solution,300.0,2265.0,69807.3,30.82,0.1,ABBVIE (Abbott) Logis. UK,Yes,2272,13303.8,71.76,
82452,,,,,Côte d'Ivoire,,,,,,N/A - From RDC,,,,,,SCMS from RDC,,Tenofovir Disoproxil Fumarate,Generic,300mg,,,,,,,,,,,,104-CI-T30,SO-40820,DN-2551,PMO - US,From RDC,N/A - From RDC,Truck,8/29/2011,2-Mar-12,24-Feb-12,24-Feb-12,ARV,Adult,"Tenofovir Disoproxil Fumarate 300mg, tablets, 30 Tabs",Tablet,30.0,2160.0,11880.0,5.5,0.18,Mylan (formerly Matrix) Nashik,Yes,1122,6009.47,19.6,FPQ-8363
7749,116-ZA-T01,Pre-PQ Process,SCMS-41584,ASN-4385,South Africa,PMO - US,Direct Drop,DDP,Air,Pre-PQ Process,3/27/09,25-Jun-09,20-Apr-09,20-Apr-09,ARV,Adult,S. BUYS WHOLESALER,"Lopinavir/Ritonavir 200/50mg [Aluvia], tablets, 120 Tabs",Lopinavir/Ritonavir,Aluvia,200/50mg,Tablet,120.0,2965.0,106680.7,35.98,0.3,ABBVIE Ludwigshafen Germany,No,Weight Captured Separately,Freight Included in Commodity Cost,209.09,,,,,,,,,,,,,,,,,,,,,,,,,,
45090,116-ZA-T30,FPQ-11828,SCMS-183950,ASN-19166,South Africa,South Africa Field Office,Direct Drop,DDP,Truck,3/18/13,Date Not Captured,16-Apr-13,16-Apr-13,16-Apr-13,ARV,Adult,S. BUYS WHOLESALER,"Tenofovir Disoproxil Fumarate 300mg, tablets, 30 Tabs",Tenofovir Disoproxil Fumarate,Generic,300mg,Tablet,30.0,621.0,12768.22,20.56,0.69,"Aurobindo Unit III, India",No,Weight Captured Separately,Freight Included in Commodity Cost,15.79,,,,,,,,,,,,,,,,,,,,,,,,,,
83210,,FPQ-12086,,,Zimbabwe,,,,,,N/A - From RDC,,,,,,SCMS from RDC,,Efavirenz,Generic,200mg,,,,,,,,,,,,103-ZW-T30,SO-45123,DN-3549,PMO - US,From RDC,N/A - From RDC,Truck,4/19/2013,31-Mar-14,11-Feb-14,4-Mar-14,ARV,Pediatric,"Efavirenz 200mg, scored tablets, 90 Tabs",Tablet,90.0,266.0,2473.8,9.3,0.1,"Strides, Bangalore, India.",Yes,17,1200,3.06,
41943,108-VN-T30,FPQ-15692,SCMS-274370,ASN-32262,Vietnam,PMO - US,Direct Drop,EXW,Air,1/28/15,2/17/15,13-Jul-15,13-Jul-15,14-Jul-15,ARV,Adult,HETERO LABS LIMITED,"Efavirenz/Lamivudine/Tenofovir Disoproxil Fumarate 600/300/300mg, tablets, 30 Tabs",Efavirenz/Lamivudine/Tenofovir Disoproxil Fumarate,Generic,600/300/300mg,Tablet - FDC,30.0,9600.0,96000.0,10.0,0.33,Hetero Unit III Hyderabad IN,Yes,Weight Captured Separately,Invoiced Separately,112.99,,,,,,,,,,,,,,,,,,,,,,,,,,
84646,,,,,Guyana,,,,,,N/A - From RDC,,,,,,SCMS from RDC,,Nevirapine,Generic,10mg/ml,,,,,,,,,,,,105-GY-T30,SO-39360,DN-2204,PMO - US,From RDC,N/A - From RDC,Air,3/22/2011,20-Jun-11,16-May-11,16-May-11,ARV,Pediatric,"Nevirapine 10mg/ml, oral suspension w/syringe, Bottle, 240 ml",Oral suspension,240.0,600.0,1170.0,1.95,0.01,"Aurobindo Unit III, India",Yes,239,3106.89,1.93,FPQ-7464
85955,,FPQ-10633,,,Côte d'Ivoire,,,,,,N/A - From RDC,,,,,,SCMS from RDC,,Lamivudine/Zidovudine,Generic,150/300mg,,,,,,,,,,,,104-CI-T30,SO-43330,DN-3075,PMO - US,From RDC,N/A - From RDC,Truck,9/11/2012,28-Mar-13,30-Mar-13,30-Mar-13,ARV,Adult,"Lamivudine/Zidovudine 150/300mg, tablets, 60 Tabs",Tablet - FDC,60.0,43848.0,318774.96,7.27,0.12,"Cipla, Goa, India",No,See DN-3075 (ID#:83129),See DN-3075 (ID#:83129),446.92,
86411,114-UG-T30,FPQ-7162,SO-38803,DN-2344,Uganda,PMO - US,From RDC,N/A - From RDC,Truck,2/14/11,N/A - From RDC,30-Sep-11,26-Sep-11,26-Sep-11,ARV,Adult,SCMS from RDC,"Efavirenz 600mg, tablets, 30 Tabs",Efavirenz,Generic,600mg,Tablet,30.0,2688.0,11343.36,4.22,0.14,"Strides, Bangalore, India.",No,See DN-2344 (ID#:85789),See DN-2344 (ID#:85789),18.72,,,,,,,,,,,,,,,,,,,,,,,,,,
86376,,,,,Nigeria,,,,,,N/A - From RDC,,,,,,SCMS from RDC,,Efavirenz/Emtricitabine/Tenofovir Disoproxil Fumarate,Generic,600/200/300mg,,,,,,,,,,,,151-NG-T30,SO-39180,DN-2168,PMO - US,From RDC,N/A - From RDC,Air Charter,12/7/2010,21-Jun-11,11-May-11,11-May-11,ARV,Adult,"Efavirenz/Emtricitabine/Tenofovir Disoproxil Fumarate 600/200/300mg, tablets, 30 Tabs",Tablet - FDC,30.0,30000.0,597600.0,19.92,0.66,Mylan (formerly Matrix) Nashik,Yes,3272,12601.07,986.04,FPQ-6800
398,,,,,Guyana,,,,,,2/28/2008,,,,,,"Orgenics, Ltd",,"HIV, Lancet, Safety, for HIV Test kits, 100 Pcs",Generic,,,,,,,,,,,,,102-GY-T01,SCMS-18480,ASN-1502,PMO - US,Direct Drop,EXW,Air,Pre-PQ Process,9-Apr-08,1-Apr-08,1-Apr-08,HRDT,HIV test - Ancillary,"HIV, Lancet, Safety, for HIV Test kits, 100 Pcs",Test kit - Ancillary,100.0,240.0,2.4,0.01,0.0,Inverness Japan,Yes,Weight Captured Separately,Invoiced Separately,0.0,Pre-PQ Process
66205,106-HT-T30,FPQ-15038,SCMS-263050,ASN-31197,Haiti,PMO - US,Direct Drop,EXW,Air,10/22/14,12/24/14,26-Mar-15,26-Mar-15,26-Mar-15,ARV,Adult,EMCURE PHARMACEUTICALS LTD,"Atazanavir/Ritonavir 300/100mg, tablets, 30 Tabs",Atazanavir/Ritonavir,Generic,300/100mg,Tablet,30.0,1000.0,18000.0,18.0,0.6,"Emcure Plot No.P-2, I.T-B.T. Park, Phase II, MIDC, Hinjwadi, Pune, India",Yes,133,1604.56,18.5,,,,,,,,,,,,,,,,,,,,,,,,,,
31041,,,,,South Africa,,,,,,8/3/2009,,,,,,S. BUYS WHOLESALER,,Tenofovir Disoproxil Fumarate,Viread,300mg,,,,,,,,,,,,116-ZA-T30,SCMS-50950,ASN-5006,PMO - US,Direct Drop,DDP,Truck,5/7/2009,3-Sep-09,3-Sep-09,3-Sep-09,ARV,Adult,"Tenofovir Disoproxil Fumarate 300mg [Viread], tablets, 30 Tabs",Tablet,30.0,3700.0,98942.55,26.74,0.89,"Aspen-OSD, Port Elizabeth, SA",No,Weight Captured Separately,Freight Included in Commodity Cost,193.93,FPQ-3560
83116,,FPQ-11526,,,Haiti,,,,,,N/A - From RDC,,,,,,SCMS from RDC,,Lamivudine/Stavudine,Generic,30/6mg,,,,,,,,,,,,106-HT-T30,SO-44440,DN-3044,PMO - US,From RDC,N/A - From RDC,Air,1/30/2013,30-Apr-13,21-Mar-13,21-Mar-13,ARV,Pediatric,"Lamivudine/Stavudine 30/6mg, dispersible tablets, 60 Tabs",Chewable/dispersible tablet - FDC,60.0,822.0,1561.8,1.9,0.03,"Cipla, Goa, India",Yes,107,1779.74,1.93,
25393,103-CM-T30,FPQ-10128,SCMS-151590,ASN-15819,Cameroon,PMO - US,Direct Drop,EXW,Air,6/22/12,7/16/12,17-Aug-12,17-Aug-12,17-Aug-12,HRDT,HIV test,Orasure Technologies Inc.,"HIV 1/2, OraQuick Advance HIV Rapid Antibody Kit, 100 Tests","HIV 1/2, OraQuick Advance HIV Rapid Antibody Kit",OraQuick,,Test kit,100.0,30.0,10500.0,350.0,3.5,"Pacific Biotech, Thailand",Yes,72,1765.54,14.72,,,,,,,,,,,,,,,,,,,,,,,,,,
83068,,FPQ-9906,,,"Congo, DRC",,,,,,N/A - From RDC,,,,,,SCMS from RDC,,Lamivudine/Zidovudine,Generic,150/300mg,,,,,,,,,,,,102-CD-T30,SO-42340,DN-2812,PMO - US,From RDC,N/A - From RDC,Air,5/15/2012,14-Feb-13,14-Feb-13,14-Feb-13,ARV,Adult,"Lamivudine/Zidovudine 150/300mg, tablets, 60 Tabs",Tablet - FDC,60.0,1224.0,9449.28,7.72,0.13,Mylan (formerly Matrix) Nashik,Yes,3637,25634.47,13.25,
59715,,FPQ-11103,,,"Congo, DRC",,,,,,1/3/2013,,,,,,ABBVIE LOGISTICS (FORMERLY ABBOTT LOGISTICS BV),,Lopinavir/Ritonavir,Kaletra,80/20mg/ml,,,,,,,,,,,,101-CD-T30,SCMS-170640,ASN-18069,PMO - US,Direct Drop,FCA,Air,12/7/2012,16-Apr-13,16-Apr-13,16-Apr-13,ARV,Pediatric,"Lopinavir/Ritonavir 80/20mg/ml [Kaletra], oral solution, cool, Bottle 5 x 60 ml",Oral solution,300.0,60.0,1849.2,30.82,0.1,ABBVIE (Abbott) Logis. UK,Yes,113,1421.86,2.29,
5081,,Pre-PQ Process,,,South Africa,,,,,,Date Not Captured,,,,,,S. BUYS WHOLESALER,,Efavirenz,Stocrin/Sustiva,200mg,,,,,,,,,,,,116-ZA-T01,SCMS-42430,ASN-4226,PMO - US,Direct Drop,DDP,Truck,Pre-PQ Process,15-May-09,15-May-09,15-May-09,ARV,Pediatric,"Efavirenz 200mg [Stocrin/Sustiva], capsule, 90 Caps",Capsule,90.0,100.0,3220.0,32.2,0.36,"MSD Midrand, J'burg, SA",Yes,Weight Captured Separately,Freight Included in Commodity Cost,6.31,
85647,,FPQ-4384,,,Haiti,,,,,,N/A - From RDC,,,,,,SCMS from RDC,,Stavudine,Generic,1mg/ml,,,,,,,,,,,,106-HT-T30,SO-34720,DN-1590,PMO - US,From RDC,N/A - From RDC,Air Charter,10/23/2009,25-Dec-09,17-Dec-09,17-Dec-09,ARV,Pediatric,"Stavudine 1mg/ml, powder for oral solution, 200 ml",Oral solution,200.0,250.0,350.0,1.4,0.01,"Aurobindo Unit III, India",No,See DN-1590 (ID#:83388),See DN-1590 (ID#:83388),0.75,
84339,111-MZ-T30,FPQ-12421,SO-45900,DN-3564,Mozambique,PMO - US,From RDC,N/A - From RDC,Truck,6/28/13,N/A - From RDC,28-Mar-14,28-Mar-14,4-Apr-14,ARV,Adult,SCMS from RDC,"Efavirenz/Lamivudine/Tenofovir Disoproxil Fumarate 600/300/300mg, tablets, 30 Tabs",Efavirenz/Lamivudine/Tenofovir Disoproxil Fumarate,Generic,600/300/300mg,Tablet - FDC,30.0,180194.0,1958708.78,10.87,0.36,"Aurobindo Unit VII, IN",Yes,13739,Freight Included in Commodity Cost,2422.92,,,,,,,,,,,,,,,,,,,,,,,,,,
86809,,FPQ-15294,,,Uganda,,,,,,N/A - From RDC,,,,,,SCMS from RDC,,Lamivudine/Nevirapine/Zidovudine,Generic,30/50/60mg,,,,,,,,,,,,114-UG-T30,SO-50070,DN-4259,PMO - US,From RDC,N/A - From RDC,Truck,11/3/2014,30-Jun-15,4-Jun-15,15-Jun-15,ARV,Pediatric,"Lamivudine/Nevirapine/Zidovudine 30/50/60mg, dispersible tablets, 60 Tabs",Chewable/dispersible tablet - FDC,60.0,29287.0,105433.2,3.6,0.06,"Strides, Bangalore, India.",No,See DN-4259 (ID#:86808),See DN-4259 (ID#:86808),124.09,
6369,106-HT-T01,Pre-PQ Process,SCMS-40030,ASN-3748,Haiti,PMO - US,Direct Drop,FCA,Air,Pre-PQ Process,3/6/09,15-Apr-09,15-Apr-09,15-Apr-09,ARV,Adult,ABBVIE LOGISTICS (FORMERLY ABBOTT LOGISTICS BV),"Lopinavir/Ritonavir 200/50mg [Aluvia], tablets, 120 Tabs",Lopinavir/Ritonavir,Aluvia,200/50mg,Tablet,120.0,10.0,411.0,41.1,0.34,ABBVIE Ludwigshafen Germany,Yes,9,807.28,0.81,,,,,,,,,,,,,,,,,,,,,,,,,,
12178,106-HT-T01,Pre-PQ Process,SO-2595,DN-837,Haiti,PMO - US,From RDC,N/A - From RDC,Air,Pre-PQ Process,N/A - From RDC,1-Aug-08,1-Aug-08,1-Aug-08,ARV,Adult,SCMS from RDC,"Lamivudine/Zidovudine 150/300mg, tablets, 60 Tabs",Lamivudine/Zidovudine,Generic,150/300mg,Tablet - FDC,60.0,16752.0,158306.4,9.45,0.16,"Aurobindo Unit III, India",Yes,1580,11572,253.29,,,,,,,,,,,,,,,,,,,,,,,,,,
10889,,Pre-PQ Process,,,Uganda,,,,,,N/A - From RDC,,,,,,SCMS from RDC,,Efavirenz,Generic,600mg,,,,,,,,,,,,114-UG-T01,SO-1123,DN-381,PMO - US,From RDC,N/A - From RDC,Air,Pre-PQ Process,5-Nov-07,5-Nov-07,5-Nov-07,ARV,Adult,"Efavirenz 600mg, tablets, 30 Tabs",Tablet,30.0,1717.0,21325.14,12.42,0.41,"Aurobindo Unit III, India",Yes,151,1157.58,34.12,
83709,101-CD-T30,FPQ-12033,SO-45020,DN-3268,"Congo, DRC",PMO - US,From RDC,N/A - From RDC,Air,4/8/13,N/A - From RDC,27-Aug-13,8-Feb-14,11-Mar-14,ARV,Adult,SCMS from RDC,"Efavirenz 600mg, tablets, 30 Tabs",Efavirenz,Generic,600mg,Tablet,30.0,238.0,792.54,3.33,0.11,"Strides, Bangalore, India.",No,See DN-3268 (ID#:82595),See DN-3268 (ID#:82595),0.98,,,,,,,,,,,,,,,,,,,,,,,,,,
37979,103-ZW-T30,FPQ-9905,SCMS-148290,ASN-16417,Zimbabwe,PMO - US,Direct Drop,FCA,Air,5/29/12,7/18/12,8-Nov-12,8-Nov-12,8-Nov-12,ARV,Pediatric,ABBVIE LOGISTICS (FORMERLY ABBOTT LOGISTICS BV),"Lopinavir/Ritonavir 80/20mg/ml [Kaletra], oral solution, cool, Bottle 5 x 60 ml",Lopinavir/Ritonavir,Kaletra,80/20mg/ml,Oral solution,300.0,1500.0,46230.0,30.82,0.1,ABBVIE (Abbott) Logis. UK,Yes,1374,15593.13,64.81,,,,,,,,,,,,,,,,,,,,,,,,,,
11286,,,,,Zimbabwe,,,,,,N/A - From RDC,,,,,,SCMS from RDC,,Efavirenz,Generic,600mg,,,,,,,,,,,,113-ZW-T01,SO-11210,DN-857,PMO - US,From RDC,N/A - From RDC,Truck,Pre-PQ Process,26-Jul-08,26-Jul-08,26-Jul-08,ARV,Adult,"Efavirenz 600mg, tablets, 30 Tabs",Tablet,30.0,4000.0,48040.0,12.01,0.4,"Aurobindo Unit III, India",Yes,342,1648.64,76.86,Pre-PQ Process
7172,,,,,Nigeria,,,,,,6/2/2008,,,,,,IDA FOUNDATION,,Sulfadoxine/Pyrimethamine,Generic,500/25mg,,,,,,,,,,,,130-NG-T01,SCMS-24590,ASN-2024,PMO - US,Direct Drop,EXW,Air,Pre-PQ Process,31-Jul-08,31-Jul-08,31-Jul-08,ANTM,Malaria,"Sulfadoxine/Pyrimethamine 500/25mg, tablets, 1000 Tabs",Tablet - FDC,1000.0,20.0,527.0,26.35,0.03,"Micro Labs Ltd. (Brown & Burk), India",Yes,1920,20134.43,0.84,Pre-PQ Process
75177,116-ZA-T30,FPQ-12522,SCMS-199288,ASN-27198,South Africa,PMO - US,Direct Drop,DDP,Truck,7/11/13,7/10/14,10-Jul-14,10-Jul-14,10-Jul-14,ARV,Pediatric,S. BUYS WHOLESALER,"Lopinavir/Ritonavir 80/20mg/ml [Kaletra], oral solution, cool, Bottle 5 x 60 ml",Lopinavir/Ritonavir,Kaletra,80/20mg/ml,Oral solution,300.0,4.0,93.81,23.45,0.08,ABBVIE (Abbott) Logis. UK,Yes,Weight Captured Separately,Freight Included in Commodity Cost,0.12,,,,,,,,,,,,,,,,,,,,,,,,,,
77782,,,,,Botswana,,,,,,9/30/2009,,,,,,Orasure Technologies Inc.,,"HIV, OraQuick Controls Kit, 3 Vials",OraQuick,,,,,,,,,,,,,144-BW-T30,SCMS-54180,ASN-7168,PMO - US,Direct Drop,EXW,Air,9/9/2009,30-Jun-10,30-Jun-10,30-Jun-10,HRDT,HIV test - Ancillary,"#109435**HIV, OraQuick Controls Kit, 3 Vials",Test kit - Ancillary,3.0,10.0,250.0,25.0,8.33,"Orasure Technologies, Inc USA",Yes,6,418.94,0.49,FPQ-4167
28085,108-VN-T30,FPQ-8428,SCMS-123520,ASN-13475,Vietnam,PMO - US,Direct Drop,EXW,Air,9/21/11,10/4/11,1-Mar-12,1-Mar-12,1-Mar-12,ARV,Adult,Aurobindo Pharma Limited,"Abacavir 300mg, tablets, 60 Tabs",Abacavir,Generic,300mg,Tablet,60.0,388.0,5606.6,14.45,0.24,"Aurobindo Unit III, India",No,See ASN-13475 (ID#:15772),See ASN-13475 (ID#:15772),9.25,,,,,,,,,,,,,,,,,,,,,,,,,,
11114,,Pre-PQ Process,,,Zambia,,,,,,N/A - From RDC,,,,,,SCMS from RDC,,Lamivudine/Zidovudine,Generic,150/300mg,,,,,,,,,,,,110-ZM-T01,SO-211,DN-104,PMO - US,From RDC,N/A - From RDC,,Pre-PQ Process,3-May-07,3-May-07,3-May-07,ARV,Adult,"Lamivudine/Zidovudine 150/300mg, tablets, 60 Tabs",Tablet - FDC,60.0,50549.0,518127.25,10.25,0.17,"Aurobindo Unit III, India",Yes,4680,19288.91,,
61436,,FPQ-16569,,,Uganda,,,,,,7/28/2015,,,,,,STRIDES ARCOLAB LIMITED,,Efavirenz,Generic,600mg,,,,,,,,,,,,114-UG-T30,SCMS-295010,ASN-33776,PMO - US,Direct Drop,EXW,Air,7/6/2015,28-Aug-15,28-Aug-15,31-Aug-15,ARV,Adult,"Efavirenz 600mg, tablets, 30 Tabs",Tablet,30.0,61751.0,194515.65,3.15,0.1,"Strides, Bangalore, India.",Yes,Weight Captured Separately,Invoiced Separately,228.94,
12411,,,,,Côte d'Ivoire,,,,,,N/A - From RDC,,,,,,SCMS from RDC,,Didanosine,Generic,100mg,,,,,,,,,,,,104-CI-T01,SO-963,DN-323,PMO - US,From RDC,N/A - From RDC,,Pre-PQ Process,14-Sep-07,14-Sep-07,14-Sep-07,ARV,Pediatric,"Didanosine 100mg, chewable/dispersible tablets, 60 Tabs",Chewable/dispersible tablet,60.0,1696.0,13144.0,7.75,0.13,"Aurobindo Unit III, India",No,See DN-323 (ID#:10588),See DN-323 (ID#:10588),21.03,Pre-PQ Process
12789,,,,,Ethiopia,,,,,,N/A - From RDC,,,,,,SCMS from RDC,,Stavudine,Generic,30mg,,,,,,,,,,,,117-ET-T01,SO-1950,DN-669,PMO - US,From RDC,N/A - From RDC,,Pre-PQ Process,27-Mar-08,27-Mar-08,27-Mar-08,ARV,Adult,"Stavudine 30mg, capsules, 60 Caps",Capsule,60.0,78460.0,119259.2,1.52,0.03,"Aurobindo Unit III, India",Yes,5184,17910,190.81,Pre-PQ Process
85438,,,,,Uganda,,,,,,N/A - From RDC,,,,,,SCMS from RDC,,Nevirapine,Generic,200mg,,,,,,,,,,,,114-UG-T30,SO-46881,DN-3527,PMO - US,From RDC,N/A - From RDC,Air,10/16/2013,28-Feb-14,21-Feb-14,4-Apr-14,ARV,Adult,"Nevirapine 200mg, tablets, 60 Tabs",Tablet,60.0,23819.0,53830.94,2.26,0.04,"Strides, Bangalore, India.",Yes,1447,8854.24,55.34,FPQ-13108
73145,,,,,Côte d'Ivoire,,,,,,1/15/2010,,,,,,MYLAN LABORATORIES LTD (FORMERLY MATRIX LABORATORIES),,Abacavir/Lamivudine/Zidovudine,Generic,300/150/300mg,,,,,,,,,,,,104-CI-T30,SCMS-62950,ASN-6669,PMO - US,Direct Drop,EXW,Air,12/28/2009,12-May-10,12-May-10,12-May-10,ARV,Adult,"Abacavir/Lamivudine/Zidovudine 300/150/300mg, tablets, 60 Tabs",Tablet - FDC,60.0,4448.0,133440.0,30.0,0.5,Mylan (formerly Matrix) Nashik,Yes,693,5066.44,287.7,FPQ-4698
86147,,,,,Côte d'Ivoire,,,,,,N/A - From RDC,,,,,,SCMS from RDC,,Efavirenz,Generic,600mg,,,,,,,,,,,,104-CI-T30,SO-49051,DN-4017,PMO - US,From RDC,N/A - From RDC,Truck,5/23/2014,28-Nov-14,2-Dec-14,8-Dec-14,ARV,Adult,"Efavirenz 600mg, tablets, 30 Tabs",Tablet,30.0,25555.0,82031.55,3.21,0.11,"Micro labs, Verna, Goa, India",No,See DN-4017 (ID#:84997),See DN-4017 (ID#:84997),84.33,FPQ-14370
58677,101-CD-T30,FPQ-14100,SCMS-239410,ASN-26738,"Congo, DRC",PMO - US,Direct Drop,EXW,Air,4/23/14,5/20/14,5-Sep-14,5-Sep-14,16-Sep-14,HRDT,HIV test,"Trinity Biotech, Plc","HIV 1/2, Uni-Gold HIV Kit, 20 Tests","HIV 1/2, Uni-Gold HIV Kit",Uni-Gold,,Test kit,20.0,7.0,224.0,32.0,1.6,"Trinity Biotech, Plc",No,See ASN-26738 (ID#:15115),See ASN-26738 (ID#:15115),0.23,,,,,,,,,,,,,,,,,,,,,,,,,,
82573,111-MZ-T30,FPQ-11033,SO-43790,DN-3102,Mozambique,PMO - US,From RDC,N/A - From RDC,Truck,11/12/12,N/A - From RDC,1-Aug-13,1-Aug-13,1-Aug-13,ARV,Adult,SCMS from RDC,"Lamivudine/Nevirapine/Zidovudine 150/200/300mg, tablets, 60 Tabs",Lamivudine/Nevirapine/Zidovudine,Generic,150/300/200mg,Tablet - FDC,60.0,120000.0,1029600.0,8.58,0.14,"Aurobindo Unit III, India",Yes,36920,29935.05,1273.62,,,,,,,,,,,,,,,,,,,,,,,,,,
86440,,,,,"Congo, DRC",,,,,,N/A - From RDC,,,,,,SCMS from RDC,,Nevirapine,Generic,200mg,,,,,,,,,,,,101-CD-T30,SO-41133,DN-2495,PMO - US,From RDC,N/A - From RDC,Air,11/21/2011,16-Mar-12,14-Feb-12,14-Feb-12,ARV,Adult,"Nevirapine 200mg, tablets, 60 Tabs",Tablet,60.0,18.0,46.44,2.58,0.04,"Strides, Bangalore, India.",No,See DN-2495 (ID#:83555),See DN-2495 (ID#:83555),0.07,FPQ-8840
35146,,FPQ-12290,,,Uganda,,,,,,7/3/2013,,,,,,ASPEN PHARMACARE,,Etravirine,Intelence,100mg,,,,,,,,,,,,114-UG-T30,SCMS-192190,ASN-22601,PMO - US,Direct Drop,CIP,Air,5/17/2013,20-Nov-13,20-Nov-13,21-Nov-13,ARV,Adult,"Etravirine 100mg [Intelence], tablets, 120 Tabs",Tablet,120.0,217.0,7812.0,36.0,0.3,"Janssen-Cilag, Latina, IT",Yes,74,294.86,9.66,
11840,107-RW-T01,Pre-PQ Process,SO-1223,DN-572,Rwanda,PMO - US,From RDC,N/A - From RDC,Air,Pre-PQ Process,N/A - From RDC,28-Jan-08,28-Jan-08,28-Jan-08,HRDT,HIV test,SCMS from RDC,"HIV 1/2, Determine HIV Kit, without Lancets, 100 Tests","HIV 1/2, Determine HIV Kit, without Lancets",Determine,,Test kit,100.0,1250.0,89987.5,71.99,0.72,Inverness Japan,Yes,362,8143.19,143.98,,,,,,,,,,,,,,,,,,,,,,,,,,
24653,,,,,Tanzania,,,,,,5/29/2013,,,,,,"Standard Diagnostics, Inc.",,"HIV 1/2, Determine Complete HIV Kit",Determine,,,,,,,,,,,,,109-TZ-T30,SCMS-189360,ASN-21231,PMO - US,Direct Drop,EXW,Air,4/30/2013,17-Sep-13,15-Sep-13,15-Sep-13,HRDT,HIV test,"HIV 1/2, Determine Complete HIV Kit, 100 Tests",Test kit,100.0,3029.0,0.0,0.0,0.0,"Alere Medical Co., Ltd.",Yes,1255,21384.75,0.0,FPQ-12197
74780,,FPQ-9823,,,Côte d'Ivoire,,,,,,6/13/2012,,,,,,"CHEMBIO DIAGNOSTIC SYSTEMS, INC.",,"HIV 1/2, Stat-Pak HIV, Kit",Stat-Pak,,,,,,,,,,,,,104-CI-T30,SCMS-147560,ASN-16600,PMO - US,Direct Drop,EXW,Air,5/4/2012,17-Oct-12,17-Oct-12,17-Oct-12,HRDT,HIV test,"HIV 1/2, Stat-Pak HIV, Kit, 20 Tests",Test kit,20.0,3678.0,106662.0,29.0,1.45,Chembio Diagnostics Sys. Inc.,Yes,1056,12363.35,149.54,
86580,,FPQ-11553,,,Zambia,,,,,,N/A - From RDC,,,,,,SCMS from RDC,,Nevirapine,Generic,200mg,,,,,,,,,,,,110-ZM-T30,SO-44477,DN-3211,PMO - US,From RDC,N/A - From RDC,Truck,1/28/2013,22-Oct-13,22-Oct-13,11-Nov-13,ARV,Adult,"Nevirapine 200mg, tablets, 60 Tabs",Tablet,60.0,42773.0,96666.98,2.26,0.04,Hetero Unit III Hyderabad IN,Yes,2270,4356.75,119.58,
8590,,,,,South Africa,,,,,,Date Not Captured,,,,,,S. BUYS WHOLESALER,,Lopinavir/Ritonavir,Kaletra,80/20mg/ml,,,,,,,,,,,,116-ZA-T01,SCMS-26820,ASN-2488,PMO - US,Direct Drop,DDP,Truck,Pre-PQ Process,10-Jul-08,8-Jul-08,8-Jul-08,ARV,Pediatric,"Lopinavir/Ritonavir 80/20mg/ml [Kaletra], oral solution, cool, Bottle 5 x 60 ml",Oral solution,300.0,10.0,354.6,35.46,0.12,ABBVIE (Abbott) Logis. UK,No,Weight Captured Separately,Freight Included in Commodity Cost,0.57,Pre-PQ Process
80528,116-ZA-T30,FPQ-3596,SCMS-50361,ASN-5449,South Africa,PMO - US,Direct Drop,DDP,Truck,5/7/09,9/22/09,8-Oct-09,8-Oct-09,8-Oct-09,ARV,Adult,S. BUYS WHOLESALER,"Lamivudine 150mg, tablets, 60 Tabs",Lamivudine,Generic,150mg,Tablet,60.0,808.0,8268.79,10.23,0.17,"Aurobindo Unit III, India",Yes,Weight Captured Separately,Freight Included in Commodity Cost,16.21,,,,,,,,,,,,,,,,,,,,,,,,,,
85155,,FPQ-6403,,,Uganda,,,,,,N/A - From RDC,,,,,,SCMS from RDC,,Emtricitabine/Tenofovir Disoproxil Fumarate,Generic,200/300mg,,,,,,,,,,,,102-UG-T30,SO-37460,DN-2026,PMO - US,From RDC,N/A - From RDC,Air,9/16/2010,20-Oct-10,25-Oct-10,25-Oct-10,ARV,Adult,"Emtricitabine/Tenofovir Disoproxil Fumarate 200/300mg, tablets, 30 Tabs",Tablet - FDC,30.0,8375.0,98406.25,11.75,0.39,Mylan (formerly Matrix) Nashik,No,See DN-2026 (ID#:84047),See DN-2026 (ID#:84047),212.16,
28913,114-UG-T30,FPQ-13122,SCMS-212360,ASN-23076,Uganda,PMO - US,Direct Drop,EXW,Air,10/16/13,10/30/13,15-Jan-14,15-Jan-14,15-Jan-14,ARV,Adult,MYLAN LABORATORIES LTD (FORMERLY MATRIX LABORATORIES),"Atazanavir/Ritonavir 300/100mg, tablets, 30 Tabs",Atazanavir/Ritonavir,Generic,300/100mg,Tablet,30.0,6000.0,120000.0,20.0,0.67,Mylan (formerly Matrix) Nashik,Yes,811,4139.95,123.36,,,,,,,,,,,,,,,,,,,,,,,,,,
10957,,,,,Zambia,,,,,,N/A - From RDC,,,,,,SCMS from RDC,,Efavirenz,Generic,600mg,,,,,,,,,,,,110-ZM-T01,SO-1993,DN-677,PMO - US,From RDC,N/A - From RDC,Air,Pre-PQ Process,28-Mar-08,28-Mar-08,28-Mar-08,ARV,Adult,"Efavirenz 600mg, tablets, 30 Tabs",Tablet,30.0,4332.0,53803.44,12.42,0.41,Mylan (formerly Matrix) Nashik,Yes,338,1890.76,86.09,Pre-PQ Process
85128,,,,,Nigeria,,,,,,N/A - From RDC,,,,,,SCMS from RDC,,Lamivudine/Tenofovir Disoproxil Fumarate,Generic,300/300mg,,,,,,,,,,,,151-NG-T30,SO-36470,DN-1934,PMO - US,From RDC,N/A - From RDC,Air,2/10/2010,15-Jul-10,28-Jun-10,28-Jun-10,ARV,Adult,"Lamivudine/Tenofovir Disoproxil Fumarate 300/300mg, tablets, 30 Tabs",Tablet - FDC,30.0,45000.0,450000.0,10.0,0.33,Mylan (formerly Matrix) Nashik,Yes,4050,Freight Included in Commodity Cost,970.2,FPQ-5023
80005,,FPQ-15040,,,Vietnam,,,,,,12/8/2014,,,,,,HETERO LABS LIMITED,,Tenofovir Disoproxil Fumarate,Generic,300mg,,,,,,,,,,,,108-VN-T30,SCMS-263670,ASN-30942,PMO - US,Direct Drop,EXW,Air,10/30/2014,14-Apr-15,14-Apr-15,14-Apr-15,ARV,Adult,"Tenofovir Disoproxil Fumarate 300mg, tablets, 30 Tabs",Tablet,30.0,14000.0,49700.0,3.55,0.12,Hetero Unit III Hyderabad IN,No,See ASN-30942 (ID#:19840),See ASN-30942 (ID#:19840),51.09,
83176,,FPQ-12602,,,Burundi,,,,,,N/A - From RDC,,,,,,SCMS from RDC,,Lamivudine/Tenofovir Disoproxil Fumarate,Generic,300/300mg,,,,,,,,,,,,102-BI-T30,SO-46030,DN-3382,PMO - US,From RDC,N/A - From RDC,Air,7/9/2013,15-Nov-13,22-Nov-13,27-Nov-13,ARV,Adult,"Lamivudine/Tenofovir Disoproxil Fumarate 300/300mg, tablets, 30 Tabs",Tablet - FDC,30.0,1920.0,9024.0,4.7,0.16,Mylan (formerly Matrix) Nashik,Yes,160,1527.29,11.16,
85177,104-CI-T30,FPQ-6144,SO-38380,DN-2106,Côte d'Ivoire,PMO - US,From RDC,N/A - From RDC,Air,8/3/10,N/A - From RDC,31-Jan-11,22-Feb-11,22-Feb-11,ARV,Pediatric,SCMS from RDC,"Efavirenz 200mg, capsule, 90 Caps",Efavirenz,Generic,200mg,Capsule,90.0,492.0,4777.32,9.71,0.11,"Aurobindo Unit III, India",No,See DN-2106 (ID#:82933),See DN-2106 (ID#:82933),10.3,,,,,,,,,,,,,,,,,,,,,,,,,,
85264,,,,,Zambia,,,,,,N/A - From RDC,,,,,,SCMS from RDC,,Abacavir,Generic,300mg,,,,,,,,,,,,110-ZM-T30,SO-41120,DN-2679,PMO - US,From RDC,N/A - From RDC,Truck,11/6/2011,15-Jun-12,18-Jun-12,18-Jun-12,ARV,Adult,"Abacavir 300mg, tablets, 60 Tabs",Tablet,60.0,7452.0,97993.8,13.15,0.22,"Aurobindo Unit III, India",Yes,737,4496.13,137.39,FPQ-8759
17701,,FPQ-10104,,,Mali,,,,,,7/31/2012,,,,,,Orasure Technologies Inc.,,"HIV 1/2, OraQuick Advance HIV Rapid Antibody Kit",OraQuick,,,,,,,,,,,,,102-ML-T30,SCMS-153770,ASN-15931,PMO - US,Direct Drop,EXW,Air,7/5/2012,11-Sep-12,11-Sep-12,11-Sep-12,HRDT,HIV test,"HIV 1/2, OraQuick Advance HIV Rapid Antibody Kit, 100 Tests",Test kit,100.0,5.0,2000.0,400.0,4.0,"Pacific Biotech, Thailand",Yes,12,1840.97,2.8,
6041,,Pre-PQ Process,,,Côte d'Ivoire,,,,,,9/18/2008,,,,,,"Orgenics, Ltd",,"HIV 1/2, Determine HIV Kit, without Lancets",Determine,,,,,,,,,,,,,104-CI-T01,SCMS-30430,ASN-2799,PMO - US,Direct Drop,EXW,Air,Pre-PQ Process,5-Dec-08,5-Dec-08,5-Dec-08,HRDT,HIV test,"HIV 1/2, Determine HIV Kit, without Lancets, 100 Tests",Test kit,100.0,1174.0,82180.0,70.0,0.7,Inverness Japan,Yes,268,5243.53,161.07,
9804,,,,,Ethiopia,,,,,,6/10/2008,,,,,,MISSIONPHARMA A/S,,Primaquine base (as diphosphate),Generic,15mg,,,,,,,,,,,,117-ET-T01,SCMS-24890,ASN-2218,PMO - US,Direct Drop,EXW,Air,Pre-PQ Process,13-Aug-08,13-Aug-08,13-Aug-08,ANTM,Malaria,"Primaquine 15mg base (as diphosphate), tablets, 1000 Tabs",Tablet,1000.0,32.0,1434.88,44.84,0.04,"Weifa A.S., Hausmanngt. 6, P.O. Box 9113 GrÃ¸nland, 0133, Oslo, Norway",Yes,7,399.18,2.3,Pre-PQ Process
82739,104-CI-T30,FPQ-13628,SO-49880,DN-3966,Côte d'Ivoire,PMO - US,From RDC,N/A - From RDC,Truck,1/29/14,N/A - From RDC,31-Oct-14,17-Oct-14,7-Nov-14,ARV,Adult,SCMS from RDC,"Tenofovir Disoproxil Fumarate 300mg, tablets, 30 Tabs",Tenofovir Disoproxil Fumarate,Generic,300mg,Tablet,30.0,5905.0,21376.1,3.62,0.12,Hetero Unit III Hyderabad IN,Yes,599,2440.19,21.97,,,,,,,,,,,,,,,,,,,,,,,,,,
6849,,Pre-PQ Process,,,Rwanda,,,,,,11/21/2007,,,,,,CIPLA LIMITED,,Lamivudine/Nevirapine/Stavudine,Generic,150/200/30mg,,,,,,,,,,,,107-RW-T01,SCMS-14221,ASN-1596,PMO - US,Direct Drop,CIP,Air,Pre-PQ Process,28-Apr-08,28-Apr-08,28-Apr-08,ARV,Adult,"Lamivudine/Nevirapine/Stavudine 150/200/30mg, tablets, 60 Tabs",Tablet - FDC,60.0,16640.0,116480.0,7.0,0.12,"Cipla, Goa, India",Yes,1766,10500,186.37,
40484,,FPQ-6406,,,Kenya,,,,,,11/22/2010,,,,,,"Orgenics, Ltd",,"HIV 1/2, Determine Complete HIV Kit",Determine,,,,,,,,,,,,,102-KE-T30,SCMS-88211,ASN-9546,PMO - US,Direct Drop,EXW,Air,9/27/2010,10-Feb-11,10-Feb-11,10-Feb-11,HRDT,HIV test,"HIV 1/2, Determine Complete HIV Kit, 100 Tests",Test kit,100.0,8563.0,762107.0,89.0,0.89,Inverness Japan,Yes,1474,15687.32,1643.1,
67150,,,,,Namibia,,,,,,1/8/2010,,,,,,"Trinity Biotech, Plc",,"HIV 1/2, Uni-Gold HIV Kit",Uni-Gold,,,,,,,,,,,,,119-NA-T30,SCMS-62731,ASN-7211,PMO - US,Direct Drop,EXW,Air,1/7/2010,30-Jun-10,30-Jun-10,30-Jun-10,HRDT,HIV test,"HIV 1/2, Uni-Gold HIV Kit, 20 Tests",Test kit,20.0,500.0,16000.0,32.0,1.6,"Trinity Biotech, Plc",Yes,170,1691.15,34.5,FPQ-4857
12580,,Pre-PQ Process,,,Côte d'Ivoire,,,,,,N/A - From RDC,,,,,,SCMS from RDC,,Stavudine,Generic,15mg,,,,,,,,,,,,104-CI-T01,SO-27520,DN-1234,PMO - US,From RDC,N/A - From RDC,Air,Pre-PQ Process,11-Jun-09,11-Jun-09,11-Jun-09,ARV,Adult,"Stavudine 15mg, capsules, 60 Caps",Capsule,60.0,560.0,840.0,1.5,0.02,"Aurobindo Unit III, India",No,See DN-1234 (ID#:11970),See DN-1234 (ID#:11970),1.65,
11432,,,,,Mozambique,,,,,,N/A - From RDC,,,,,,SCMS from RDC,,Lamivudine/Zidovudine,Generic,150/300mg,,,,,,,,,,,,111-MZ-T01,SO-925,DN-307,PMO - US,From RDC,N/A - From RDC,Air,Pre-PQ Process,4-Sep-07,4-Sep-07,4-Sep-07,ARV,Adult,"Lamivudine/Zidovudine 150/300mg, tablets, 60 Tabs",Tablet - FDC,60.0,10800.0,102600.0,9.5,0.16,"Aurobindo Unit III, India",Yes,1020,1998.5,164.16,Pre-PQ Process
11203,106-HT-T01,Pre-PQ Process,SO-1288,DN-445,Haiti,PMO - US,From RDC,N/A - From RDC,Air,Pre-PQ Process,N/A - From RDC,22-Jan-08,22-Jan-08,22-Jan-08,ARV,Pediatric,SCMS from RDC,"Efavirenz 50mg, capsule, 30 Caps",Efavirenz,Generic,50mg,Capsule,30.0,100.0,224.0,2.24,0.07,"Aurobindo Unit III, India",No,See DN-445 (ID#:10640),See DN-445 (ID#:10640),0.36,,,,,,,,,,,,,,,,,,,,,,,,,,
16805,114-UG-T30,FPQ-11098,SCMS-171670,ASN-17984,Uganda,PMO - US,Direct Drop,EXW,Air,12/13/12,1/2/13,20-Feb-13,20-Feb-13,20-Feb-13,HRDT,HIV test,"CHEMBIO DIAGNOSTIC SYSTEMS, INC.","HIV 1/2, Stat-Pak Dipstick Assay Kit, 30 Tests","HIV 1/2, Stat-Pak Dipstick Assay Kit",Stat-Pak,,Test kit,30.0,1458.0,40240.8,27.6,0.92,Chembio Diagnostics Sys. Inc.,Yes,158,3824.96,49.78,,,,,,,,,,,,,,,,,,,,,,,,,,
77651,108-VN-T30,FPQ-4098,SCMS-51750,ASN-5059,Vietnam,PMO - US,Direct Drop,EXW,Air,8/12/09,8/14/09,27-Oct-09,27-Oct-09,27-Oct-09,ARV,Adult,CIPLA LIMITED,"Lamivudine/Nevirapine/Stavudine 150/200/30mg, tablets, 60 Tabs",Lamivudine/Nevirapine/Stavudine,Generic,150/200/30mg,Tablet - FDC,60.0,23040.0,146995.2,6.38,0.11,"Cipla, Goa, India",Yes,9,4620.03,288.11,,,,,,,,,,,,,,,,,,,,,,,,,,
30724,,,,,South Africa,,,,,,8/29/2014,,,,,,S. BUYS WHOLESALER,,Lamivudine,Generic,150mg,,,,,,,,,,,,116-ZA-T30,SCMS-199289,ASN-28037,PMO - US,Direct Drop,DDP,Truck,7/11/2013,29-Aug-14,29-Aug-14,29-Aug-14,ARV,Adult,"Lamivudine 150mg, tablets, 60 Tabs",Tablet,60.0,564.0,5502.98,9.76,0.16,Hetero Unit III Hyderabad IN,No,Weight Captured Separately,Freight Included in Commodity Cost,6.81,FPQ-12522
49907,103-MW-T30,FPQ-10790,SCMS-163900,ASN-19496,Malawi,PMO - US,Direct Drop,EXW,Ocean,10/17/12,10/31/12,24-Jul-13,24-Jul-13,24-Jul-13,ARV,Adult,MYLAN LABORATORIES LTD (FORMERLY MATRIX LABORATORIES),"Efavirenz/Lamivudine/Tenofovir Disoproxil Fumarate 600/300/300mg, tablets, 30 Tabs",Efavirenz/Lamivudine/Tenofovir Disoproxil Fumarate,Generic,600/300/300mg,Tablet - FDC,30.0,60000.0,689400.0,11.49,0.38,Mylan (formerly Matrix) Nashik,Yes,6778,15020.21,852.79,,,,,,,,,,,,,,,,,,,,,,,,,,
12138,,,,,Ethiopia,,,,,,N/A - From RDC,,,,,,SCMS from RDC,,Lamivudine/Zidovudine,Generic,150/300mg,,,,,,,,,,,,117-ET-T01,SO-1524,DN-521,PMO - US,From RDC,N/A - From RDC,Air,Pre-PQ Process,20-Dec-07,20-Dec-07,20-Dec-07,ARV,Adult,"Lamivudine/Zidovudine 150/300mg, tablets, 60 Tabs",Tablet - FDC,60.0,1797.0,17071.5,9.5,0.16,"Aurobindo Unit III, India",Yes,170,892,27.31,Pre-PQ Process
22812,,FPQ-15823,,,Vietnam,,,,,,3/2/2015,,,,,,ABBVIE LOGISTICS (FORMERLY ABBOTT LOGISTICS BV),,Ritonavir,Norvir,100mg,,,,,,,,,,,,108-VN-T30,SCMS-277320,ASN-33209,PMO - US,Direct Drop,FCA,Air,2/13/2015,11-Aug-15,11-Aug-15,11-Aug-15,ARV,Adult,"Ritonavir 100mg [Norvir], film coated tablets, 30 Tabs",Tablet,30.0,400.0,9304.0,23.26,0.78,ABBVIE Ludwigshafen Germany,Yes,Weight Captured Separately,Invoiced Separately,10.95,
82693,101-CD-T30,FPQ-14252,SO-48852,DN-3885,"Congo, DRC",PMO - US,From RDC,N/A - From RDC,Air,5/7/14,N/A - From RDC,22-Sep-14,30-Sep-14,17-Nov-14,ARV,Adult,SCMS from RDC,"Lamivudine/Nevirapine/Zidovudine 150/200/300mg, tablets, 60 Tabs",Lamivudine/Nevirapine/Zidovudine,Generic,150/300/200mg,Tablet - FDC,60.0,7480.0,60662.8,8.11,0.14,Mylan (formerly Matrix) Nashik,Yes,1278,12197.44,62.36,,,,,,,,,,,,,,,,,,,,,,,,,,
83162,,FPQ-11253,,,Côte d'Ivoire,,,,,,N/A - From RDC,,,,,,SCMS from RDC,,Lamivudine/Zidovudine,Generic,150/300mg,,,,,,,,,,,,104-CI-T30,SO-44201,DN-3329,PMO - US,From RDC,N/A - From RDC,Truck,12/14/2012,30-Sep-13,20-Sep-13,20-Sep-13,ARV,Adult,"Lamivudine/Zidovudine 150/300mg, tablets, 60 Tabs",Tablet - FDC,60.0,3922.0,28512.94,7.27,0.12,Hetero Unit III Hyderabad IN,No,See DN-3329 (ID#:82602),See DN-3329 (ID#:82602),35.27,
1047,,,,,Haiti,,,,,,3/6/2009,,,,,,BRISTOL-MYERS SQUIBB,,Didanosine,Videx,2g,,,,,,,,,,,,106-HT-T01,SCMS-40000,ASN-3675,PMO - US,Direct Drop,CIP,Air,Pre-PQ Process,31-Mar-09,31-Mar-09,31-Mar-09,ARV,Pediatric,"Didanosine 2g [Videx], powder for oral solution 10mg/ml, reconstitute to 200 ml",Powder for oral solution,200.0,32.0,402.88,12.59,0.06,"BMS Meymac, France",No,See ASN-3675 (ID#:1046),See ASN-3675 (ID#:1046),0.79,Pre-PQ Process
84154,102-BI-T30,FPQ-9229,SO-41530,DN-2594,Burundi,PMO - US,From RDC,N/A - From RDC,Air,1/25/12,N/A - From RDC,26-Apr-12,4-May-12,4-May-12,ARV,Adult,SCMS from RDC,"Nevirapine 200mg, tablets, 60 Tabs",Nevirapine,Generic,200mg,Tablet,60.0,1800.0,4518.0,2.51,0.04,"Strides, Bangalore, India.",No,See DN-2594 (ID#:83021),See DN-2594 (ID#:83021),6.33,,,,,,,,,,,,,,,,,,,,,,,,,,
7708,106-HT-T01,Pre-PQ Process,SCMS-40310,ASN-3664,Haiti,PMO - US,Direct Drop,EXW,Air,Pre-PQ Process,3/9/09,24-Mar-09,24-Mar-09,24-Mar-09,HRDT,HIV test,"Trinity Biotech, Plc","HIV 1/2, Capillus HIV Kit, 100 Tests","HIV 1/2, Capillus HIV Kit",Capillus,,Test kit,100.0,110.0,15290.0,139.0,1.39,"Trinity Biotech, Plc",Yes,78,1953.6,29.97,,,,,,,,,,,,,,,,,,,,,,,,,,
84511,104-CI-T30,FPQ-4378,SO-34411,DN-1545,Côte d'Ivoire,PMO - US,From RDC,N/A - From RDC,Air,10/15/09,N/A - From RDC,4-Dec-09,2-Dec-09,2-Dec-09,ARV,Pediatric,SCMS from RDC,"Zidovudine 100mg, capsules, 100 Caps",Zidovudine,Generic,100mg,Capsule,100.0,284.0,1420.0,5.0,0.05,"Aurobindo Unit III, India",Yes,22,1211.49,2.78,,,,,,,,,,,,,,,,,,,,,,,,,,
86276,111-MZ-T30,FPQ-4711,SO-35720,DN-1679,Mozambique,PMO - US,From RDC,N/A - From RDC,Truck,12/23/09,N/A - From RDC,28-Apr-10,28-Apr-10,28-Apr-10,ARV,Adult,SCMS from RDC,"Lamivudine/Stavudine 150/30mg, tablets, 60 Tabs",Lamivudine/Stavudine,Generic,150/30mg,Tablet - FDC,60.0,1340.0,4556.0,3.4,0.06,"Cipla, Goa, India",No,See DN-1679 (ID#:86275),See DN-1679 (ID#:86275),9.82,,,,,,,,,,,,,,,,,,,,,,,,,,
82405,,,,,Nigeria,,,,,,N/A - From RDC,,,,,,SCMS from RDC,,Lamivudine/Zidovudine,Generic,150/300mg,,,,,,,,,,,,151-NG-T30,SO-39998,DN-2358,PMO - US,From RDC,N/A - From RDC,Air Charter,6/6/2011,3-Nov-11,28-Sep-11,28-Sep-11,ARV,Adult,"Lamivudine/Zidovudine 150/300mg, tablets, 60 Tabs",Tablet - FDC,60.0,3446.0,28463.96,8.26,0.14,Mylan (formerly Matrix) Nashik,Yes,6622,18495.9,46.97,FPQ-7812
74320,,,,,Haiti,,,,,,10/25/2013,,,,,,HETERO LABS LIMITED,,Nevirapine,Generic,200mg,,,,,,,,,,,,106-HT-T30,SCMS-210510,ASN-24412,PMO - US,Direct Drop,EXW,Ocean,8/21/2013,9-May-14,9-May-14,12-May-14,ARV,Adult,"Nevirapine 200mg, tablets, 60 Tabs",Tablet,60.0,10725.0,23595.0,2.2,0.04,Hetero Unit III Hyderabad IN,No,See ASN-24412 (ID#:64757),See ASN-24412 (ID#:64757),29.19,FPQ-12590
83440,,FPQ-5023,,,Nigeria,,,,,,N/A - From RDC,,,,,,SCMS from RDC,,Efavirenz,Generic,200mg,,,,,,,,,,,,151-NG-T30,SO-36520,DN-1921,PMO - US,From RDC,N/A - From RDC,Air,2/10/2010,15-Jul-10,28-Jun-10,28-Jun-10,ARV,Pediatric,"Efavirenz 200mg, capsule, 90 Caps",Capsule,90.0,1000.0,9710.0,9.71,0.11,"Aurobindo Unit III, India",Yes,120,Freight Included in Commodity Cost,20.93,
84579,106-HT-T30,FPQ-4384,SO-35420,DN-1944,Haiti,PMO - US,From RDC,N/A - From RDC,Air,10/23/09,N/A - From RDC,1-Aug-10,21-Jul-10,21-Jul-10,ARV,Adult,SCMS from RDC,"Lamivudine/Zidovudine 150/300mg, tablets, 60 Tabs",Lamivudine/Zidovudine,Generic,150/300mg,Tablet - FDC,60.0,31836.0,278883.36,8.76,0.15,Mylan (formerly Matrix) Nashik,Yes,2565,25670.1,601.27,,,,,,,,,,,,,,,,,,,,,,,,,,
28333,,,,,Nigeria,,,,,,5/22/2015,,,,,,ACOUNS NIGERIA LTD,,"HIV 1/2, Determine HIV Kit, without Lancets",Determine,,,,,,,,,,,,,133-NG-T30,SCMS-288770,ASN-32400,PMO - US,Direct Drop,DDP,Air,5/11/2015,25-May-15,25-May-15,26-May-15,HRDT,HIV test,"HIV 1/2, Determine HIV Kit, without Lancets, 100 Tests",Test kit,100.0,6107.0,407642.25,66.75,0.67,"Alere Medical Co., Ltd.",Yes,Weight Captured Separately,Freight Included in Commodity Cost,479.79,FPQ-16330
85257,,,,,Dominican Republic,,,,,,N/A - From RDC,,,,,,SCMS from RDC,,Lamivudine,Generic,150mg,,,,,,,,,,,,102-DO-T30,SO-41880,DN-2638,PMO - US,From RDC,N/A - From RDC,Air,4/9/2012,21-May-12,4-May-12,4-May-12,ARV,Adult,"Lamivudine 150mg, tablets, 60 Tabs",Tablet,60.0,1005.0,2341.65,2.33,0.04,Macleods Daman Plant INDIA,Yes,544,4392.94,3.28,FPQ-9676
83466,114-UG-T30,FPQ-6427,SO-37550,DN-2055,Uganda,PMO - US,From RDC,N/A - From RDC,Truck,9/29/10,N/A - From RDC,2-Dec-10,2-Dec-10,2-Dec-10,ARV,Adult,SCMS from RDC,"Efavirenz 600mg, tablets, 30 Tabs",Efavirenz,Generic,600mg,Tablet,30.0,99404.0,449306.08,4.52,0.15,"Emcure Plot No.P-2, I.T-B.T. Park, Phase II, MIDC, Hinjwadi, Pune, India",Yes,6960,29545.05,968.7,,,,,,,,,,,,,,,,,,,,,,,,,,
62024,,FPQ-15692,,,Vietnam,,,,,,2/17/2015,,,,,,MYLAN LABORATORIES LTD (FORMERLY MATRIX LABORATORIES),,Lamivudine/Nevirapine/Zidovudine,Generic,150/300/200mg,,,,,,,,,,,,108-VN-T30,SCMS-274360,ASN-32780,PMO - US,Direct Drop,EXW,Air,1/28/2015,30-Jul-15,30-Jul-15,30-Jul-15,ARV,Adult,"Lamivudine/Nevirapine/Zidovudine 150/200/300mg, tablets, 60 Tabs",Tablet - FDC,60.0,17584.0,142430.4,8.1,0.13,Mylan (formerly Matrix) Nashik,Yes,2446,4559.25,167.64,
84350,105-GH-T30,FPQ-13609,SO-47930,DN-3590,Ghana,PMO - US,From RDC,N/A - From RDC,Air,2/19/14,N/A - From RDC,7-Apr-14,7-Apr-14,17-Apr-14,ARV,Adult,SCMS from RDC,"Efavirenz/Lamivudine/Tenofovir Disoproxil Fumarate 600/300/300mg, tablets, 30 Tabs",Efavirenz/Lamivudine/Tenofovir Disoproxil Fumarate,Generic,600/300/300mg,Tablet - FDC,30.0,16834.0,182985.58,10.87,0.36,Mylan (formerly Matrix) Nashik,Yes,5447,38560.67,188.11,,,,,,,,,,,,,,,,,,,,,,,,,,
55225,,FPQ-5303,,,South Africa,,,,,,3/19/2010,,,,,,Aurobindo Pharma Limited,,Efavirenz,Generic,600mg,,,,,,,,,,,,161-ZA-T30,SCMS-68940,ASN-8249,PMO - US,Direct Drop,DDP,Air,3/18/2010,7-Sep-10,17-Nov-10,17-Nov-10,ARV,Adult,"Efavirenz 600mg, tablets, 30 Tabs",Tablet,30.0,31680.0,147945.6,4.67,0.16,"Aurobindo Unit III, India",Yes,2970,4263.08,318.97,
79778,101-CD-T30,FPQ-14654,SCMS-253260,ASN-28279,"Congo, DRC",PMO - US,Direct Drop,EXW,Air,8/11/14,8/27/14,4-Nov-14,4-Nov-14,20-Nov-14,HRDT,HIV test,"Trinity Biotech, Plc","HIV 1/2, Uni-Gold HIV Kit, 20 Tests","HIV 1/2, Uni-Gold HIV Kit",Uni-Gold,,Test kit,20.0,41.0,1312.0,32.0,1.6,"Trinity Biotech, Plc",No,See ASN-28279 (ID#:13547),See ASN-28279 (ID#:13547),1.35,,,,,,,,,,,,,,,,,,,,,,,,,,
3457,,,,,Namibia,,,,,,10/14/2008,,,,,,"Orgenics, Ltd",,"HIV 1/2, Determine Complete HIV Kit",Determine,,,,,,,,,,,,,119-NA-T01,SCMS-31810,ASN-3192,PMO - US,Direct Drop,EXW,Air,Pre-PQ Process,22-Jan-09,22-Jan-09,22-Jan-09,HRDT,HIV test,"HIV 1/2, Determine Complete HIV Kit, 100 Tests",Test kit,100.0,150.0,10800.0,72.0,0.72,Inverness Japan,Yes,46,2946.64,21.17,Pre-PQ Process
85799,,FPQ-8295,,,Côte d'Ivoire,,,,,,N/A - From RDC,,,,,,SCMS from RDC,,Abacavir/Lamivudine,Generic,600/300mg,,,,,,,,,,,,104-CI-T30,SO-40770,DN-2405,PMO - US,From RDC,N/A - From RDC,Truck,8/25/2011,11-Nov-11,31-Oct-11,31-Oct-11,ARV,Adult,"Abacavir/Lamivudine 600/300mg, scored tablets, 30 Tabs",Tablet - FDC,30.0,2790.0,62775.0,22.5,0.75,Mylan (formerly Matrix) Nashik,No,See DN-2405 (ID#:84118),See DN-2405 (ID#:84118),103.58,
86556,105-GY-T30,FPQ-11546,SO-44520,DN-3060,Guyana,PMO - US,From RDC,N/A - From RDC,Air,1/28/13,N/A - From RDC,18-Apr-13,15-Mar-13,15-Mar-13,ARV,Adult,SCMS from RDC,"Lopinavir/Ritonavir 200/50mg, tablets, 120 Tabs",Lopinavir/Ritonavir,Generic,200/50mg,Tablet,120.0,2871.0,71085.96,24.76,0.21,Mylan (formerly Matrix) Nashik,No,See DN-3060 (ID#:83121),See DN-3060 (ID#:83121),87.93,,,,,,,,,,,,,,,,,,,,,,,,,,
85746,,FPQ-7000,,,Ethiopia,,,,,,N/A - From RDC,,,,,,SCMS from RDC,,Lopinavir/Ritonavir,Aluvia,200/50mg,,,,,,,,,,,,117-ET-T30,SO-38430,DN-2131,PMO - US,From RDC,N/A - From RDC,Air,1/7/2011,10-Mar-11,11-Mar-11,11-Mar-11,ARV,Adult,"Lopinavir/Ritonavir 200/50mg [Aluvia], tablets, 120 Tabs",Tablet,120.0,2680.0,96908.8,36.16,0.3,ABBVIE Ludwigshafen Germany,Yes,549,3600.65,159.9,
22726,153-NA-T30,FPQ-8072,SCMS-117210,ASN-12115,Namibia,PMO - US,Direct Drop,EXW,Air,7/22/11,8/3/11,20-Sep-11,20-Sep-11,20-Sep-11,HRDT,HIV test,"Orgenics, Ltd","HIV 1/2, Determine HIV Kit, without Lancets, 100 Tests","HIV 1/2, Determine HIV Kit, without Lancets",Determine,,Test kit,100.0,150.0,11655.0,77.7,0.78,Inverness Japan,Yes,36,859.18,19.23,,,,,,,,,,,,,,,,,,,,,,,,,,
12585,,Pre-PQ Process,,,Nigeria,,,,,,N/A - From RDC,,,,,,SCMS from RDC,,Stavudine,Generic,30mg,,,,,,,,,,,,123-NG-T01,SO-22840,DN-1245,PMO - US,From RDC,N/A - From RDC,Air Charter,Pre-PQ Process,16-Jun-09,16-Jun-09,16-Jun-09,ARV,Adult,"Stavudine 30mg, capsules, 60 Caps",Capsule,60.0,12000.0,17880.0,1.49,0.02,"Aurobindo Unit III, India",Yes,789,7329.83,35.04,
8738,119-NA-T01,Pre-PQ Process,SCMS-31800,ASN-3210,Namibia,PMO - US,Direct Drop,EXW,Air,Pre-PQ Process,10/14/08,23-Jan-09,23-Jan-09,23-Jan-09,HRDT,HIV test,"Orgenics, Ltd","HIV 1/2, Clearview Complete Kit, 25 Tests","HIV 1/2, Clearview Complete Kit",Clearview,,Test kit,25.0,20.0,1500.0,75.0,3.0,Inverness USA,Yes,9,1153.43,2.94,,,,,,,,,,,,,,,,,,,,,,,,,,
84048,102-UG-T30,FPQ-6403,SO-37460,DN-2026,Uganda,PMO - US,From RDC,N/A - From RDC,Air,9/16/10,N/A - From RDC,20-Oct-10,25-Oct-10,25-Oct-10,ARV,Adult,SCMS from RDC,"Lamivudine/Nevirapine/Zidovudine 150/200/300mg, tablets, 60 Tabs",Lamivudine/Nevirapine/Zidovudine,Generic,150/300/200mg,Tablet - FDC,60.0,31084.0,348762.48,11.22,0.19,Mylan (formerly Matrix) Nashik,No,See DN-2026 (ID#:84047),See DN-2026 (ID#:84047),751.93,,,,,,,,,,,,,,,,,,,,,,,,,,
44068,108-VN-T30,FPQ-15040,SCMS-263650,ASN-30554,Vietnam,PMO - US,Direct Drop,EXW,Air,10/30/14,12/8/14,23-Mar-15,23-Mar-15,23-Mar-15,ARV,Adult,MYLAN LABORATORIES LTD (FORMERLY MATRIX LABORATORIES),"Efavirenz/Lamivudine/Tenofovir Disoproxil Fumarate 600/300/300mg, tablets, 30 Tabs",Efavirenz/Lamivudine/Tenofovir Disoproxil Fumarate,Generic,600/300/300mg,Tablet - FDC,30.0,21384.0,217047.6,10.15,0.34,Mylan (formerly Matrix) Nashik,Yes,2406,4219.32,223.12,,,,,,,,,,,,,,,,,,,,,,,,,,
15804,,FPQ-11783,,,Mali,,,,,,4/11/2013,,,,,,"Orgenics, Ltd",,"HIV 1/2, Clearview Complete Kit",Clearview,,,,,,,,,,,,,102-ML-T30,SCMS-182801,ASN-19657,PMO - US,Direct Drop,EXW,Air,3/15/2013,3-Jul-13,3-Jul-13,3-Jul-13,HRDT,HIV test,"HIV 1/2, Clearview Complete Kit, 25 Tests",Test kit,25.0,20.0,1900.0,95.0,3.8,Chembio Diagnostics Sys. Inc.,Yes,9,779.06,2.35,
11246,125-HT-T01,Pre-PQ Process,SO-1291,DN-686,Haiti,PMO - US,From RDC,N/A - From RDC,Air,Pre-PQ Process,N/A - From RDC,3-Apr-08,3-Apr-08,3-Apr-08,HRDT,HIV test,SCMS from RDC,"HIV 1/2, Determine HIV Kit, without Lancets, 100 Tests","HIV 1/2, Determine HIV Kit, without Lancets",Determine,,Test kit,100.0,10.0,720.0,72.0,0.72,Inverness Japan,No,See DN-686 (ID#:10691),See DN-686 (ID#:10691),1.15,,,,,,,,,,,,,,,,,,,,,,,,,,
84556,,FPQ-4495,,,Uganda,,,,,,N/A - From RDC,,,,,,SCMS from RDC,,Efavirenz,Generic,600mg,,,,,,,,,,,,114-UG-T30,SO-34940,DN-1801,PMO - US,From RDC,N/A - From RDC,Air,10/28/2009,3-May-10,3-May-10,3-May-10,ARV,Adult,"Efavirenz 600mg, tablets, 30 Tabs",Tablet,30.0,1621.0,7699.75,4.75,0.16,Mylan (formerly Matrix) Nashik,No,See DN-1801 (ID#:83423),See DN-1801 (ID#:83423),16.6,
82381,,FPQ-7162,,,Uganda,,,,,,N/A - From RDC,,,,,,SCMS from RDC,,Lamivudine/Nevirapine/Zidovudine,Generic,150/300/200mg,,,,,,,,,,,,114-UG-T30,SO-38810,DN-2191,PMO - US,From RDC,N/A - From RDC,Truck,2/14/2011,11-May-11,24-May-11,24-May-11,ARV,Adult,"Lamivudine/Nevirapine/Zidovudine 150/200/300mg, tablets, 60 Tabs",Tablet - FDC,60.0,100000.0,1122000.0,11.22,0.19,Mylan (formerly Matrix) Nashik,Yes,14983,78442.21,1851.3,
85977,,,,,Cameroon,,,,,,N/A - From RDC,,,,,,SCMS from RDC,,Efavirenz/Lamivudine/Tenofovir Disoproxil Fumarate,Generic,600/300/300mg,,,,,,,,,,,,901-CM-T30,SO-45820,DN-3227,PMO - US,From RDC,N/A - From RDC,Air Charter,6/21/2013,22-Jul-13,31-Jul-13,31-Jul-13,ARV,Adult,"Efavirenz/Lamivudine/Tenofovir Disoproxil Fumarate 600/300/300mg, tablets, 30 Tabs",Tablet - FDC,30.0,45000.0,473400.0,10.52,0.35,Hetero Unit III Hyderabad IN,No,See DN-3227 (ID#:82589),See DN-3227 (ID#:82589),585.6,FPQ-12520
59970,,,,,South Africa,,,,,,11/28/2013,,,,,,PHARMACY DIRECT,,Efavirenz/Emtricitabine/Tenofovir Disoproxil Fumarate,Generic,600/200/300mg,,,,,,,,,,,,101-ZA-T30,SCMS-206101,ASN-24548,PMO - US,Direct Drop,DDP,Truck,9/7/2013,5-Feb-14,5-Feb-14,17-Feb-14,ARV,Adult,"Efavirenz/Emtricitabine/Tenofovir Disoproxil Fumarate 600/200/300mg, tablets, 30 Tabs",Tablet - FDC,30.0,5409.0,206791.05,38.23,1.27,"Aurobindo Unit VII, IN",Yes,Weight Captured Separately,Freight Included in Commodity Cost,255.8,FPQ-12932
31304,105-SS-T30,FPQ-11754,SCMS-181401,ASN-20649,South Sudan,PMO - US,Direct Drop,EXW,Air,2/22/13,4/1/13,13-Sep-13,13-Sep-13,13-Sep-13,HRDT,HIV test - Ancillary,"Orgenics, Ltd","Chase Buffer, Determine, 100 Tests, 2.5ml x 1 Vial","Chase Buffer, Determine, 100 Tests, 2.5ml x 1 Vial",Determine,,Test kit - Ancillary,1.0,45.0,225.0,5.0,5.0,"Alere Medical Co., Ltd.",No,See ASN-20649 (ID#:28306),See ASN-20649 (ID#:28306),0.28,,,,,,,,,,,,,,,,,,,,,,,,,,
84243,104-CI-T30,FPQ-10633,SO-43330,DN-3075,Côte d'Ivoire,PMO - US,From RDC,N/A - From RDC,Truck,9/11/12,N/A - From RDC,28-Mar-13,30-Mar-13,30-Mar-13,ARV,Adult,SCMS from RDC,"Lamivudine/Nevirapine/Zidovudine 150/200/300mg, tablets, 60 Tabs",Lamivudine/Nevirapine/Zidovudine,Generic,150/300/200mg,Tablet - FDC,60.0,38722.0,332234.76,8.58,0.14,"Cipla, Goa, India",No,See DN-3075 (ID#:83129),See DN-3075 (ID#:83129),465.79,,,,,,,,,,,,,,,,,,,,,,,,,,
11899,,,,,Haiti,,,,,,N/A - From RDC,,,,,,SCMS from RDC,,Lamivudine,Generic,10mg/ml,,,,,,,,,,,,106-HT-T01,SO-2055,DN-690,PMO - US,From RDC,N/A - From RDC,Air,Pre-PQ Process,14-Apr-08,14-Apr-08,14-Apr-08,ARV,Pediatric,"Lamivudine 10mg/ml, oral solution, Bottle, 240 ml",Oral solution,240.0,2135.0,4205.95,1.97,0.01,"Aurobindo Unit III, India",No,See DN-690 (ID#:10706),See DN-690 (ID#:10706),6.73,Pre-PQ Process
83183,,FPQ-12800,,,Côte d'Ivoire,,,,,,N/A - From RDC,,,,,,SCMS from RDC,,Lamivudine,Generic,150mg,,,,,,,,,,,,104-CI-T30,SO-46410,DN-3420,PMO - US,From RDC,N/A - From RDC,Truck,8/9/2013,28-Nov-13,2-Dec-13,20-Dec-13,ARV,Adult,"Lamivudine 150mg, tablets, 60 Tabs",Tablet,60.0,1700.0,3791.0,2.23,0.04,"Strides, Bangalore, India.",Yes,75,1556.99,4.69,
81971,,FPQ-6966,,,Guatemala,,,,,,2/2/2011,,,,,,ABBOTT LOGISTICS B.V.,,Lopinavir/Ritonavir,Aluvia,200/50mg,,,,,,,,,,,,202-GT-T30,SCMS-98620,ASN-10108,PMO - US,Direct Drop,CIP,Air,1/3/2011,8-Mar-11,8-Mar-11,8-Mar-11,ARV,Adult,"Lopinavir/Ritonavir 200/50mg [Aluvia], tablets, 120 Tabs",Tablet,120.0,2426.0,203371.58,83.83,0.7,ABBVIE Ludwigshafen Germany,Yes,Weight Captured Separately,Freight Included in Commodity Cost,335.56,
86718,111-MZ-T30,FPQ-13124,SO-47053,DN-3864,Mozambique,PMO - US,From RDC,N/A - From RDC,Truck,10/21/13,N/A - From RDC,29-Aug-14,27-Oct-14,7-Nov-14,ARV,Adult,SCMS from RDC,"Lamivudine/Nevirapine/Zidovudine 150/200/300mg, tablets, 60 Tabs",Lamivudine/Nevirapine/Zidovudine,Generic,150/300/200mg,Tablet - FDC,60.0,114324.0,927167.64,8.11,0.14,"Cipla, Goa, India",No,See DN-3864 (ID#:85518),See DN-3864 (ID#:85518),953.13,,,,,,,,,,,,,,,,,,,,,,,,,,
55890,,FPQ-11828,,,South Africa,,,,,,Date Not Captured,,,,,,S. BUYS WHOLESALER,,Lamivudine/Zidovudine,Generic,150/300mg,,,,,,,,,,,,116-ZA-T30,SCMS-183950,ASN-19166,South Africa Field Office,Direct Drop,DDP,Truck,3/18/2013,16-Apr-13,16-Apr-13,16-Apr-13,ARV,Adult,"Lamivudine/Zidovudine 150/300mg, tablets, 60 Tabs",Tablet - FDC,60.0,1152.0,34884.66,30.28,0.5,"Cipla, Goa, India",No,Weight Captured Separately,Freight Included in Commodity Cost,43.15,
84446,,,,,Zambia,,,,,,N/A - From RDC,,,,,,SCMS from RDC,,Lamivudine/Zidovudine,Generic,30/60mg,,,,,,,,,,,,110-ZM-T30,SO-49580,DN-4110,PMO - US,From RDC,N/A - From RDC,Truck,8/12/2014,28-Feb-15,19-Feb-15,20-Feb-15,ARV,Pediatric,"Lamivudine/Zidovudine 30/60mg, dispersible tablets, 60 Tabs",Chewable/dispersible tablet - FDC,60.0,4000.0,7960.0,1.99,0.03,"Mylan,  H-12 & H-13, India",Yes,312,274.51,8.18,FPQ-14784
11339,104-CI-T01,Pre-PQ Process,SO-32250,DN-1335,Côte d'Ivoire,PMO - US,From RDC,N/A - From RDC,Air,Date Not Captured,N/A - From RDC,16-Jul-09,16-Jul-09,16-Jul-09,ARV,Adult,SCMS from RDC,"Stavudine 15mg, capsules, 60 Caps",Stavudine,Generic,15mg,Capsule,60.0,296.0,444.0,1.5,0.02,"Aurobindo Unit III, India",No,See DN-1335 (ID#:11338),See DN-1335 (ID#:11338),0.87,,,,,,,,,,,,,,,,,,,,,,,,,,
12617,,Pre-PQ Process,,,Haiti,,,,,,N/A - From RDC,,,,,,SCMS from RDC,,Efavirenz,Generic,600mg,,,,,,,,,,,,106-HT-T01,SO-32770,DN-1465,PMO - US,From RDC,N/A - From RDC,Air,Date Not Captured,13-Oct-09,13-Oct-09,13-Oct-09,ARV,Adult,"Efavirenz 600mg, tablets, 30 Tabs",Tablet,30.0,36456.0,226756.32,6.22,0.21,"Aurobindo Unit III, India",Yes,3160,32104.3,444.44,
20245,,,,,Swaziland,,,,,,9/12/2012,,,,,,"Trinity Biotech, Plc",,"HIV 1/2, Uni-Gold HIV Kit",Uni-Gold,,,,,,,,,,,,,102-SZ-T30,SCMS-159081,ASN-19430,PMO - US,Direct Drop,EXW,Air,8/23/2012,21-May-13,21-May-13,21-May-13,HRDT,HIV test,"HIV 1/2, Uni-Gold HIV Kit, 20 Tests",Test kit,20.0,150.0,4800.0,32.0,1.6,"Trinity Biotech, Plc",Yes,58,642.05,6.73,FPQ-10537
62879,,,,,Dominican Republic,,,,,,7/30/2010,,,,,,MYLAN LABORATORIES LTD (FORMERLY MATRIX LABORATORIES),,Tenofovir Disoproxil Fumarate,Generic,300mg,,,,,,,,,,,,100-DO-T30,SCMS-80890,ASN-7834,PMO - US,Direct Drop,EXW,Air,7/16/2010,14-Sep-10,14-Sep-10,14-Sep-10,ARV,Adult,"Tenofovir Disoproxil Fumarate 300mg, tablets, 30 Tabs",Tablet,30.0,2000.0,14000.0,7.0,0.23,Mylan (formerly Matrix) Nashik,Yes,111,1254.61,30.18,FPQ-6083
62853,116-ZA-T30,FPQ-13035,SCMS-215370,ASN-24415,South Africa,PMO - US,Direct Drop,DDP,Truck,10/8/13,12/2/13,6-Feb-14,6-Feb-14,6-Feb-14,ARV,Adult,S. BUYS WHOLESALER,"Didanosine 250mg, delayed-release capsules, 30 Caps",Didanosine,Generic,250mg,Delayed-release capsules,30.0,17.0,242.61,14.27,0.48,"Aurobindo Unit III, India",No,Weight Captured Separately,Freight Included in Commodity Cost,0.3,,,,,,,,,,,,,,,,,,,,,,,,,,
5717,,,,,South Africa,,,,,,4/4/2008,,,,,,S. BUYS WHOLESALER,,Nevirapine,Viramune,200mg,,,,,,,,,,,,116-ZA-T01,SCMS-21460,ASN-1667,PMO - US,Direct Drop,DDP,,Pre-PQ Process,25-Apr-08,7-Apr-08,7-Apr-08,ARV,Adult,"Nevirapine 200mg [Viramune], tablets, 60 Tabs",Tablet,60.0,100.0,2030.0,20.3,0.34,"BI, Ingelheim, Germany",No,Weight Captured Separately,Freight Included in Commodity Cost,3.25,Pre-PQ Process
86470,,,,,Libya,,,,,,N/A - From RDC,,,,,,SCMS from RDC,,Efavirenz,Generic,600mg,,,,,,,,,,,,102-LY-T30,SO-41910,DN-2642,PMO - US,From RDC,N/A - From RDC,Air,4/4/2012,23-May-12,8-May-12,8-May-12,ARV,Adult,"Efavirenz 600mg, tablets, 30 Tabs",Tablet,30.0,6667.0,26067.97,3.91,0.13,"Strides, Bangalore, India.",Yes,406,3062.18,36.55,FPQ-9665
2437,116-ZA-T01,Pre-PQ Process,SCMS-41080,ASN-3638,South Africa,PMO - US,Direct Drop,DDP,Air,Pre-PQ Process,Date Not Captured,26-May-09,22-Jan-09,22-Jan-09,ARV,Adult,S. BUYS WHOLESALER,"Efavirenz 600mg, tablets, 30 Tabs",Efavirenz,Generic,600mg,Tablet,30.0,1120.0,16307.2,14.56,0.49,"Cipla, Goa, India",Yes,Weight Captured Separately,Freight Included in Commodity Cost,31.96,,,,,,,,,,,,,,,,,,,,,,,,,,
11022,104-CI-T01,Pre-PQ Process,SO-11850,DN-988,Côte d'Ivoire,PMO - US,From RDC,N/A - From RDC,Air,Pre-PQ Process,N/A - From RDC,1-Dec-08,1-Dec-08,1-Dec-08,ARV,Adult,SCMS from RDC,"Lamivudine/Zidovudine 150/300mg, tablets, 60 Tabs",Lamivudine/Zidovudine,Generic,150/300mg,Tablet - FDC,60.0,32256.0,301593.6,9.35,0.16,"Aurobindo Unit III, India",Yes,5589,22758.49,591.12,,,,,,,,,,,,,,,,,,,,,,,,,,
12501,,Pre-PQ Process,,,Côte d'Ivoire,,,,,,N/A - From RDC,,,,,,SCMS from RDC,,"HIV 1/2, Determine HIV Kit, without Lancets",Determine,,,,,,,,,,,,,104-CI-T01,SO-791,DN-641,PMO - US,From RDC,N/A - From RDC,,Pre-PQ Process,3-Mar-08,3-Mar-08,3-Mar-08,HRDT,HIV test,"HIV 1/2, Determine HIV Kit, without Lancets, 100 Tests",Test kit,100.0,1505.0,108344.95,71.99,0.72,Inverness Japan,No,See DN-641 (ID#:10695),See DN-641 (ID#:10695),173.35,
85173,,,,,Nigeria,,,,,,N/A - From RDC,,,,,,SCMS from RDC,,Stavudine,Generic,30mg,,,,,,,,,,,,151-NG-T30,SO-38320,DN-2090,PMO - US,From RDC,N/A - From RDC,Air Charter,8/25/2010,22-Feb-11,16-Feb-11,16-Feb-11,ARV,Adult,"Stavudine 30mg, capsules, 60 Caps",Capsule,60.0,200.0,280.0,1.4,0.02,"Aurobindo Unit III, India",No,See DN-2090 (ID#:82366),See DN-2090 (ID#:82366),0.6,FPQ-6243
24581,,FPQ-14942,,,South Africa,,,,,,5/11/2015,,,,,,PHARMACY DIRECT,,Etravirine,Intelence,100mg,,,,,,,,,,,,116-ZA-T30,SCMS-259075,ASN-32138,PMO - US,Direct Drop,DDP,Truck,9/11/2014,12-May-15,12-May-15,12-May-15,ARV,Adult,"Etravirine 100mg [Intelence], tablets, 120 Tabs",Tablet,120.0,3.0,76.78,25.59,0.21,"Janssen-Cilag, Latina, IT",No,Weight Captured Separately,Freight Included in Commodity Cost,0.08,
10857,104-CI-T01,Pre-PQ Process,SO-963,DN-323,Côte d'Ivoire,PMO - US,From RDC,N/A - From RDC,,Pre-PQ Process,N/A - From RDC,14-Sep-07,14-Sep-07,14-Sep-07,ARV,Adult,SCMS from RDC,"Stavudine 30mg, capsules, 60 Caps",Stavudine,Generic,30mg,Capsule,60.0,3285.0,4993.2,1.52,0.03,"Strides, Bangalore, India.",No,See DN-323 (ID#:10588),See DN-323 (ID#:10588),7.99,,,,,,,,,,,,,,,,,,,,,,,,,,
23015,,,,,Nigeria,,,,,,10/29/2014,,,,,,"Orgenics, Ltd",,"HIV 1/2, Determine Complete HIV Kit",Determine,,,,,,,,,,,,,133-NG-T30,SCMS-260700,ASN-29929,PMO - US,Direct Drop,EXW,Air,9/22/2014,19-Jan-15,16-Jan-15,22-Jan-15,HRDT,HIV test,"HIV 1/2, Determine Complete HIV Kit, 100 Tests",Test kit,100.0,6110.0,543790.0,89.0,0.89,"Alere Medical Co., Ltd.",Yes,2474,31305.04,559.02,FPQ-14995
2451,,,,,South Africa,,,,,,3/27/2009,,,,,,S. BUYS WHOLESALER,,Didanosine,Videx,50mg,,,,,,,,,,,,116-ZA-T01,SCMS-41584,ASN-4385,PMO - US,Direct Drop,DDP,Air,Pre-PQ Process,25-Jun-09,20-Apr-09,20-Apr-09,ARV,Pediatric,"Didanosine 50mg [Videx], chewable tablets, 60 Tabs",Chewable/dispersible tablet,60.0,1500.0,15150.0,10.1,0.17,"BMS Meymac, France",No,Weight Captured Separately,Freight Included in Commodity Cost,29.69,Pre-PQ Process
20291,,,,,South Africa,,,,,,4/21/2010,,,,,,S. BUYS WHOLESALER,,Emtricitabine/Tenofovir Disoproxil Fumarate,Truvada,300/200mg,,,,,,,,,,,,116-ZA-T30,SCMS-71370,ASN-7373,PMO - US,Direct Drop,DDP,Truck,4/19/2010,31-May-10,31-May-10,31-May-10,ARV,Adult,"Emtricitabine/Tenofovir Disoproxil Fumarate 200/300mg [Truvada], tablets, 30 Tabs",Tablet - FDC,30.0,540.0,25796.95,47.77,1.59,"Aspen-OSD, Port Elizabeth, SA",No,Weight Captured Separately,Freight Included in Commodity Cost,55.62,FPQ-5535
83460,,,,,Nigeria,,,,,,N/A - From RDC,,,,,,SCMS from RDC,,Zidovudine,Generic,300mg,,,,,,,,,,,,151-NG-T30,SO-37500,DN-2025,PMO - US,From RDC,N/A - From RDC,Air,5/27/2010,22-Oct-10,10-Nov-10,10-Nov-10,ARV,Adult,"Zidovudine 300mg, tablets, 60 Tabs",Tablet,60.0,15650.0,112836.5,7.21,0.12,"Aurobindo Unit III, India",Yes,16417,20264.93,243.28,FPQ-5688
82329,104-CI-T30,FPQ-5201,SO-36340,DN-1873,Côte d'Ivoire,PMO - US,From RDC,N/A - From RDC,Air,3/3/10,N/A - From RDC,12-Jul-10,30-Jun-10,30-Jun-10,ARV,Pediatric,SCMS from RDC,"Abacavir 20mg/ml, oral solution, Bottle, 240 ml",Abacavir,Generic,20mg/ml,Oral solution,240.0,672.0,9139.2,13.6,0.06,"Aurobindo Unit III, India",Yes,2979,3365.45,19.7,,,,,,,,,,,,,,,,,,,,,,,,,,
82449,,,,,Tanzania,,,,,,N/A - From RDC,,,,,,SCMS from RDC,,Efavirenz,Generic,50mg,,,,,,,,,,,,109-TZ-T30,SO-40500,DN-2540,PMO - US,From RDC,N/A - From RDC,Truck,8/22/2011,15-Mar-12,12-Mar-12,12-Mar-12,ARV,Pediatric,"Efavirenz 50mg, capsule, 30 Caps",Capsule,30.0,18732.0,41959.68,2.24,0.07,"Aurobindo Unit III, India",Yes,1090,1698.83,69.23,FPQ-8303
75554,106-HT-T30,FPQ-15038,SCMS-262840,ASN-31820,Haiti,PMO - US,Direct Drop,EXW,Ocean,10/22/14,12/24/14,3-Jul-15,3-Jul-15,13-Jul-15,ARV,Adult,MYLAN LABORATORIES LTD (FORMERLY MATRIX LABORATORIES),"Efavirenz/Lamivudine/Tenofovir Disoproxil Fumarate 600/300/300mg, tablets, 30 Tabs",Efavirenz/Lamivudine/Tenofovir Disoproxil Fumarate,Generic,600/300/300mg,Tablet - FDC,30.0,65025.0,665856.0,10.24,0.34,Mylan (formerly Matrix) Nashik,No,See ASN-31820 (ID#:16098),See ASN-31820 (ID#:16098),684.5,,,,,,,,,,,,,,,,,,,,,,,,,,
8616,,,,,Haiti,,,,,,8/5/2008,,,,,,ABBVIE LOGISTICS (FORMERLY ABBOTT LOGISTICS BV),,Lopinavir/Ritonavir,Generic,100/25mg,,,,,,,,,,,,106-HT-T01,SCMS-27880,ASN-2378,PMO - US,Direct Drop,FCA,Air,Pre-PQ Process,29-Sep-08,29-Sep-08,29-Sep-08,ARV,Pediatric,"Lopinavir/Ritonavir 100/25mg [Aluvia], tablets, 60 Tabs",Tablet,60.0,20.0,205.6,10.28,0.17,ABBVIE Ludwigshafen Germany,Yes,19,658.68,0.33,Pre-PQ Process
9639,,Pre-PQ Process,,,Haiti,,,,,,3/11/2008,,,,,,"Orgenics, Ltd",,"HIV 1/2, Determine HIV Kit, without Lancets",Determine,,,,,,,,,,,,,106-HT-T01,SCMS-18720,ASN-1610,PMO - US,Direct Drop,EXW,Air,Pre-PQ Process,9-May-08,9-May-08,9-May-08,HRDT,HIV test,"HIV 1/2, Determine HIV Kit, without Lancets, 100 Tests",Test kit,100.0,955.0,63985.0,67.0,0.67,Inverness Japan,Yes,164,1802.14,102.38,
83389,,FPQ-4384,,,Haiti,,,,,,N/A - From RDC,,,,,,SCMS from RDC,,Efavirenz,Stocrin/Sustiva,30mg/ml,,,,,,,,,,,,106-HT-T30,SO-34720,DN-1590,PMO - US,From RDC,N/A - From RDC,Air Charter,10/23/2009,25-Dec-09,17-Dec-09,17-Dec-09,ARV,Pediatric,"Efavirenz 30mg/ml [Stocrin/Sustiva], oral solution, Bottle, 180 ml",Oral solution,180.0,123.0,2086.08,16.96,0.09,"MSD, Haarlem, NL",No,See DN-1590 (ID#:83388),See DN-1590 (ID#:83388),4.5,
80112,,,,,Nigeria,,,,,,7/10/2013,,,,,,"Orgenics, Ltd",,"HIV 1/2, Determine Complete HIV Kit",Determine,,,,,,,,,,,,,133-NG-T30,SCMS-196560,ASN-21223,PMO - US,Direct Drop,EXW,Air,6/10/2013,18-Sep-13,19-Sep-13,19-Sep-13,HRDT,HIV test,"HIV 1/2, Determine Complete HIV Kit, 100 Tests",Test kit,100.0,3064.0,272696.0,89.0,0.89,"Alere Medical Co., Ltd.",Yes,1245,13383.47,337.32,FPQ-12456
65037,,,,,South Africa,,,,,,4/21/2010,,,,,,S. BUYS WHOLESALER,,Zidovudine,Retrovir,100mg,,,,,,,,,,,,116-ZA-T30,SCMS-71370,ASN-7373,PMO - US,Direct Drop,DDP,Truck,4/19/2010,31-May-10,31-May-10,31-May-10,ARV,Pediatric,"Zidovudine 100mg [Retrovir], capsules, 100 Caps",Capsule,100.0,40.0,544.11,13.6,0.14,GSK Crawley,No,Weight Captured Separately,Freight Included in Commodity Cost,1.17,FPQ-5535
51165,110-ZM-T30,FPQ-11390,SCMS-173910,ASN-18339,Zambia,PMO - US,Direct Drop,EXW,Air,1/8/13,1/23/13,15-Mar-13,15-Mar-13,15-Mar-13,HRDT,HIV test,"Trinity Biotech, Plc","HIV 1/2, Uni-Gold HIV Kit, 20 Tests","HIV 1/2, Uni-Gold HIV Kit",Uni-Gold,,Test kit,20.0,10500.0,336000.0,32.0,1.6,"Trinity Biotech, Plc",Yes,3445,39662.72,415.63,,,,,,,,,,,,,,,,,,,,,,,,,,
44092,102-GY-T30,FPQ-6501,SCMS-89530,ASN-9004,Guyana,PMO - US,Direct Drop,EXW,Air,10/8/10,10/27/10,12-Jan-11,12-Jan-11,12-Jan-11,HRDT,HIV test - Ancillary,"CHEMBIO DIAGNOSTIC SYSTEMS, INC.","HIV 1/2, Stat-Pak Buffer Only, 20 Tests","HIV 1/2, Stat-Pak Buffer Only",Stat-Pak,,Test kit - Ancillary,1.0,40.0,100.0,2.5,2.5,Chembio Diagnostics Sys. Inc.,Yes,2,281.61,0.16,,,,,,,,,,,,,,,,,,,,,,,,,,
82384,,FPQ-6483,,,Zimbabwe,,,,,,N/A - From RDC,,,,,,SCMS from RDC,,Lamivudine/Nevirapine/Zidovudine,Generic,30/50/60mg,,,,,,,,,,,,200-ZW-T30,SO-39520,DN-2224,PMO - US,From RDC,N/A - From RDC,Truck,10/13/2010,31-May-11,30-Jun-11,30-Jun-11,ARV,Pediatric,"Lamivudine/Nevirapine/Zidovudine 30/50/60mg, dispersible tablets, 60 Tabs",Chewable/dispersible tablet - FDC,60.0,35000.0,148750.0,4.25,0.07,Mylan (formerly Matrix) Nashik,Yes,2032,4428.06,320.7,
543,,,,,Haiti,,,,,,5/20/2008,,,,,,Orasure Technologies Inc.,,"HIV 1/2, OraQuick Advance HIV Rapid Antibody Kit",OraQuick,,,,,,,,,,,,,106-HT-T01,SCMS-23840,ASN-2504,PMO - US,Direct Drop,EXW,Air,Pre-PQ Process,30-Sep-08,30-Sep-08,30-Sep-08,HRDT,HIV test,"HIV 1/2, OraQuick Advance HIV Rapid Antibody Kit, 100 Tests",Test kit,100.0,28.0,9800.0,350.0,3.5,"Pacific Biotech, Thailand",Yes,109,782.13,15.68,Pre-PQ Process
85204,,,,,Zimbabwe,,,,,,N/A - From RDC,,,,,,SCMS from RDC,,Abacavir,Generic,20mg/ml,,,,,,,,,,,,100-ZW-T30,SO-39541,DN-2383,PMO - US,From RDC,N/A - From RDC,Truck,4/29/2011,27-Oct-11,21-Oct-11,21-Oct-11,ARV,Pediatric,"Abacavir 20mg/ml, oral solution, Bottle, 240 ml",Oral solution,240.0,808.0,10100.0,12.5,0.05,"Aurobindo Unit III, India",Yes,298,1360.32,16.66,FPQ-7559
74385,105-SS-T30,FPQ-12623,SCMS-200921,ASN-22955,South Sudan,PMO - US,Direct Drop,EXW,Air,7/18/13,8/6/13,11-Feb-14,11-Feb-14,11-Feb-14,HRDT,HIV test,"Trinity Biotech, Plc","HIV 1/2, Uni-Gold HIV Kit, 20 Tests","HIV 1/2, Uni-Gold HIV Kit",Uni-Gold,,Test kit,20.0,35.0,1120.0,32.0,1.6,"Trinity Biotech, Plc",No,See ASN-22955 (ID#:19019),See ASN-22955 (ID#:19019),1.39,,,,,,,,,,,,,,,,,,,,,,,,,,
33494,,,,,Vietnam,,,,,,3/10/2014,,,,,,HETERO LABS LIMITED,,Tenofovir Disoproxil Fumarate,Generic,300mg,,,,,,,,,,,,108-VN-T30,SCMS-226260,ASN-26928,PMO - US,Direct Drop,EXW,Air,2/6/2014,30-Jul-14,30-Jul-14,1-Aug-14,ARV,Adult,"Tenofovir Disoproxil Fumarate 300mg, tablets, 30 Tabs",Tablet,30.0,9300.0,33015.0,3.55,0.12,Hetero Unit III Hyderabad IN,No,See ASN-26928 (ID#:23156),See ASN-26928 (ID#:23156),33.94,FPQ-13524
3359,,Pre-PQ Process,,,South Africa,,,,,,Date Not Captured,,,,,,S. BUYS WHOLESALER,,Abacavir,Ziagen,300mg,,,,,,,,,,,,116-ZA-T01,SCMS-28830,ASN-2502,PMO - US,Direct Drop,DDP,Truck,Pre-PQ Process,25-Aug-08,18-Aug-08,18-Aug-08,ARV,Adult,"Abacavir 300mg [Ziagen], tablets, Blister 6 x 10 Tabs",Tablet - blister,60.0,40.0,1337.2,33.43,0.56,GSK Ware (UK),No,Weight Captured Separately,Freight Included in Commodity Cost,2.14,
44778,104-CI-T30,FPQ-6897,SCMS-100950,ASN-11130,Côte d'Ivoire,PMO - US,Direct Drop,CIP,Air,1/5/11,2/28/11,1-Jul-11,1-Jul-11,1-Jul-11,ARV,Pediatric,MERCK SHARP & DOHME IDEA GMBH (FORMALLY MERCK SHARP & DOHME B.V.),"Efavirenz 30mg/ml [Stocrin/Sustiva], oral solution, Bottle, 180 ml",Efavirenz,Stocrin/Sustiva,30mg/ml,Oral solution,180.0,3399.0,57647.04,16.96,0.09,"MSD, Haarlem, NL",Yes,1014,2093.32,95.12,,,,,,,,,,,,,,,,,,,,,,,,,,
9640,102-GY-T01,Pre-PQ Process,SCMS-18800,ASN-1613,Guyana,PMO - US,Direct Drop,EXW,Air,Pre-PQ Process,3/13/08,6-May-08,6-May-08,6-May-08,HRDT,HIV test,"Trinity Biotech, Plc","HIV 1/2, Uni-Gold HIV Kit, 20 Tests","HIV 1/2, Uni-Gold HIV Kit",Uni-Gold,,Test kit,20.0,748.0,23936.0,32.0,1.6,"Trinity Biotech, Plc",Yes,748,3740.04,38.3,,,,,,,,,,,,,,,,,,,,,,,,,,
11508,,,,,Côte d'Ivoire,,,,,,N/A - From RDC,,,,,,SCMS from RDC,,Nevirapine,Generic,10mg/ml,,,,,,,,,,,,104-CI-T01,SO-1144,DN-538,PMO - US,From RDC,N/A - From RDC,Air,Pre-PQ Process,28-Dec-07,28-Dec-07,28-Dec-07,ARV,Pediatric,"Nevirapine 10mg/ml, oral suspension, Bottle, 240 ml",Oral suspension,240.0,475.0,912.0,1.92,0.01,"Aurobindo Unit III, India",Yes,170,1301,1.46,Pre-PQ Process
12801,111-MZ-T01,Pre-PQ Process,SO-1615,DN-698,Mozambique,PMO - US,From RDC,N/A - From RDC,Air,Pre-PQ Process,N/A - From RDC,23-Jun-08,23-Jun-08,23-Jun-08,ARV,Adult,SCMS from RDC,"Lamivudine/Zidovudine 150/300mg, tablets, 60 Tabs",Lamivudine/Zidovudine,Generic,150/300mg,Tablet - FDC,60.0,1728.0,16416.0,9.5,0.16,"Cipla, Goa, India",No,See DN-698 (ID#:10970),See DN-698 (ID#:10970),26.27,,,,,,,,,,,,,,,,,,,,,,,,,,
82868,,,,,Nigeria,,,,,,N/A - From RDC,,,,,,SCMS from RDC,,Lamivudine/Zidovudine,Generic,150/300mg,,,,,,,,,,,,151-NG-T30,SO-35058,DN-1718,PMO - US,From RDC,N/A - From RDC,Air Charter,11/6/2009,19-Apr-10,31-Mar-10,31-Mar-10,ARV,Adult,"Lamivudine/Zidovudine 150/300mg, tablets, 60 Tabs",Tablet - FDC,60.0,710.0,6219.6,8.76,0.15,"Aurobindo Unit III, India",Yes,62,Freight Included in Commodity Cost,13.41,FPQ-4537
86249,,FPQ-4014,,,Nigeria,,,,,,N/A - From RDC,,,,,,SCMS from RDC,,Lamivudine/Zidovudine,Generic,150/300mg,,,,,,,,,,,,123-NG-T30,SO-32973,DN-1593,PMO - US,From RDC,N/A - From RDC,Air Charter,7/27/2009,31-Jan-10,18-Dec-09,18-Dec-09,ARV,Adult,"Lamivudine/Zidovudine 150/300mg, tablets, 60 Tabs",Tablet - FDC,60.0,11949.0,104673.24,8.76,0.15,"Aurobindo Unit III, India",Yes,1084,11637.65,205.16,
12597,,Pre-PQ Process,,,Haiti,,,,,,N/A - From RDC,,,,,,SCMS from RDC,,Lamivudine/Zidovudine,Generic,150/300mg,,,,,,,,,,,,106-HT-T01,SO-30170,DN-1309,PMO - US,From RDC,N/A - From RDC,Air,Pre-PQ Process,24-Jun-09,24-Jun-09,24-Jun-09,ARV,Adult,"Lamivudine/Zidovudine 150/300mg, tablets, 60 Tabs",Tablet - FDC,60.0,25824.0,226218.24,8.76,0.15,"Aurobindo Unit III, India",Yes,2359,26714.63,443.39,
11600,,Pre-PQ Process,,,Mozambique,,,,,,N/A - From RDC,,,,,,SCMS from RDC,,Lamivudine/Nevirapine/Stavudine,Generic,150/200/30mg,,,,,,,,,,,,111-MZ-T01,SO-15082,DN-1054,PMO - US,From RDC,N/A - From RDC,Air,Pre-PQ Process,26-Feb-09,26-Feb-09,26-Feb-09,ARV,Adult,"Lamivudine/Nevirapine/Stavudine 150/200/30mg, tablets, 60 Tabs",Tablet - FDC,60.0,92933.0,669117.6,7.2,0.12,"Strides, Bangalore, India.",Yes,7011,7199.72,1311.47,
11733,,Pre-PQ Process,,,Nigeria,,,,,,N/A - From RDC,,,,,,SCMS from RDC,,Lamivudine/Nevirapine/Stavudine,Generic,150/200/40mg,,,,,,,,,,,,112-NG-T01,SO-555,DN-180,PMO - US,From RDC,N/A - From RDC,,Pre-PQ Process,26-Jun-07,26-Jun-07,26-Jun-07,ARV,Adult,"Lamivudine/Nevirapine/Stavudine 150/200/40mg, tablets, 60 Tabs",Tablet - FDC,60.0,1370.0,10549.0,7.7,0.13,"Cipla, Goa, India",Yes,142,1489.52,,
28802,117-ET-T30,FPQ-4716,SCMS-59510,ASN-5721,Ethiopia,PMO - US,Direct Drop,EXW,Air,12/9/09,12/10/09,24-Dec-09,24-Dec-09,24-Dec-09,ARV,Adult,Aurobindo Pharma Limited,"Lamivudine 150mg, tablets, 60 Tabs",Lamivudine,Generic,150mg,Tablet,60.0,15000.0,35700.0,2.38,0.04,"Aurobindo Unit III, India",Yes,780,2949.1,76.97,,,,,,,,,,,,,,,,,,,,,,,,,,
62988,,,,,South Africa,,,,,,5/8/2014,,,,,,PHARMACY DIRECT,,Etravirine,Intelence,100mg,,,,,,,,,,,,116-ZA-T30,SCMS-238550,ASN-30792,PMO - US,Direct Drop,DDP,Truck,4/30/2014,19-Feb-15,19-Feb-15,19-Feb-15,ARV,Adult,"Etravirine 100mg [Intelence], tablets, 120 Tabs",Tablet,120.0,3.0,106.26,35.42,0.3,"Janssen-Cilag, Latina, IT",No,Weight Captured Separately,Freight Included in Commodity Cost,0.11,FPQ-13973
5175,,Pre-PQ Process,,,Tanzania,,,,,,5/28/2009,,,,,,Hoffmann-La Roche ltd Basel,,Saquinavir,Invirase,200mg,,,,,,,,,,,,109-TZ-T01,SCMS-46500,ASN-4223,PMO - US,Direct Drop,FCA,Air,Pre-PQ Process,30-Jul-09,30-Jul-09,30-Jul-09,ARV,Adult,"Saquinavir 200mg [Invirase], capsules, 270 Caps",Capsule,270.0,820.0,73074.13,89.11,0.33,Roche Basel,Yes,424,3310.89,143.23,
65111,,FPQ-13072,,,Guyana,,,,,,10/30/2013,,,,,,ABBVIE LOGISTICS (FORMERLY ABBOTT LOGISTICS BV),,Lopinavir/Ritonavir,Kaletra,80/20mg/ml,,,,,,,,,,,,105-GY-T30,SCMS-211570,ASN-22978,PMO - US,Direct Drop,FCA,Air,10/11/2013,3-Mar-14,3-Mar-14,7-Mar-14,ARV,Pediatric,"Lopinavir/Ritonavir 80/20mg/ml [Kaletra], oral solution, cool, Bottle 5 x 60 ml",Oral solution,300.0,23.0,1398.86,60.82,0.2,ABBVIE (Abbott) Logis. UK,Yes,53,926.13,1.44,
45090,,,,,South Africa,,,,,,Date Not Captured,,,,,,S. BUYS WHOLESALER,,Tenofovir Disoproxil Fumarate,Generic,300mg,,,,,,,,,,,,116-ZA-T30,SCMS-183950,ASN-19166,South Africa Field Office,Direct Drop,DDP,Truck,3/18/2013,16-Apr-13,16-Apr-13,16-Apr-13,ARV,Adult,"Tenofovir Disoproxil Fumarate 300mg, tablets, 30 Tabs",Tablet,30.0,621.0,12768.22,20.56,0.69,"Aurobindo Unit III, India",No,Weight Captured Separately,Freight Included in Commodity Cost,15.79,FPQ-11828
86187,,,,,"Congo, DRC",,,,,,N/A - From RDC,,,,,,SCMS from RDC,,Lamivudine/Nevirapine/Zidovudine,Generic,30/50/60mg,,,,,,,,,,,,101-CD-T30,SO-50890,DN-4197,PMO - US,From RDC,N/A - From RDC,Air,1/26/2015,1-Jul-15,13-Jul-15,13-Jul-15,ARV,Pediatric,"Lamivudine/Nevirapine/Zidovudine 30/50/60mg, dispersible tablets, 60 Tabs",Chewable/dispersible tablet - FDC,60.0,4355.0,15678.0,3.6,0.06,Mylan (formerly Matrix) Nashik,No,See DN-4197 (ID#:85578),See DN-4197 (ID#:85578),18.45,FPQ-15787
11520,,,,,Ethiopia,,,,,,N/A - From RDC,,,,,,SCMS from RDC,,Tenofovir Disoproxil Fumarate,Viread,300mg,,,,,,,,,,,,117-ET-T01,SO-1512,DN-517,PMO - US,From RDC,N/A - From RDC,Air,Pre-PQ Process,14-Dec-07,14-Dec-07,14-Dec-07,ARV,Adult,"Tenofovir Disoproxil Fumarate 300mg [Viread], tablets, 30 Tabs",Tablet,30.0,535.0,9095.0,17.0,0.57,Gilead(Nycomed) Oranienburg DE,Yes,33,755.5,14.55,Pre-PQ Process
85116,,FPQ-4659,,,Côte d'Ivoire,,,,,,N/A - From RDC,,,,,,SCMS from RDC,,Lamivudine,Generic,150mg,,,,,,,,,,,,104-CI-T30,SO-35560,DN-1799,PMO - US,From RDC,N/A - From RDC,Air,12/8/2009,10-May-10,7-May-10,7-May-10,ARV,Adult,"Lamivudine 150mg, tablets, 60 Tabs",Tablet,60.0,6000.0,14640.0,2.44,0.04,Mylan (formerly Matrix) Nashik,No,See DN-1799 (ID#:84560),See DN-1799 (ID#:84560),31.56,
83736,,,,,Zimbabwe,,,,,,N/A - From RDC,,,,,,SCMS from RDC,,Nevirapine,Generic,200mg,,,,,,,,,,,,113-ZW-T30,SO-44360,DN-3413,PMO - US,From RDC,N/A - From RDC,Truck,1/24/2013,30-Nov-13,25-Nov-13,9-Dec-13,ARV,Adult,"Nevirapine 200mg, tablets, 60 Tabs",Tablet,60.0,80000.0,184800.0,2.31,0.04,"Strides, Bangalore, India.",No,See DN-3413 (ID#:83181),See DN-3413 (ID#:83181),228.6,FPQ-11545
10636,110-ZM-T01,Pre-PQ Process,SO-1317,DN-605,Zambia,PMO - US,From RDC,N/A - From RDC,Truck,Pre-PQ Process,N/A - From RDC,21-Feb-08,21-Feb-08,21-Feb-08,ARV,Adult,SCMS from RDC,"Nevirapine 200mg, tablets, 60 Tabs",Nevirapine,Generic,200mg,Tablet,60.0,72333.0,245932.2,3.4,0.06,Hetero Unit III Hyderabad IN,Yes,4957,15220.18,393.49,,,,,,,,,,,,,,,,,,,,,,,,,,
1215,,,,,Namibia,,,,,,6/2/2009,,,,,,"Trinity Biotech, Plc",,"HIV 1/2, Uni-Gold HIV Kit",Uni-Gold,,,,,,,,,,,,,119-NA-T01,SCMS-46820,ASN-4311,PMO - US,Direct Drop,EXW,Air,Pre-PQ Process,29-Jun-09,29-Jun-09,29-Jun-09,HRDT,HIV test,"HIV 1/2, Uni-Gold HIV Kit, 20 Tests",Test kit,20.0,220.0,7040.0,32.0,1.6,"Trinity Biotech, Plc",Yes,79,1736.18,13.8,Pre-PQ Process
29979,108-VN-T30,FPQ-6384,SCMS-87750,ASN-9090,Vietnam,PMO - US,Direct Drop,EXW,Air,9/30/10,10/14/10,21-Dec-10,21-Dec-10,21-Dec-10,ARV,Adult,MYLAN LABORATORIES LTD (FORMERLY MATRIX LABORATORIES),"Abacavir 300mg, tablets, 60 Tabs",Abacavir,Generic,300mg,Tablet,60.0,270.0,4050.0,15.0,0.25,Mylan (formerly Matrix) Nashik,Yes,358,5294.24,8.73,,,,,,,,,,,,,,,,,,,,,,,,,,
12541,,Pre-PQ Process,,,Côte d'Ivoire,,,,,,N/A - From RDC,,,,,,SCMS from RDC,,Nevirapine,Generic,200mg,,,,,,,,,,,,104-CI-T01,SO-21870,DN-1087,PMO - US,From RDC,N/A - From RDC,Air,Pre-PQ Process,2-Mar-09,2-Mar-09,2-Mar-09,ARV,Adult,"Nevirapine 200mg, tablets, 60 Tabs",Tablet,60.0,22566.0,67698.0,3.0,0.05,"Aurobindo Unit III, India",Yes,2113,5574.06,132.69,
16926,,,,,South Africa,,,,,,12/10/2014,,,,,,S. BUYS WHOLESALER,,Nevirapine,Generic,200mg,,,,,,,,,,,,116-ZA-T30,SCMS-267020,ASN-29764,PMO - US,Direct Drop,DDP,Truck,10/29/2014,10-Dec-14,10-Dec-14,10-Dec-14,ARV,Adult,"Nevirapine 200mg, tablets, 60 Tabs",Tablet,60.0,143.0,2313.12,16.18,0.27,"Cipla, Goa, India",Yes,Weight Captured Separately,Freight Included in Commodity Cost,2.72,FPQ-15269
84570,,,,,Uganda,,,,,,N/A - From RDC,,,,,,SCMS from RDC,,Efavirenz,Generic,600mg,,,,,,,,,,,,114-UG-T30,SO-36832,DN-1860,PMO - US,From RDC,N/A - From RDC,Air,5/7/2010,30-Jun-10,22-Jun-10,22-Jun-10,ARV,Adult,"Efavirenz 600mg, tablets, 30 Tabs",Tablet,30.0,17550.0,83362.5,4.75,0.16,Mylan (formerly Matrix) Nashik,Yes,1325,4600.45,179.73,FPQ-5451
985,,Pre-PQ Process,,,Tanzania,,,,,,2/5/2009,,,,,,ABBVIE LOGISTICS (FORMERLY ABBOTT LOGISTICS BV),,Lopinavir/Ritonavir,Kaletra,80/20mg/ml,,,,,,,,,,,,109-TZ-T01,SCMS-38370,ASN-3751,PMO - US,Direct Drop,FCA,Air,Pre-PQ Process,28-May-09,28-May-09,28-May-09,ARV,Pediatric,"Lopinavir/Ritonavir 80/20mg/ml [Kaletra], oral solution, cool, Bottle 5 x 60 ml",Oral solution,300.0,524.0,21536.4,41.1,0.14,ABBVIE (Abbott) Logis. UK,Yes,644,6668.61,42.21,
83047,,FPQ-9506,,,Mozambique,,,,,,N/A - From RDC,,,,,,SCMS from RDC,,Nevirapine,Generic,10mg/ml,,,,,,,,,,,,111-MZ-T30,SO-41761,DN-2704,PMO - US,From RDC,N/A - From RDC,Truck,3/16/2012,31-Jul-12,28-Jun-12,28-Jun-12,ARV,Pediatric,"Nevirapine 10mg/ml, oral suspension w/syringe, Bottle, 240 ml",Oral suspension,240.0,60968.0,118887.6,1.95,0.01,"Aurobindo Unit III, India",Yes,Weight Captured Separately,Invoiced Separately,166.68,
12555,,,,,Nigeria,,,,,,N/A - From RDC,,,,,,SCMS from RDC,,Lamivudine/Zidovudine,Generic,150/300mg,,,,,,,,,,,,123-NG-T01,SO-2554,DN-960,PMO - US,From RDC,N/A - From RDC,Air,Pre-PQ Process,30-Oct-08,30-Oct-08,30-Oct-08,ARV,Adult,"Lamivudine/Zidovudine 150/300mg, tablets, 60 Tabs",Tablet - FDC,60.0,2708.0,25590.6,9.45,0.16,Mylan (formerly Matrix) Nashik,No,See DN-960 (ID#:11945),See DN-960 (ID#:11945),50.16,Pre-PQ Process
47870,,,,,Sudan,,,,,,9/7/2011,,,,,,"Trinity Biotech, Plc",,"HIV 1/2, Uni-Gold HIV Kit",Uni-Gold,,,,,,,,,,,,,102-SD-T30,SCMS-120462,ASN-12337,PMO - US,Direct Drop,EXW,Air,8/29/2011,11-Jan-12,11-Jan-12,11-Jan-12,HRDT,HIV test,"HIV 1/2, Uni-Gold HIV Kit, 20 Tests",Test kit,20.0,39.0,1248.0,32.0,1.6,"Trinity Biotech, Plc",Yes,13,581.73,2.06,FPQ-8261
86106,,FPQ-13142,,,Côte d'Ivoire,,,,,,N/A - From RDC,,,,,,SCMS from RDC,,Zidovudine,Generic,10mg/ml,,,,,,,,,,,,104-CI-T30,SO-47156,DN-3900,PMO - US,From RDC,N/A - From RDC,Truck,10/22/2013,30-Sep-14,8-Sep-14,19-Sep-14,ARV,Pediatric,"Zidovudine 10mg/ml, oral solution w/syringe, Bottle, 240 ml",Oral solution,240.0,106.0,222.6,2.1,0.01,"Cipla, Goa, India",No,See DN-3900 (ID#:83815),See DN-3900 (ID#:83815),0.23,
84293,,,,,Dominican Republic,,,,,,N/A - From RDC,,,,,,SCMS from RDC,,Nevirapine,Generic,200mg,,,,,,,,,,,,103-DO-T30,SO-46130,DN-3349,PMO - US,From RDC,N/A - From RDC,Air,3/18/2013,29-Oct-13,16-Oct-13,29-Oct-13,ARV,Adult,"Nevirapine 200mg, tablets, 60 Tabs",Tablet,60.0,288.0,650.88,2.26,0.04,Hetero Unit III Hyderabad IN,No,See DN-3349 (ID#:83720),See DN-3349 (ID#:83720),0.81,FPQ-11920
85866,102-CD-T30,FPQ-9640,SO-41850,DN-2697,"Congo, DRC",PMO - US,From RDC,N/A - From RDC,Air,4/2/12,N/A - From RDC,11-Sep-12,11-Sep-12,11-Sep-12,ARV,Adult,SCMS from RDC,"Lamivudine 150mg, tablets, 60 Tabs",Lamivudine,Generic,150mg,Tablet,60.0,900.0,2097.0,2.33,0.04,Macleods Daman Plant INDIA,No,See DN-2697 (ID#:83045),See DN-2697 (ID#:83045),2.94,,,,,,,,,,,,,,,,,,,,,,,,,,
15642,,FPQ-6185,,,Rwanda,,,,,,9/27/2010,,,,,,CIPLA LIMITED,,Lopinavir/Ritonavir,Generic,200/50mg,,,,,,,,,,,,107-RW-T30,SCMS-84411,ASN-9660,PMO - US,Direct Drop,CIP,Air,9/3/2010,9-Feb-11,9-Feb-11,9-Feb-11,ARV,Adult,"Lopinavir/Ritonavir 200/50mg, tablets, 120 Tabs",Tablet,120.0,2486.0,85269.8,34.3,0.29,Cipla Ltd A-42 MIDC Mahar. IN,Yes,4354,Freight Included in Commodity Cost,183.84,
10797,,Pre-PQ Process,,,Uganda,,,,,,N/A - From RDC,,,,,,SCMS from RDC,,Lamivudine/Nevirapine/Stavudine,Generic,150/200/30mg,,,,,,,,,,,,114-UG-T01,SO-33570,DN-1464,PMO - US,From RDC,N/A - From RDC,Air,Date Not Captured,8-Oct-09,8-Oct-09,8-Oct-09,ARV,Adult,"Lamivudine/Nevirapine/Stavudine 150/200/30mg, tablets, 60 Tabs",Tablet - FDC,60.0,240.0,1680.0,7.0,0.12,"Cipla, Goa, India",Yes,23,1173.1,3.29,
46372,116-ZA-T30,FPQ-5535,SCMS-71370,ASN-7373,South Africa,PMO - US,Direct Drop,DDP,Truck,4/19/10,4/21/10,31-May-10,31-May-10,31-May-10,ARV,Pediatric,S. BUYS WHOLESALER,"Nevirapine 10mg/ml [Viramune], oral suspension, Bottle, 240 ml",Nevirapine,Viramune,10mg/ml,Oral suspension,240.0,120.0,1897.36,15.81,0.07,Boehringer Ingelheim Roxane US,No,Weight Captured Separately,Freight Included in Commodity Cost,4.09,,,,,,,,,,,,,,,,,,,,,,,,,,
12575,,Pre-PQ Process,,,Côte d'Ivoire,,,,,,N/A - From RDC,,,,,,SCMS from RDC,,Lamivudine/Zidovudine,Generic,150/300mg,,,,,,,,,,,,104-CI-T01,SO-21883,DN-1220,PMO - US,From RDC,N/A - From RDC,Air,Pre-PQ Process,20-May-09,20-May-09,20-May-09,ARV,Adult,"Lamivudine/Zidovudine 150/300mg, tablets, 60 Tabs",Tablet - FDC,60.0,6476.0,56729.76,8.76,0.15,Mylan (formerly Matrix) Nashik,Yes,540,4881.06,111.19,
46673,,,,,South Africa,,,,,,8/13/2013,,,,,,S. BUYS WHOLESALER,,Lamivudine/Zidovudine,Generic,150/300mg,,,,,,,,,,,,116-ZA-T30,SCMS-199280,ASN-24433,PMO - US,Direct Drop,DDP,Truck,7/11/2013,7-Feb-14,7-Feb-14,7-Feb-14,ARV,Adult,"Lamivudine/Zidovudine 150/300mg, tablets, 60 Tabs",Tablet - FDC,60.0,189.0,6189.33,32.75,0.55,Hetero Unit III Hyderabad IN,No,Weight Captured Separately,Freight Included in Commodity Cost,7.66,FPQ-12522
12182,,,,,Nigeria,,,,,,N/A - From RDC,,,,,,SCMS from RDC,,Lamivudine/Nevirapine/Stavudine,Generic,150/200/30mg,,,,,,,,,,,,112-NG-T01,SO-10030,DN-840,PMO - US,From RDC,N/A - From RDC,Air,Pre-PQ Process,3-Aug-08,3-Aug-08,3-Aug-08,ARV,Adult,"Lamivudine/Nevirapine/Stavudine 150/200/30mg, tablets, 60 Tabs",Tablet - FDC,60.0,4685.0,34669.0,7.4,0.12,"Cipla, Goa, India",No,See DN-840 (ID#:12179),See DN-840 (ID#:12179),55.47,Pre-PQ Process
12507,,Pre-PQ Process,,,Côte d'Ivoire,,,,,,N/A - From RDC,,,,,,SCMS from RDC,,"HIV 1/2, Determine HIV Kit, without Lancets",Determine,,,,,,,,,,,,,104-CI-T01,SO-1838,DN-632,PMO - US,From RDC,N/A - From RDC,Air,Pre-PQ Process,13-Mar-08,13-Mar-08,13-Mar-08,HRDT,HIV test,"HIV 1/2, Determine HIV Kit, without Lancets, 100 Tests",Test kit,100.0,250.0,17997.5,71.99,0.72,Inverness Japan,No,See DN-632 (ID#:11547),See DN-632 (ID#:11547),28.8,
23967,,FPQ-13973,,,South Africa,,,,,,11/4/2014,,,,,,PHARMACY DIRECT,,Abacavir,Generic,300mg,,,,,,,,,,,,116-ZA-T30,SCMS-238555,ASN-29257,PMO - US,Direct Drop,DDP,Truck,4/30/2014,5-Nov-14,5-Nov-14,5-Nov-14,ARV,Adult,"Abacavir 300mg, tablets, 60 Tabs",Tablet,60.0,84.0,5795.22,68.99,1.15,"Aurobindo Unit III, India",No,Weight Captured Separately,Freight Included in Commodity Cost,5.96,
2647,,,,,Côte d'Ivoire,,,,,,Date Not Captured,,,,,,BIO-RAD LABORATORIES (FRANCE),,"HIV, Genie II HIV-1/HIV-2 Kit",Genie,,,,,,,,,,,,,104-CI-T01,SCMS-28,ASN-16,PMO - US,Direct Drop,EXW,Air,Pre-PQ Process,6-Sep-06,6-Sep-06,6-Sep-06,HRDT,HIV test,"#108853** HIV, Genie II HIV-1/HIV-2 Kit, 40 Tests",Test kit,40.0,100.0,7535.0,75.35,1.88,Bio-Rad Laboratories,Yes,107,1845.74,,Pre-PQ Process
5147,119-NA-T01,Pre-PQ Process,SCMS-44970,ASN-4081,Namibia,PMO - US,Direct Drop,EXW,Air,Pre-PQ Process,4/29/09,27-May-09,27-May-09,27-May-09,HRDT,HIV test,"Trinity Biotech, Plc","HIV 1/2, Uni-Gold HIV Kit, 20 Tests","HIV 1/2, Uni-Gold HIV Kit",Uni-Gold,,Test kit,20.0,6760.0,216320.0,32.0,1.6,"Trinity Biotech, Plc",Yes,2261,17643.81,423.99,,,,,,,,,,,,,,,,,,,,,,,,,,
12516,,Pre-PQ Process,,,Tanzania,,,,,,N/A - From RDC,,,,,,SCMS from RDC,,Stavudine,Generic,30mg,,,,,,,,,,,,109-TZ-T01,SO-2564,DN-751,PMO - US,From RDC,N/A - From RDC,Air,Pre-PQ Process,1-Jul-08,1-Jul-08,1-Jul-08,ARV,Adult,"Stavudine 30mg, capsules, 60 Caps",Capsule,60.0,75318.0,114483.36,1.52,0.03,"Aurobindo Unit III, India",Yes,5040,22965.4,183.17,
11321,,,,,Ghana,,,,,,N/A - From RDC,,,,,,SCMS from RDC,,Didanosine,Generic,100mg,,,,,,,,,,,,100-GH-T01,SO-30700,DN-1235,PMO - US,From RDC,N/A - From RDC,Truck,Date Not Captured,12-Aug-09,12-Aug-09,12-Aug-09,ARV,Pediatric,"Didanosine 100mg, chewable/dispersible tablets, 60 Tabs",Chewable/dispersible tablet,60.0,888.0,8.88,0.01,0.0,"Aurobindo Unit III, India",No,See DN-1235 (ID#:10769),See DN-1235 (ID#:10769),0.02,Pre-PQ Process
12516,,,,,Tanzania,,,,,,N/A - From RDC,,,,,,SCMS from RDC,,Stavudine,Generic,30mg,,,,,,,,,,,,109-TZ-T01,SO-2564,DN-751,PMO - US,From RDC,N/A - From RDC,Air,Pre-PQ Process,1-Jul-08,1-Jul-08,1-Jul-08,ARV,Adult,"Stavudine 30mg, capsules, 60 Caps",Capsule,60.0,75318.0,114483.36,1.52,0.03,"Aurobindo Unit III, India",Yes,5040,22965.4,183.17,Pre-PQ Process
67195,,,,,Guyana,,,,,,4/28/2014,,,,,,ABBVIE LOGISTICS (FORMERLY ABBOTT LOGISTICS BV),,Lopinavir/Ritonavir,Kaletra,80/20mg/ml,,,,,,,,,,,,105-GY-T30,SCMS-235750,ASN-26388,PMO - US,Direct Drop,FCA,Air,4/9/2014,11-Aug-14,11-Aug-14,12-Aug-14,ARV,Pediatric,"Lopinavir/Ritonavir 80/20mg/ml [Kaletra], oral solution, cool, Bottle 5 x 60 ml",Oral solution,300.0,17.0,1033.94,60.82,0.2,ABBVIE (Abbott) Logis. UK,Yes,50,828.23,1.06,FPQ-14048
85966,,FPQ-11022,,,Nigeria,,,,,,N/A - From RDC,,,,,,SCMS from RDC,,Lamivudine/Nevirapine/Stavudine,Generic,60/100/12mg,,,,,,,,,,,,151-NG-T30,SO-43841,DN-3151,PMO - US,From RDC,N/A - From RDC,Air,11/15/2012,21-May-13,23-May-13,23-May-13,ARV,Pediatric,"Lamivudine/Nevirapine/Stavudine 60/100/12mg, dispersible tablets, 60 Tabs",Chewable/dispersible tablet - FDC,60.0,2027.0,8716.1,4.3,0.07,"Cipla, Goa, India",Yes,218,1941.82,10.78,
82403,,,,,Nigeria,,,,,,N/A - From RDC,,,,,,SCMS from RDC,,Lamivudine,Generic,150mg,,,,,,,,,,,,151-NG-T30,SO-39994,DN-2353,PMO - US,From RDC,N/A - From RDC,Air Charter,6/6/2011,3-Nov-11,28-Sep-11,28-Sep-11,ARV,Adult,"Lamivudine 150mg, tablets, 60 Tabs",Tablet,60.0,4300.0,10019.0,2.33,0.04,"Aurobindo Unit III, India",Yes,220,18495.9,16.53,FPQ-7812
82671,,,,,Tanzania,,,,,,N/A - From RDC,,,,,,SCMS from RDC,,Efavirenz/Lamivudine/Tenofovir Disoproxil Fumarate,Generic,600/300/300mg,,,,,,,,,,,,109-TZ-T30,SO-45740,DN-3659,PMO - US,From RDC,N/A - From RDC,Truck,5/16/2013,5-May-14,18-Jun-14,1-Jul-14,ARV,Adult,"Efavirenz/Lamivudine/Tenofovir Disoproxil Fumarate 600/300/300mg, tablets, 30 Tabs",Tablet - FDC,30.0,116931.0,1260516.18,10.78,0.36,Mylan (formerly Matrix) Nashik,Yes,13280,7083.18,1559.26,FPQ-12354
86427,104-CI-T30,FPQ-7659,SO-40120,DN-2449,Côte d'Ivoire,PMO - US,From RDC,N/A - From RDC,Air,5/3/11,N/A - From RDC,30-Dec-11,5-Dec-11,5-Dec-11,ARV,Adult,SCMS from RDC,"Efavirenz 600mg, tablets, 30 Tabs",Efavirenz,Generic,600mg,Tablet,30.0,7132.0,30097.04,4.22,0.14,"Strides, Bangalore, India.",Yes,434,3526.27,49.66,,,,,,,,,,,,,,,,,,,,,,,,,,
82917,,,,,Haiti,,,,,,N/A - From RDC,,,,,,SCMS from RDC,,Didanosine,Generic,200mg,,,,,,,,,,,,106-HT-T30,SO-36741,DN-2015,PMO - US,From RDC,N/A - From RDC,Air,4/19/2010,30-Sep-10,7-Oct-10,7-Oct-10,ARV,Pediatric,"Didanosine 200mg, chewable/dispersible tablets, 60 Tabs",Chewable/dispersible tablet,60.0,192.0,2976.0,15.5,0.26,"Aurobindo Unit III, India",Yes,8085,78061.3,6.42,FPQ-5523
28231,,,,,South Africa,,,,,,11/28/2014,,,,,,PHARMACY DIRECT,,Lamivudine,Generic,150mg,,,,,,,,,,,,116-ZA-T30,SCMS-259071,ASN-29597,PMO - US,Direct Drop,DDP,Truck,9/11/2014,28-Nov-14,28-Nov-14,28-Nov-14,ARV,Adult,"Lamivudine 150mg, tablets, 60 Tabs",Tablet,60.0,161.0,1063.65,6.61,0.11,"Aurobindo Unit III, India",No,Weight Captured Separately,Freight Included in Commodity Cost,1.09,FPQ-14942
19958,,,,,Kenya,,,,,,6/14/2012,,,,,,"Orgenics, Ltd",,"HIV 1/2, Determine Complete HIV Kit",Determine,,,,,,,,,,,,,103-KE-T30,SCMS-149610,ASN-15368,PMO - US,Direct Drop,EXW,Air,6/5/2012,9-Jul-12,9-Jul-12,9-Jul-12,HRDT,HIV test,"HIV 1/2, Determine Complete HIV Kit, 100 Tests",Test kit,100.0,1.0,89.0,89.0,0.89,"Alere Medical Co., Ltd.",Yes,985,11034.01,0.12,FPQ-10018
85111,114-UG-T30,FPQ-5275,SO-36280,DN-1820,Uganda,PMO - US,From RDC,N/A - From RDC,Air,3/4/10,N/A - From RDC,11-Jun-10,3-May-10,3-May-10,ARV,Adult,SCMS from RDC,"Lamivudine/Zidovudine 150/300mg, tablets, 60 Tabs",Lamivudine/Zidovudine,Generic,150/300mg,Tablet - FDC,60.0,5000.0,43800.0,8.76,0.15,Hetero Unit III Hyderabad IN,Yes,338,4159.73,94.43,,,,,,,,,,,,,,,,,,,,,,,,,,
83966,,FPQ-4029,,,Zambia,,,,,,N/A - From RDC,,,,,,SCMS from RDC,,Lamivudine,Generic,150mg,,,,,,,,,,,,110-ZM-T30,SO-33190,DN-1521,PMO - US,From RDC,N/A - From RDC,Air,8/5/2009,30-Nov-09,11-Nov-09,11-Nov-09,ARV,Adult,"Lamivudine 150mg, tablets, 60 Tabs",Tablet,60.0,16539.0,40355.16,2.44,0.04,"Aurobindo Unit III, India",Yes,796,4234.42,79.1,
86461,114-UG-T30,FPQ-9321,SO-41521,DN-2596,Uganda,PMO - US,From RDC,N/A - From RDC,Truck,2/10/12,N/A - From RDC,24-Apr-12,3-Apr-12,3-Apr-12,ARV,Adult,SCMS from RDC,"Efavirenz 600mg, tablets, 30 Tabs",Efavirenz,Generic,600mg,Tablet,30.0,1150.0,4738.0,4.12,0.14,"Strides, Bangalore, India.",Yes,70,1494.6,6.64,,,,,,,,,,,,,,,,,,,,,,,,,,
85081,151-NG-T30,FPQ-4105,SO-33145,DN-1614,Nigeria,PMO - US,From RDC,N/A - From RDC,Air,8/13/09,N/A - From RDC,29-Jan-10,22-Jan-10,22-Jan-10,ARV,Adult,SCMS from RDC,"Lamivudine/Nevirapine/Zidovudine 150/200/300mg, tablets, 60 Tabs",Lamivudine/Nevirapine/Zidovudine,Generic,150/300/200mg,Tablet - FDC,60.0,40080.0,454908.0,11.35,0.19,"Aurobindo Unit III, India",Yes,4498,19480.97,891.62,,,,,,,,,,,,,,,,,,,,,,,,,,
83471,200-DO-T30,FPQ-6616,SO-38030,DN-2066,Dominican Republic,PMO - US,From RDC,N/A - From RDC,Air,10/25/10,N/A - From RDC,30-Nov-10,14-Dec-10,14-Dec-10,ARV,Adult,SCMS from RDC,"Lopinavir/Ritonavir 200/50mg, tablets, 120 Tabs",Lopinavir/Ritonavir,Generic,200/50mg,Tablet,120.0,1100.0,39600.0,36.0,0.3,"Aurobindo Unit III, India",No,See DN-2066 (ID#:83470),See DN-2066 (ID#:83470),65.34,,,,,,,,,,,,,,,,,,,,,,,,,,
81726,,,,,Vietnam,,,,,,2/13/2013,,,,,,MYLAN LABORATORIES LTD (FORMERLY MATRIX LABORATORIES),,Efavirenz/Lamivudine/Tenofovir Disoproxil Fumarate,Generic,600/300/300mg,,,,,,,,,,,,108-VN-T30,SCMS-177630,ASN-20041,PMO - US,Direct Drop,EXW,Air,2/7/2013,13-Jul-13,13-Jul-13,13-Jul-13,ARV,Adult,"Efavirenz/Lamivudine/Tenofovir Disoproxil Fumarate 600/300/300mg, tablets, 30 Tabs",Tablet - FDC,30.0,2865.0,32918.85,11.49,0.38,Mylan (formerly Matrix) Nashik,Yes,332,6973.87,40.72,FPQ-11560
11090,111-MZ-T01,Pre-PQ Process,SO-324,DN-17,Mozambique,PMO - US,From RDC,N/A - From RDC,Air,Pre-PQ Process,N/A - From RDC,9-Jan-07,9-Jan-07,9-Jan-07,ARV,Adult,SCMS from RDC,"Lamivudine/Zidovudine 150/300mg, tablets, 60 Tabs",Lamivudine/Zidovudine,Generic,150/300mg,Tablet - FDC,60.0,6156.0,68577.84,11.14,0.19,"Aurobindo Unit III, India",No,See DN-17 (ID#:10541),See DN-17 (ID#:10541),,,,,,,,,,,,,,,,,,,,,,,,,,,
84292,,FPQ-12838,,,Uganda,,,,,,N/A - From RDC,,,,,,SCMS from RDC,,Lopinavir/Ritonavir,Aluvia,200/50mg,,,,,,,,,,,,114-UG-T30,SO-46190,DN-3348,PMO - US,From RDC,N/A - From RDC,Air,8/19/2013,15-Oct-13,8-Nov-13,27-Nov-13,ARV,Adult,"Lopinavir/Ritonavir 200/50mg [Aluvia], tablets, 120 Tabs",Tablet,120.0,13164.0,266176.08,20.22,0.17,ABBVIE Ludwigshafen Germany,Yes,2722,8604.7,329.26,
83072,,,,,Zambia,,,,,,N/A - From RDC,,,,,,SCMS from RDC,,Emtricitabine/Tenofovir Disoproxil Fumarate,Generic,200/300mg,,,,,,,,,,,,110-ZM-T30,SO-41703,DN-2834,PMO - US,From RDC,N/A - From RDC,Truck,3/8/2012,24-Sep-12,7-Sep-12,7-Sep-12,ARV,Adult,"Emtricitabine/Tenofovir Disoproxil Fumarate 200/300mg, tablets, 30 Tabs",Tablet - FDC,30.0,107175.0,762014.25,7.11,0.24,Mylan (formerly Matrix) Nashik,Yes,8709,7317.47,1068.34,FPQ-9472
1973,117-ET-T01,Pre-PQ Process,SCMS-27800,ASN-2747,Ethiopia,PMO - US,Direct Drop,EXW,Air,Pre-PQ Process,7/30/08,3-Nov-08,3-Nov-08,3-Nov-08,HRDT,HIV test,"CHEMBIO DIAGNOSTIC SYSTEMS, INC.","HIV 1/2, Stat-Pak HIV, Kit, 20 Tests","HIV 1/2, Stat-Pak HIV, Kit",Stat-Pak,,Test kit,20.0,3982.0,107514.0,27.0,1.35,Chembio Diagnostics Sys. Inc.,Yes,1445,7303.25,210.73,,,,,,,,,,,,,,,,,,,,,,,,,,
12107,110-ZM-T01,Pre-PQ Process,SO-822,DN-343,Zambia,PMO - US,From RDC,N/A - From RDC,,Pre-PQ Process,N/A - From RDC,7-Sep-07,7-Sep-07,7-Sep-07,ARV,Pediatric,SCMS from RDC,"Abacavir 20mg/ml, oral solution, Bottle, 240 ml",Abacavir,Generic,20mg/ml,Oral solution,240.0,1000.0,16500.0,16.5,0.07,"Aurobindo Unit III, India",Yes,355,1886.39,26.4,,,,,,,,,,,,,,,,,,,,,,,,,,
10903,112-NG-T01,Pre-PQ Process,SO-1221,DN-409,Nigeria,PMO - US,From RDC,N/A - From RDC,Air,Pre-PQ Process,N/A - From RDC,16-Nov-07,16-Nov-07,16-Nov-07,ARV,Pediatric,SCMS from RDC,"Efavirenz 50mg, capsule, 30 Caps",Efavirenz,Generic,50mg,Capsule,30.0,100.0,224.0,2.24,0.07,"Aurobindo Unit III, India",Yes,118,1616.04,0.36,,,,,,,,,,,,,,,,,,,,,,,,,,
85293,,,,,Guyana,,,,,,N/A - From RDC,,,,,,SCMS from RDC,,Stavudine,Generic,15mg,,,,,,,,,,,,105-GY-T30,SO-42790,DN-2810,PMO - US,From RDC,N/A - From RDC,Air,7/5/2012,30-Sep-12,29-Aug-12,29-Aug-12,ARV,Adult,"Stavudine 15mg, capsules, 60 Caps",Capsule,60.0,25.0,33.0,1.32,0.02,"Aurobindo Unit III, India",Yes,5,931.34,0.05,FPQ-10252
82393,,,,,Uganda,,,,,,N/A - From RDC,,,,,,SCMS from RDC,,Lamivudine/Zidovudine,Generic,150/300mg,,,,,,,,,,,,114-UG-T30,SO-38820,DN-2298,PMO - US,From RDC,N/A - From RDC,Truck,2/14/2011,29-Jul-11,2-Aug-11,2-Aug-11,ARV,Adult,"Lamivudine/Zidovudine 150/300mg, tablets, 60 Tabs",Tablet - FDC,60.0,15107.0,124783.82,8.26,0.14,"Aurobindo Unit III, India",Yes,1409,10928.52,205.89,FPQ-7162
84776,,FPQ-10545,,,Tanzania,,,,,,N/A - From RDC,,,,,,SCMS from RDC,,Lamivudine/Nevirapine/Stavudine,Generic,60/100/12mg,,,,,,,,,,,,109-TZ-T30,SO-43110,DN-2963,PMO - US,From RDC,N/A - From RDC,Truck,8/24/2012,28-Feb-13,18-Feb-13,18-Feb-13,ARV,Pediatric,"Lamivudine/Nevirapine/Stavudine 60/100/12mg, dispersible tablets, 60 Tabs",Chewable/dispersible tablet - FDC,60.0,10727.0,46126.1,4.3,0.07,"Cipla, Goa, India",Yes,945,7579.6,64.67,
82938,111-MZ-T30,FPQ-6981,SO-38370,DN-2119,Mozambique,PMO - US,From RDC,N/A - From RDC,Truck,1/6/11,N/A - From RDC,31-Mar-11,30-Mar-11,30-Mar-11,ARV,Pediatric,SCMS from RDC,"Zidovudine 10mg/ml, oral solution w/syringe, Bottle, 240 ml",Zidovudine,Generic,10mg/ml,Oral solution,240.0,2823.0,5928.3,2.1,0.01,"Aurobindo Unit III, India",Yes,1098,3567.53,9.78,,,,,,,,,,,,,,,,,,,,,,,,,,
19620,,FPQ-6661,,,Côte d'Ivoire,,,,,,11/11/2010,,,,,,ABBVIE LOGISTICS (FORMERLY ABBOTT LOGISTICS BV),,Lopinavir/Ritonavir,Aluvia,200/50mg,,,,,,,,,,,,104-CI-T30,SCMS-91830,ASN-9057,PMO - US,Direct Drop,FCA,Air,11/4/2010,14-Jan-11,14-Jan-11,14-Jan-11,ARV,Adult,"Lopinavir/Ritonavir 200/50mg [Aluvia], tablets, 120 Tabs",Tablet,120.0,7320.0,264691.2,36.16,0.3,ABBVIE Ludwigshafen Germany,Yes,1838,13562.36,436.74,
83919,151-NG-T30,FPQ-16313,SO-51440,DN-4282,Nigeria,PMO - US,From RDC,N/A - From RDC,Air,5/4/15,N/A - From RDC,30-Jun-15,22-Jun-15,29-Jun-15,ARV,Adult,SCMS from RDC,"Lamivudine/Tenofovir Disoproxil Fumarate 300/300mg, tablets, 30 Tabs",Lamivudine/Tenofovir Disoproxil Fumarate,Generic,300/300mg,Tablet - FDC,30.0,55851.0,256356.09,4.59,0.15,Hetero Unit III Hyderabad IN,Yes,6183,47281.56,301.73,,,,,,,,,,,,,,,,,,,,,,,,,,
84417,110-ZM-T30,FPQ-13692,SO-47990,DN-3951,Zambia,PMO - US,From RDC,N/A - From RDC,Truck,2/6/14,N/A - From RDC,31-Oct-14,2-Oct-14,22-Oct-14,ARV,Pediatric,SCMS from RDC,"Abacavir/Lamivudine 60/30mg, tablets, 60 Tabs",Abacavir/Lamivudine,Generic,60/30mg,Tablet - FDC,60.0,25000.0,100000.0,4.0,0.07,Mylan (formerly Matrix) Nashik,No,See DN-3951 (ID#:82735),See DN-3951 (ID#:82735),102.8,,,,,,,,,,,,,,,,,,,,,,,,,,
26655,116-ZA-T30,FPQ-13973,SCMS-238554,ASN-28627,South Africa,PMO - US,Direct Drop,DDP,Truck,4/30/14,10/3/14,3-Oct-14,3-Oct-14,3-Oct-14,ARV,Adult,PHARMACY DIRECT,"Nevirapine 200mg, tablets, 60 Tabs",Nevirapine,Generic,200mg,Tablet,60.0,12.0,212.96,17.75,0.3,"Aurobindo Unit III, India",No,Weight Captured Separately,Freight Included in Commodity Cost,0.22,,,,,,,,,,,,,,,,,,,,,,,,,,
64832,101-CD-T30,FPQ-14100,SCMS-239710,ASN-26736,"Congo, DRC",PMO - US,Direct Drop,EXW,Air,4/23/14,5/20/14,11-Aug-14,11-Aug-14,27-Aug-14,HRDT,HIV test - Ancillary,"Orgenics, Ltd","Chase Buffer, Determine, 100 Tests, 2.5ml x 1 Vial","Chase Buffer, Determine, 100 Tests, 2.5ml x 1 Vial",Determine,,Test kit - Ancillary,1.0,3438.0,17190.0,5.0,5.0,"Alere Medical Co., Ltd.",No,See ASN-26736 (ID#:64603),See ASN-26736 (ID#:64603),17.67,,,,,,,,,,,,,,,,,,,,,,,,,,
16379,,,,,South Africa,,,,,,10/9/2014,,,,,,PHARMACY DIRECT,,Etravirine,Intelence,100mg,,,,,,,,,,,,116-ZA-T30,SCMS-259077,ASN-33478,PMO - US,Direct Drop,DDP,Truck,9/11/2014,24-Jul-15,24-Jul-15,24-Jul-15,ARV,Adult,"Etravirine 100mg [Intelence], tablets, 120 Tabs",Tablet,120.0,27.0,742.84,27.51,0.23,"Janssen-Cilag, Latina, IT",Yes,Weight Captured Separately,Freight Included in Commodity Cost,0.76,FPQ-14942
12973,,,,,Haiti,,,,,,2/24/2012,,,,,,CIPLA LIMITED,,Lamivudine/Nevirapine/Stavudine,Generic,30/50/6mg,,,,,,,,,,,,106-HT-T30,SCMS-138620,ASN-14950,PMO - US,Direct Drop,EXW,Air,1/6/2012,12-Jun-12,12-Jun-12,12-Jun-12,ARV,Pediatric,"Lamivudine/Nevirapine/Stavudine 30/50/6mg, dispersible tablets, 60 Tabs",Chewable/dispersible tablet - FDC,60.0,298.0,685.4,2.3,0.04,"Cipla, Goa, India",Yes,21,304.62,0.96,FPQ-9066
55093,116-ZA-T30,FPQ-12522,SCMS-199289,ASN-28033,South Africa,PMO - US,Direct Drop,DDP,Truck,7/11/13,8/29/14,29-Aug-14,29-Aug-14,29-Aug-14,ARV,Pediatric,S. BUYS WHOLESALER,"Efavirenz 50mg, capsule, 30 Caps",Efavirenz,Generic,50mg,Capsule,30.0,99.0,328.31,3.32,0.11,"Aurobindo Unit III, India",No,Weight Captured Separately,Freight Included in Commodity Cost,0.41,,,,,,,,,,,,,,,,,,,,,,,,,,
85274,102-LY-T30,FPQ-9665,SO-41891,DN-2711,Libya,PMO - US,From RDC,N/A - From RDC,Air,4/4/12,N/A - From RDC,29-Jun-12,2-Jul-12,2-Jul-12,ARV,Adult,SCMS from RDC,"Tenofovir Disoproxil Fumarate 300mg, tablets, 30 Tabs",Tenofovir Disoproxil Fumarate,Generic,300mg,Tablet,30.0,2816.0,15488.0,5.5,0.18,"Aurobindo Unit III, India",Yes,231,1474.9,21.71,,,,,,,,,,,,,,,,,,,,,,,,,,
85997,,FPQ-12015,,,Tanzania,,,,,,N/A - From RDC,,,,,,SCMS from RDC,,Lopinavir/Ritonavir,Aluvia,200/50mg,,,,,,,,,,,,109-TZ-T30,SO-45000,DN-3314,PMO - US,From RDC,N/A - From RDC,Truck,4/2/2013,31-Oct-13,8-Oct-13,23-Oct-13,ARV,Adult,"Lopinavir/Ritonavir 200/50mg [Aluvia], tablets, 120 Tabs",Tablet,120.0,17167.0,347116.74,20.22,0.17,ABBVIE Ludwigshafen Germany,Yes,3547,6052.1,429.38,
49907,,,,,Malawi,,,,,,10/31/2012,,,,,,MYLAN LABORATORIES LTD (FORMERLY MATRIX LABORATORIES),,Efavirenz/Lamivudine/Tenofovir Disoproxil Fumarate,Generic,600/300/300mg,,,,,,,,,,,,103-MW-T30,SCMS-163900,ASN-19496,PMO - US,Direct Drop,EXW,Ocean,10/17/2012,24-Jul-13,24-Jul-13,24-Jul-13,ARV,Adult,"Efavirenz/Lamivudine/Tenofovir Disoproxil Fumarate 600/300/300mg, tablets, 30 Tabs",Tablet - FDC,30.0,60000.0,689400.0,11.49,0.38,Mylan (formerly Matrix) Nashik,Yes,6778,15020.21,852.79,FPQ-10790
12603,,Pre-PQ Process,,,Uganda,,,,,,N/A - From RDC,,,,,,SCMS from RDC,,Lamivudine/Zidovudine,Generic,150/300mg,,,,,,,,,,,,114-UG-T01,SO-30120,DN-1369,PMO - US,From RDC,N/A - From RDC,Air,Date Not Captured,10-Aug-09,10-Aug-09,10-Aug-09,ARV,Adult,"Lamivudine/Zidovudine 150/300mg, tablets, 60 Tabs",Tablet - FDC,60.0,2420.0,21199.2,8.76,0.15,Mylan (formerly Matrix) Nashik,Yes,202,1534.1,41.55,
14278,,FPQ-4851,,,Ethiopia,,,,,,1/13/2010,,,,,,Aurobindo Pharma Limited,,Lamivudine,Generic,150mg,,,,,,,,,,,,117-ET-T30,SCMS-62830,ASN-6210,PMO - US,Direct Drop,EXW,Air,1/5/2010,4-Mar-10,4-Mar-10,4-Mar-10,ARV,Adult,"Lamivudine 150mg, tablets, 60 Tabs",Tablet,60.0,56000.0,133280.0,2.38,0.04,"Aurobindo Unit III, India",Yes,2996,10612.93,287.35,
83587,,,,,Burundi,,,,,,N/A - From RDC,,,,,,SCMS from RDC,,Lamivudine/Zidovudine,Generic,150/300mg,,,,,,,,,,,,102-BI-T30,SO-41531,DN-2636,PMO - US,From RDC,N/A - From RDC,Air,1/25/2012,26-Apr-12,4-May-12,4-May-12,ARV,Adult,"Lamivudine/Zidovudine 150/300mg, tablets, 60 Tabs",Tablet - FDC,60.0,1728.0,13824.0,8.0,0.13,Hetero Unit III Hyderabad IN,Yes,Weight Captured Separately,Invoiced Separately,19.38,FPQ-9229
83279,,,,,Mozambique,,,,,,N/A - From RDC,,,,,,SCMS from RDC,,Abacavir/Lamivudine,Generic,600/300mg,,,,,,,,,,,,111-MZ-T30,SO-47610,DN-3935,PMO - US,From RDC,N/A - From RDC,Truck,10/21/2013,31-Oct-14,30-Oct-14,13-Nov-14,ARV,Adult,"Abacavir/Lamivudine 600/300mg, tablets, 30 Tabs",Tablet - FDC,30.0,1934.0,26147.68,13.52,0.45,"Cipla, Patalganga, India",Yes,195,63.07,26.88,FPQ-13166
20878,108-VN-T30,FPQ-6384,SCMS-87700,ASN-9709,Vietnam,PMO - US,Direct Drop,FCA,Air,9/30/10,10/14/10,24-Feb-11,24-Feb-11,24-Feb-11,ARV,Adult,ABBVIE LOGISTICS (FORMERLY ABBOTT LOGISTICS BV),"Ritonavir 100mg [Norvir], capsules, cool, 4 x 84 Caps",Ritonavir,Norvir,100mg,Capsule,336.0,12.0,2478.12,206.51,0.61,ABBVIE (Abbott) Logis. UK,Yes,51,4042.47,5.34,,,,,,,,,,,,,,,,,,,,,,,,,,
5113,,Pre-PQ Process,,,Rwanda,,,,,,7/15/2009,,,,,,HETERO LABS LIMITED,,Efavirenz,Generic,600mg,,,,,,,,,,,,107-RW-T01,SCMS-43900,ASN-4553,PMO - US,Direct Drop,CIP,Air,Pre-PQ Process,12-Aug-09,12-Aug-09,12-Aug-09,ARV,Adult,"Efavirenz 600mg, tablets, 30 Tabs",Tablet,30.0,28034.0,195677.32,6.98,0.23,Hetero Unit III Hyderabad IN,Yes,2268,19023.36,383.53,
82398,,FPQ-8048,,,Uganda,,,,,,N/A - From RDC,,,,,,SCMS from RDC,,Tenofovir Disoproxil Fumarate,Generic,300mg,,,,,,,,,,,,114-UG-T30,SO-40210,DN-2327,PMO - US,From RDC,N/A - From RDC,Air,7/13/2011,3-Nov-11,21-Aug-11,21-Aug-11,ARV,Adult,"Tenofovir Disoproxil Fumarate 300mg, tablets, 30 Tabs",Tablet,30.0,2447.0,15709.74,6.42,0.21,Mylan (formerly Matrix) Nashik,Yes,138,1812.94,25.92,
49085,,FPQ-8264,,,Sudan,,,,,,9/14/2011,,,,,,"Orgenics, Ltd",,"HIV, Capillary Tubes, for Determine, EDTA, 50uL,100 Pcs",Determine,,,,,,,,,,,,,102-SD-T30,SCMS-121840,ASN-12828,PMO - US,Direct Drop,EXW,Air,9/7/2011,6-Jan-12,6-Jan-12,6-Jan-12,HRDT,HIV test - Ancillary,"Capillary Tubes, for Determine, EDTA, 50uL,100 Pcs",Test kit - Ancillary,100.0,4.0,32.0,8.0,0.08,"Alere Medical Co., Ltd.",Yes,2,942.64,0.05,
9041,,Pre-PQ Process,,,South Africa,,,,,,Date Not Captured,,,,,,S. BUYS WHOLESALER,,Emtricitabine/Tenofovir Disoproxil Fumarate,Truvada,300/200mg,,,,,,,,,,,,116-ZA-T01,SCMS-41190,ASN-3732,PMO - US,Direct Drop,DDP,Air,Pre-PQ Process,30-Mar-09,21-Jan-09,21-Jan-09,ARV,Adult,"Emtricitabine/Tenofovir Disoproxil Fumarate 200/300mg [Truvada], tablets, 30 Tabs",Tablet - FDC,30.0,60.0,1813.2,30.22,1.01,"Aspen-OSD, Port Elizabeth, SA",No,Weight Captured Separately,Freight Included in Commodity Cost,3.55,
54296,,,,,South Africa,,,,,,6/17/2010,,,,,,Aurobindo Pharma Limited,,Efavirenz,Generic,600mg,,,,,,,,,,,,161-ZA-T30,SCMS-75750,ASN-9197,PMO - US,Direct Drop,DDP,Ocean,6/2/2010,1-Feb-11,1-Feb-11,1-Feb-11,ARV,Adult,"Efavirenz 600mg, tablets, 30 Tabs",Tablet,30.0,32083.0,144694.33,4.51,0.15,"Aurobindo Unit III, India",Yes,2808,630.5,311.96,FPQ-5648
83031,,,,,Zimbabwe,,,,,,N/A - From RDC,,,,,,SCMS from RDC,,Lamivudine/Tenofovir Disoproxil Fumarate,Generic,300/300mg,,,,,,,,,,,,113-ZW-T30,SO-40861,DN-2655,PMO - US,From RDC,N/A - From RDC,Truck,10/4/2011,31-May-12,25-May-12,25-May-12,ARV,Adult,"Lamivudine/Tenofovir Disoproxil Fumarate 300/300mg, tablets, 30 Tabs",Tablet - FDC,30.0,78082.0,432574.28,5.54,0.18,Mylan (formerly Matrix) Nashik,No,See DN-2655 (ID#:82474),See DN-2655 (ID#:82474),713.75,FPQ-8464
85769,,,,,Côte d'Ivoire,,,,,,N/A - From RDC,,,,,,SCMS from RDC,,Stavudine,Generic,15mg,,,,,,,,,,,,104-CI-T30,SO-39880,DN-2248,PMO - US,From RDC,N/A - From RDC,Air,12/21/2010,30-Jun-11,26-Jun-11,26-Jun-11,ARV,Adult,"Stavudine 15mg, capsules, 60 Caps",Capsule,60.0,207.0,273.24,1.32,0.02,"Aurobindo Unit III, India",Yes,12,2503.34,0.45,FPQ-6891
72049,,,,,Uganda,,,,,,6/12/2012,,,,,,Aurobindo Pharma Limited,,Nevirapine,Generic,200mg,,,,,,,,,,,,900-UG-T30,SCMS-149400,ASN-15429,PMO - US,Direct Drop,EXW,Air,6/7/2012,12-Jul-12,12-Jul-12,12-Jul-12,ARV,Adult,"Nevirapine 200mg, tablets, 60 Tabs",Tablet,60.0,22500.0,52875.0,2.35,0.04,"Aurobindo Unit III, India",Yes,2145,8143.97,74.13,FPQ-10089
29157,,FPQ-6262,,,South Africa,,,,,,9/21/2010,,,,,,CIPLA LIMITED,,Nevirapine,Generic,200mg,,,,,,,,,,,,161-ZA-T30,SCMS-84210,ASN-9949,PMO - US,Direct Drop,DDP,Ocean,8/31/2010,5-Apr-11,5-Apr-11,5-Apr-11,ARV,Adult,"Nevirapine 200mg, tablets, 60 Tabs",Tablet,60.0,69125.0,192858.75,2.79,0.05,"Cipla, Goa, India",Yes,7346,19261.02,415.8,
85159,,,,,Zambia,,,,,,N/A - From RDC,,,,,,SCMS from RDC,,Efavirenz,Generic,600mg,,,,,,,,,,,,110-ZM-T30,SO-36842,DN-2032,PMO - US,From RDC,N/A - From RDC,Truck,5/20/2010,4-Nov-10,8-Nov-10,8-Nov-10,ARV,Adult,"Efavirenz 600mg, tablets, 30 Tabs",Tablet,30.0,128000.0,578560.0,4.52,0.15,"Emcure Plot No.P-2, I.T-B.T. Park, Phase II, MIDC, Hinjwadi, Pune, India",No,See DN-2032 (ID#:82921),See DN-2032 (ID#:82921),1247.38,FPQ-5702
49085,,,,,Sudan,,,,,,9/14/2011,,,,,,"Orgenics, Ltd",,"HIV, Capillary Tubes, for Determine, EDTA, 50uL,100 Pcs",Determine,,,,,,,,,,,,,102-SD-T30,SCMS-121840,ASN-12828,PMO - US,Direct Drop,EXW,Air,9/7/2011,6-Jan-12,6-Jan-12,6-Jan-12,HRDT,HIV test - Ancillary,"Capillary Tubes, for Determine, EDTA, 50uL,100 Pcs",Test kit - Ancillary,100.0,4.0,32.0,8.0,0.08,"Alere Medical Co., Ltd.",Yes,2,942.64,0.05,FPQ-8264
10670,,Pre-PQ Process,,,Uganda,,,,,,N/A - From RDC,,,,,,SCMS from RDC,,Lamivudine/Nevirapine/Stavudine,Generic,150/200/30mg,,,,,,,,,,,,114-UG-T01,SO-1082,DN-589,PMO - US,From RDC,N/A - From RDC,,Pre-PQ Process,28-Feb-08,28-Feb-08,28-Feb-08,ARV,Adult,"Lamivudine/Nevirapine/Stavudine 150/200/30mg, tablets, 60 Tabs",Tablet - FDC,60.0,93.0,688.2,7.4,0.12,"Cipla, Goa, India",Yes,311,1430.22,1.1,
85754,,,,,Nigeria,,,,,,N/A - From RDC,,,,,,SCMS from RDC,,Lamivudine/Nevirapine/Zidovudine,Generic,150/300/200mg,,,,,,,,,,,,151-NG-T30,SO-38490,DN-2162,PMO - US,From RDC,N/A - From RDC,Air Charter,12/7/2010,31-Mar-11,10-May-11,10-May-11,ARV,Adult,"Lamivudine/Nevirapine/Zidovudine 150/200/300mg, tablets, 60 Tabs",Tablet - FDC,60.0,154667.0,1735363.74,11.22,0.19,"Aurobindo Unit III, India",Yes,20339,12601.06,2863.35,FPQ-6800
16707,,,,,Kenya,,,,,,5/27/2010,,,,,,"Orgenics, Ltd",,"HIV 1/2, Determine Complete HIV Kit",Determine,,,,,,,,,,,,,102-KE-T30,SCMS-58382,ASN-7490,PMO - US,Direct Drop,EXW,Air,11/18/2009,29-Jul-10,29-Jul-10,29-Jul-10,HRDT,HIV test,"HIV 1/2, Determine Complete HIV Kit, 100 Tests",Test kit,100.0,8442.0,675360.0,80.0,0.8,Inverness Japan,Yes,1454,13343.23,1456.08,FPQ-4591
13842,101-CD-T30,FPQ-14255,SCMS-239810,ASN-27324,"Congo, DRC",PMO - US,Direct Drop,EXW,Air,5/15/14,5/19/14,30-Sep-14,30-Sep-14,21-Oct-14,ARV,Pediatric,Aurobindo Pharma Limited,"Nevirapine 50mg, dispersible tablets (tablets for oral suspension), 30 Tabs",Nevirapine,Generic,50mg,Chewable/dispersible tablet,30.0,940.0,1175.0,1.25,0.04,"Aurobindo Unit III, India",Yes,132,2516.57,1.21,,,,,,,,,,,,,,,,,,,,,,,,,,
9085,,,,,Côte d'Ivoire,,,,,,4/2/2009,,,,,,"Standard Diagnostics, Inc.",,"HIV 1/2, Bioline 3.0 Kit, Lancets, Capillary pipets, Alcohol swabs included",Bioline,,,,,,,,,,,,,104-CI-T01,SCMS-42600,ASN-4242,PMO - US,Direct Drop,EXW,Air,Pre-PQ Process,1-Jul-09,1-Jul-09,1-Jul-09,HRDT,HIV test,"HIV 1/2, Bioline 3.0 Kit, Lancets, Capillary pipets, Alcohol swabs included, 25 Tests",Test kit,25.0,500.0,10000.0,20.0,0.8,"Standard Diagnostics, Korea",Yes,136,2094.08,19.6,Pre-PQ Process
83916,102-BI-T30,FPQ-15406,SO-50291,DN-4306,Burundi,PMO - US,From RDC,N/A - From RDC,Air,11/19/14,N/A - From RDC,31-Jul-15,10-Jul-15,13-Jul-15,ARV,Adult,SCMS from RDC,"Lopinavir/Ritonavir 200/50mg, tablets, 120 Tabs",Lopinavir/Ritonavir,Generic,200/50mg,Tablet,120.0,240.0,4646.4,19.36,0.16,"Aurobindo Unit III, India",Yes,58,1289.48,5.47,,,,,,,,,,,,,,,,,,,,,,,,,,
3,,,,,Vietnam,,,,,,Date Not Captured,,,,,,Aurobindo Pharma Limited,,Nevirapine,Generic,10mg/ml,,,,,,,,,,,,108-VN-T01,SCMS-13,ASN-85,PMO - US,Direct Drop,EXW,Air,Pre-PQ Process,14-Nov-06,14-Nov-06,14-Nov-06,ARV,Pediatric,"Nevirapine 10mg/ml, oral suspension, Bottle, 240 ml",Oral suspension,240.0,1000.0,6200.0,6.2,0.03,"Aurobindo Unit III, India",Yes,358,4521.5,,Pre-PQ Process
11870,,,,,Guyana,,,,,,N/A - From RDC,,,,,,SCMS from RDC,,"HIV 1/2, Determine HIV Kit, without Lancets",Determine,,,,,,,,,,,,,102-GY-T01,SO-1004,DN-617,PMO - US,From RDC,N/A - From RDC,,Pre-PQ Process,21-Feb-08,21-Feb-08,21-Feb-08,HRDT,HIV test,"HIV 1/2, Determine HIV Kit, without Lancets, 100 Tests",Test kit,100.0,152.0,10942.48,71.99,0.72,Inverness Japan,No,See DN-617 (ID#:11236),See DN-617 (ID#:11236),17.51,Pre-PQ Process
47443,,,,,Uganda,,,,,,9/10/2009,,,,,,ABBVIE LOGISTICS (FORMERLY ABBOTT LOGISTICS BV),,Lopinavir/Ritonavir,Aluvia,200/50mg,,,,,,,,,,,,114-UG-T30,SCMS-53080,ASN-5062,PMO - US,Direct Drop,FCA,Air,8/25/2009,20-Oct-09,20-Oct-09,20-Oct-09,ARV,Adult,"Lopinavir/Ritonavir 200/50mg [Aluvia], tablets, 120 Tabs",Tablet,120.0,120.0,4339.2,36.16,0.3,ABBVIE Ludwigshafen Germany,Yes,36,1025.69,8.5,FPQ-4085
72193,161-ZA-T30,FPQ-5648,SCMS-75750,ASN-9177,South Africa,PMO - US,Direct Drop,DDP,Ocean,6/2/10,6/17/10,1-Feb-11,1-Feb-11,1-Feb-11,ARV,Adult,Aurobindo Pharma Limited,"Efavirenz 600mg, tablets, 30 Tabs",Efavirenz,Generic,600mg,Tablet,30.0,64260.0,289812.6,4.51,0.15,"Aurobindo Unit III, India",Yes,5623,630.5,624.84,,,,,,,,,,,,,,,,,,,,,,,,,,
82633,111-MZ-T30,FPQ-12416,SO-45896,DN-3483,Mozambique,PMO - US,From RDC,N/A - From RDC,Truck,6/28/13,N/A - From RDC,31-Jan-14,10-Feb-14,17-Mar-14,ARV,Adult,SCMS from RDC,"Lamivudine/Nevirapine/Zidovudine 150/200/300mg, tablets, 60 Tabs",Lamivudine/Nevirapine/Zidovudine,Generic,150/300/200mg,Tablet - FDC,60.0,39600.0,327096.0,8.26,0.14,Mylan (formerly Matrix) Nashik,Yes,17181,15814.01,404.62,,,,,,,,,,,,,,,,,,,,,,,,,,
84133,,,,,"Congo, DRC",,,,,,N/A - From RDC,,,,,,SCMS from RDC,,Lamivudine/Zidovudine,Generic,150/300mg,,,,,,,,,,,,101-CD-T30,SO-41133,DN-2495,PMO - US,From RDC,N/A - From RDC,Air,11/21/2011,16-Mar-12,14-Feb-12,14-Feb-12,ARV,Adult,"Lamivudine/Zidovudine 150/300mg, tablets, 60 Tabs",Tablet - FDC,60.0,75.0,619.5,8.26,0.14,"Aurobindo Unit III, India",No,See DN-2495 (ID#:83555),See DN-2495 (ID#:83555),0.87,FPQ-8840
86346,,FPQ-5925,,,Côte d'Ivoire,,,,,,N/A - From RDC,,,,,,SCMS from RDC,,Tenofovir Disoproxil Fumarate,Generic,300mg,,,,,,,,,,,,104-CI-T30,SO-37150,DN-2035,PMO - US,From RDC,N/A - From RDC,Truck,6/23/2010,30-Nov-10,26-Nov-10,26-Nov-10,ARV,Adult,"Tenofovir Disoproxil Fumarate 300mg, tablets, 30 Tabs",Tablet,30.0,2480.0,18104.0,7.3,0.24,Mylan (formerly Matrix) Nashik,No,See DN-2035 (ID#:82356),See DN-2035 (ID#:82356),39.03,
46688,116-ZA-T30,FPQ-12522,SCMS-199289,ASN-28034,South Africa,PMO - US,Direct Drop,DDP,Truck,7/11/13,8/29/14,29-Aug-14,29-Aug-14,29-Aug-14,ARV,Adult,S. BUYS WHOLESALER,"Nevirapine 200mg, tablets, 60 Tabs",Nevirapine,Generic,200mg,Tablet,60.0,88.0,1722.87,19.58,0.33,"Aurobindo Unit III, India",No,Weight Captured Separately,Freight Included in Commodity Cost,2.13,,,,,,,,,,,,,,,,,,,,,,,,,,
85936,114-UG-T30,FPQ-10786,SO-43520,DN-3011,Uganda,PMO - US,From RDC,N/A - From RDC,Air,10/10/12,N/A - From RDC,4-Mar-13,4-Mar-13,4-Mar-13,ARV,Adult,SCMS from RDC,"Lopinavir/Ritonavir 200/50mg, tablets, 120 Tabs",Lopinavir/Ritonavir,Generic,200/50mg,Tablet,120.0,8494.0,210311.44,24.76,0.21,"Aurobindo Unit III, India",Yes,2089,17032.59,260.16,,,,,,,,,,,,,,,,,,,,,,,,,,
86419,109-TZ-T30,FPQ-8303,SO-40522,DN-2413,Tanzania,PMO - US,From RDC,N/A - From RDC,Truck,8/22/11,N/A - From RDC,29-Dec-11,15-Nov-11,15-Nov-11,ARV,Pediatric,SCMS from RDC,"Nevirapine 10mg/ml, oral suspension w/syringe, Bottle, 240 ml",Nevirapine,Generic,10mg/ml,Oral suspension,240.0,2374.0,4629.3,1.95,0.01,"Aurobindo Unit III, India",Yes,888,4417.96,7.64,,,,,,,,,,,,,,,,,,,,,,,,,,
82591,,,,,Tanzania,,,,,,N/A - From RDC,,,,,,SCMS from RDC,,Lamivudine/Nevirapine/Zidovudine,Generic,150/300/200mg,,,,,,,,,,,,109-TZ-T30,SO-45720,DN-3236,PMO - US,From RDC,N/A - From RDC,Truck,5/16/2013,29-Aug-13,10-Sep-13,10-Sep-13,ARV,Adult,"Lamivudine/Nevirapine/Zidovudine 150/200/300mg, tablets, 60 Tabs",Tablet - FDC,60.0,58920.0,505533.6,8.58,0.14,"Strides, Bangalore, India.",Yes,6560,8057.2,625.35,FPQ-12278
58305,,,,,Tanzania,,,,,,10/18/2012,,,,,,"Trinity Biotech, Plc",,"HIV 1/2, Uni-Gold HIV Kit",Uni-Gold,,,,,,,,,,,,,109-TZ-T30,SCMS-162830,ASN-17278,PMO - US,Direct Drop,EXW,Air,10/11/2012,2-Jan-13,2-Jan-13,2-Jan-13,HRDT,HIV test,"HIV 1/2, Uni-Gold HIV Kit, 20 Tests",Test kit,20.0,383.0,12256.0,32.0,1.6,"Trinity Biotech, Plc",Yes,125,1908.34,15.16,FPQ-10809
83882,,,,,Zambia,,,,,,N/A - From RDC,,,,,,SCMS from RDC,,Efavirenz,Generic,600mg,,,,,,,,,,,,110-ZM-T30,SO-49630,DN-4111,PMO - US,From RDC,N/A - From RDC,Truck,8/12/2014,31-Mar-15,19-Feb-15,20-Feb-15,ARV,Adult,"Efavirenz 600mg, tablets, 30 Tabs",Tablet,30.0,41416.0,132945.36,3.21,0.11,"Strides, Bangalore, India.",Yes,7521,8265.26,136.67,FPQ-14784
2923,,Pre-PQ Process,,,South Africa,,,,,,11/12/2007,,,,,,"JSI R&T INSTITUTE, INC.",,Emtricitabine/Tenofovir Disoproxil Fumarate,Truvada,300/200mg,,,,,,,,,,,,116-ZA-T01,SCMS-14050,ASN-1251,PMO - US,Direct Drop,DDP,,Pre-PQ Process,29-Jan-08,29-Jan-08,29-Jan-08,ARV,Adult,"Emtricitabine/Tenofovir Disoproxil Fumarate 200/300mg [Truvada], tablets, 30 Tabs",Tablet - FDC,30.0,10.0,443.0,44.3,1.48,"Aspen-OSD, Port Elizabeth, SA",No,Weight Captured Separately,Freight Included in Commodity Cost,0.71,
73403,101-AF-T30,FPQ-15746,SCMS-275090,ASN-30861,Afghanistan,PMO - US,Direct Drop,EXW,Air,1/20/15,2/9/15,12-Jul-15,12-Jul-15,13-Jul-15,ANTM,Malaria,IMRES B.V.,"Quinine sulphate 300mg, film coated tablet, 1000 Tabs",Quinine,Generic,300mg,Tablet,1000.0,57.0,2881.35,50.55,0.05,Mepro Pharm Wadhwan Unit II,No,See ASN-30861 (ID#:41238),See ASN-30861 (ID#:41238),3.39,,,,,,,,,,,,,,,,,,,,,,,,,,
57780,,FPQ-3588,,,Mozambique,,,,,,5/13/2009,,,,,,GLAXOSMITHKLINE EXPORT LIMITED,,Abacavir/Lamivudine/Zidovudine,Trizivir,300/150/300mg,,,,,,,,,,,,111-MZ-T30,SCMS-45690,ASN-5257,PMO - US,Direct Drop,CIP,Air,3/25/2009,29-Oct-09,29-Oct-09,29-Oct-09,ARV,Adult,"Abacavir/Lamivudine/Zidovudine 300/150/300mg [Trizivir], tablets, 60 Tabs",Tablet - FDC,60.0,1676.0,90017.96,53.71,0.9,GSK Ware (UK),Yes,249,Freight Included in Commodity Cost,176.44,
10719,,Pre-PQ Process,,,Mozambique,,,,,,N/A - From RDC,,,,,,SCMS from RDC,,Lamivudine/Nevirapine/Stavudine,Generic,150/200/30mg,,,,,,,,,,,,111-MZ-T01,SO-11071,DN-932,PMO - US,From RDC,N/A - From RDC,Truck,Pre-PQ Process,14-Nov-08,14-Nov-08,14-Nov-08,ARV,Adult,"Lamivudine/Nevirapine/Stavudine 150/200/30mg, tablets, 60 Tabs",Tablet - FDC,60.0,125010.0,900072.0,7.2,0.12,"Strides, Bangalore, India.",Yes,3918,1012.43,1440.12,
85883,,FPQ-9261,,,Côte d'Ivoire,,,,,,N/A - From RDC,,,,,,SCMS from RDC,,Efavirenz/Emtricitabine/Tenofovir Disoproxil Fumarate,Generic,600/200/300mg,,,,,,,,,,,,104-CI-T30,SO-41480,DN-2777,PMO - US,From RDC,N/A - From RDC,Truck,1/30/2012,20-Aug-12,18-Aug-12,18-Aug-12,ARV,Adult,"Efavirenz/Emtricitabine/Tenofovir Disoproxil Fumarate 600/200/300mg, tablets, 30 Tabs",Tablet - FDC,30.0,8640.0,129945.6,15.04,0.5,Mylan (formerly Matrix) Nashik,Yes,972,4754.53,182.18,
39105,,FPQ-12522,,,South Africa,,,,,,7/10/2014,,,,,,S. BUYS WHOLESALER,,Lopinavir/Ritonavir,Kaletra,80/20mg/ml,,,,,,,,,,,,116-ZA-T30,SCMS-199288,ASN-27196,PMO - US,Direct Drop,DDP,Truck,7/11/2013,10-Jul-14,10-Jul-14,10-Jul-14,ARV,Pediatric,"Lopinavir/Ritonavir 80/20mg/ml [Kaletra], oral solution, cool, Bottle 5 x 60 ml",Oral solution,300.0,5.0,117.26,23.45,0.08,ABBVIE (Abbott) Logis. UK,Yes,Weight Captured Separately,Freight Included in Commodity Cost,0.15,
84597,,FPQ-5201,,,Côte d'Ivoire,,,,,,N/A - From RDC,,,,,,SCMS from RDC,,Efavirenz,Generic,200mg,,,,,,,,,,,,104-CI-T30,SO-36380,DN-2034,PMO - US,From RDC,N/A - From RDC,Air,3/3/2010,30-Oct-10,23-Nov-10,23-Nov-10,ARV,Pediatric,"Efavirenz 200mg, capsule, 90 Caps",Capsule,90.0,1785.0,17974.95,10.07,0.11,"Aurobindo Unit III, India",Yes,168,7816.45,38.75,
69483,116-ZA-T30,FPQ-14942,SCMS-259071,ASN-29597,South Africa,PMO - US,Direct Drop,DDP,Truck,9/11/14,11/28/14,28-Nov-14,28-Nov-14,28-Nov-14,ARV,Adult,PHARMACY DIRECT,"Abacavir 300mg, tablets, 60 Tabs",Abacavir,Generic,300mg,Tablet,60.0,39.0,1944.25,49.85,0.83,"Aurobindo Unit III, India",No,Weight Captured Separately,Freight Included in Commodity Cost,2.0,,,,,,,,,,,,,,,,,,,,,,,,,,
75089,,FPQ-14942,,,South Africa,,,,,,11/28/2014,,,,,,PHARMACY DIRECT,,Darunavir,Prezista,300mg,,,,,,,,,,,,116-ZA-T30,SCMS-259071,ASN-29596,PMO - US,Direct Drop,DDP,Truck,9/11/2014,28-Nov-14,28-Nov-14,28-Nov-14,ARV,Adult,"Darunavir 300mg [Prezista], tablets, 120 Tabs",Tablet,120.0,36.0,1696.63,47.13,0.39,"Janssen-Cilag, Latina, IT",No,Weight Captured Separately,Freight Included in Commodity Cost,1.74,
37379,,,,,Haiti,,,,,,10/8/2013,,,,,,CIPLA LIMITED,,Abacavir,Generic,60mg,,,,,,,,,,,,106-HT-T30,SCMS-209700,ASN-24413,PMO - US,Direct Drop,EXW,Air,8/23/2013,25-Mar-14,25-Mar-14,26-Mar-14,ARV,Pediatric,"Abacavir 60mg, dispersible tablets, 60 Tabs",Chewable/dispersible tablet,60.0,741.0,3705.0,5.0,0.08,"Cipla, Patalganga, India",Yes,66,1572.92,4.58,FPQ-12682
37979,,,,,Zimbabwe,,,,,,7/18/2012,,,,,,ABBVIE LOGISTICS (FORMERLY ABBOTT LOGISTICS BV),,Lopinavir/Ritonavir,Kaletra,80/20mg/ml,,,,,,,,,,,,103-ZW-T30,SCMS-148290,ASN-16417,PMO - US,Direct Drop,FCA,Air,5/29/2012,8-Nov-12,8-Nov-12,8-Nov-12,ARV,Pediatric,"Lopinavir/Ritonavir 80/20mg/ml [Kaletra], oral solution, cool, Bottle 5 x 60 ml",Oral solution,300.0,1500.0,46230.0,30.82,0.1,ABBVIE (Abbott) Logis. UK,Yes,1374,15593.13,64.81,FPQ-9905
12620,,,,,Mozambique,,,,,,N/A - From RDC,,,,,,SCMS from RDC,,Stavudine,Generic,30mg,,,,,,,,,,,,111-MZ-T01,SO-15520,DN-1549,PMO - US,From RDC,N/A - From RDC,Air,Date Not Captured,6-Jan-10,6-Jan-10,6-Jan-10,ARV,Adult,"Stavudine 30mg, capsules, 60 Caps",Capsule,60.0,735.0,1073.1,1.46,0.02,"Aurobindo Unit III, India",Yes,47,955.36,2.31,Pre-PQ Process
84994,151-NG-T30,FPQ-14156,SO-48891,DN-3999,Nigeria,PMO - US,From RDC,N/A - From RDC,Air Charter,4/25/14,N/A - From RDC,30-Nov-14,30-Oct-14,3-Nov-14,ARV,Adult,SCMS from RDC,"Lamivudine/Nevirapine/Zidovudine 150/200/300mg, tablets, 60 Tabs",Lamivudine/Nevirapine/Zidovudine,Generic,150/300/200mg,Tablet - FDC,60.0,100000.0,811000.0,8.11,0.14,"Cipla, Goa, India",No,See DN-3999 (ID#:82752),See DN-3999 (ID#:82752),833.71,,,,,,,,,,,,,,,,,,,,,,,,,,
858,,Pre-PQ Process,,,Tanzania,,,,,,12/19/2008,,,,,,MERCK SHARP & DOHME IDEA GMBH (FORMALLY MERCK SHARP & DOHME B.V.),,Efavirenz/Emtricitabine/Tenofovir Disoproxil Fumarate,Atripla,600/200/300mg,,,,,,,,,,,,109-TZ-T01,SCMS-34680,ASN-3332,PMO - US,Direct Drop,CIP,Air,Pre-PQ Process,21-Apr-09,21-Apr-09,21-Apr-09,ARV,Adult,"Efavirenz/Emtricitabine/Tenofovir Disoproxil Fumarate 600/200/300mg [Atripla], tablets, 30 Tabs",Tablet - FDC,30.0,50000.0,2520000.0,50.4,1.68,"MSD, Haarlem, NL",Yes,4093,9339,4939.2,
83655,,,,,Haiti,,,,,,N/A - From RDC,,,,,,SCMS from RDC,,Lamivudine/Stavudine,Generic,30/6mg,,,,,,,,,,,,106-HT-T30,SO-44410,DN-3014,PMO - US,From RDC,N/A - From RDC,Air,1/16/2013,9-Apr-13,3-Jan-13,3-Jan-13,ARV,Pediatric,"Lamivudine/Stavudine 30/6mg, dispersible tablets, 60 Tabs",Chewable/dispersible tablet - FDC,60.0,888.0,1687.2,1.9,0.03,"Cipla, Goa, India",Yes,119,1896.49,2.09,FPQ-11281
48872,,FPQ-13548,,,"Congo, DRC",,,,,,1/30/2014,,,,,,WAGENIA,,"HIV 1/2, Determine Kit without Lancets, Buffer or Capillary Tubes, 100 Tests",Determine,,,,,,,,,,,,,101-CD-T30,SCMS-224850,ASN-25795,PMO - US,Direct Drop,DDP,Truck,1/22/2014,7-Apr-14,7-Apr-14,23-Apr-14,HRDT,HIV test,"HIV 1/2, Determine Kit without Lancets, Buffer or Caplillary Tubes, 100 Tests",Test kit,100.0,2500.0,287975.0,115.19,1.15,"Alere Medical Co., Ltd.",No,Weight Captured Separately,Freight Included in Commodity Cost,296.04,
64304,,FPQ-13494,,,Haiti,,,,,,2/19/2014,,,,,,"Orgenics, Ltd",,"HIV 1/2, Determine Complete HIV Kit",Determine,,,,,,,,,,,,,106-HT-T30,SCMS-225410,ASN-24980,PMO - US,Direct Drop,EXW,Air,1/21/2014,14-Apr-14,14-Apr-14,14-Apr-14,HRDT,HIV test,"HIV 1/2, Determine Complete HIV Kit, 100 Tests",Test kit,100.0,4000.0,400000.0,100.0,1.0,"Alere Medical Co., Ltd.",Yes,1624,15537.04,411.2,
12885,,,,,Nigeria,,,,,,N/A - From RDC,,,,,,SCMS from RDC,,Efavirenz,Generic,600mg,,,,,,,,,,,,112-NG-T01,SO-21050,DN-1244,PMO - US,From RDC,N/A - From RDC,Air Charter,Pre-PQ Process,16-Jun-09,16-Jun-09,16-Jun-09,ARV,Adult,"Efavirenz 600mg, tablets, 30 Tabs",Tablet,30.0,2178.0,23522.4,10.8,0.36,"Aurobindo Unit III, India",No,See DN-1244 (ID#:11048),See DN-1244 (ID#:11048),46.1,Pre-PQ Process
5053,116-ZA-T01,Pre-PQ Process,SCMS-41190,ASN-3732,South Africa,PMO - US,Direct Drop,DDP,Air,Pre-PQ Process,Date Not Captured,30-Mar-09,21-Jan-09,21-Jan-09,ARV,Pediatric,S. BUYS WHOLESALER,"Efavirenz 200mg [Stocrin/Sustiva], capsule, 90 Caps",Efavirenz,Stocrin/Sustiva,200mg,Capsule,90.0,30.0,829.5,27.65,0.31,"MSD Midrand, J'burg, SA",No,Weight Captured Separately,Freight Included in Commodity Cost,1.63,,,,,,,,,,,,,,,,,,,,,,,,,,
85201,105-GY-T30,FPQ-8024,SO-40450,DN-2361,Guyana,PMO - US,From RDC,N/A - From RDC,Air,8/19/11,N/A - From RDC,15-Dec-11,28-Sep-11,28-Sep-11,ARV,Pediatric,SCMS from RDC,"Nevirapine 10mg/ml, oral suspension w/syringe, Bottle, 240 ml",Nevirapine,Generic,10mg/ml,Oral suspension,240.0,659.0,1285.05,1.95,0.01,"Aurobindo Unit III, India",No,See DN-2361 (ID#:84673),See DN-2361 (ID#:84673),2.12,,,,,,,,,,,,,,,,,,,,,,,,,,
12411,104-CI-T01,Pre-PQ Process,SO-963,DN-323,Côte d'Ivoire,PMO - US,From RDC,N/A - From RDC,,Pre-PQ Process,N/A - From RDC,14-Sep-07,14-Sep-07,14-Sep-07,ARV,Pediatric,SCMS from RDC,"Didanosine 100mg, chewable/dispersible tablets, 60 Tabs",Didanosine,Generic,100mg,Chewable/dispersible tablet,60.0,1696.0,13144.0,7.75,0.13,"Aurobindo Unit III, India",No,See DN-323 (ID#:10588),See DN-323 (ID#:10588),21.03,,,,,,,,,,,,,,,,,,,,,,,,,,
12058,,Pre-PQ Process,,,Tanzania,,,,,,N/A - From RDC,,,,,,SCMS from RDC,,"HIV 1/2, Uni-Gold HIV Kit",Uni-Gold,,,,,,,,,,,,,109-TZ-T01,SO-306,DN-144,PMO - US,From RDC,N/A - From RDC,Air,Pre-PQ Process,6-Jul-07,6-Jul-07,6-Jul-07,HRDT,HIV test,"HIV 1/2, Uni-Gold HIV Kit, 20 Tests",Test kit,20.0,100.0,3200.0,32.0,1.6,"Trinity Biotech, Plc",Yes,Weight Captured Separately,2297,,
10348,,Pre-PQ Process,,,South Africa,,,,,,Date Not Captured,,,,,,S. BUYS WHOLESALER,,Stavudine,Generic,30mg,,,,,,,,,,,,116-ZA-T01,SCMS-41090,ASN-3626,PMO - US,Direct Drop,DDP,Air,Pre-PQ Process,9-Jun-09,27-Jan-09,27-Jan-09,ARV,Adult,"Stavudine 30mg, capsules, 60 Caps",Capsule,60.0,24150.0,59892.0,2.48,0.04,"Aurobindo Unit III, India",No,Weight Captured Separately,Freight Included in Commodity Cost,117.39,
42221,,,,,Vietnam,,,,,,11/13/2009,,,,,,Aurobindo Pharma Limited,,Abacavir,Generic,300mg,,,,,,,,,,,,108-VN-T30,SCMS-57130,ASN-6266,PMO - US,Direct Drop,EXW,Air,10/20/2009,19-Mar-10,19-Mar-10,19-Mar-10,ARV,Adult,"Abacavir 300mg, tablets, 60 Tabs",Tablet,60.0,200.0,3780.0,18.9,0.32,"Aurobindo Unit III, India",No,See ASN-6266 (ID#:15368),See ASN-6266 (ID#:15368),7.41,FPQ-4265
85095,,,,,Nigeria,,,,,,N/A - From RDC,,,,,,SCMS from RDC,,Lamivudine/Nevirapine/Zidovudine,Generic,150/300/200mg,,,,,,,,,,,,151-NG-T30,SO-35067,DN-1685,PMO - US,From RDC,N/A - From RDC,Air Charter,11/6/2009,19-Apr-10,31-Mar-10,31-Mar-10,ARV,Adult,"Lamivudine/Nevirapine/Zidovudine 150/200/300mg, tablets, 60 Tabs",Tablet - FDC,60.0,10000.0,112200.0,11.22,0.19,"Aurobindo Unit III, India",Yes,1169,Freight Included in Commodity Cost,241.9,FPQ-4537
14200,,,,,South Africa,,,,,,12/2/2013,,,,,,S. BUYS WHOLESALER,,Lamivudine/Zidovudine,Generic,150/300mg,,,,,,,,,,,,116-ZA-T30,SCMS-215410,ASN-23875,PMO - US,Direct Drop,DDP,Truck,11/14/2013,13-Jan-14,13-Jan-14,13-Jan-14,ARV,Adult,"Lamivudine/Zidovudine 150/300mg, tablets, 60 Tabs",Tablet - FDC,60.0,59.0,1653.14,28.02,0.47,"Cipla, Goa, India",Yes,Weight Captured Separately,Freight Included in Commodity Cost,1.7,FPQ-13214
21536,,FPQ-9896,,,Pakistan,,,,,,7/9/2012,,,,,,INVERNESS MEDICAL INNOVATIONS HONG KONG LTD,,"HIV 1/2, Determine Complete HIV Kit",Determine,,,,,,,,,,,,,110-PK-T30,SCMS-149790,ASN-23519,PMO - US,Direct Drop,EXW,Air,5/18/2012,17-Mar-14,17-Mar-14,17-Mar-14,HRDT,HIV test,"HIV 1/2, Determine Complete HIV Kit, 100 Tests",Test kit,100.0,4484.0,358720.0,80.0,0.8,"Alere Medical Co., Ltd.",Yes,1744,19489.83,502.93,
5295,102-NG-T01,Pre-PQ Process,SCMS-229,ASN-155,Nigeria,PMO - US,Direct Drop,EXW,Air,Pre-PQ Process,Date Not Captured,17-Dec-06,17-Dec-06,17-Dec-06,HRDT,HIV test,Orasure Technologies Inc.,"HIV 1/2, OraQuick Advance HIV Rapid Antibody Kit, 100 Tests","HIV 1/2, OraQuick Advance HIV Rapid Antibody Kit",OraQuick,,Test kit,100.0,8.0,3200.0,400.0,4.0,"Pacific Biotech, Thailand",Yes,Weight Captured Separately,Invoiced Separately,,,,,,,,,,,,,,,,,,,,,,,,,,,
85783,,FPQ-7053,,,Mozambique,,,,,,N/A - From RDC,,,,,,SCMS from RDC,,Lamivudine,Generic,150mg,,,,,,,,,,,,111-MZ-T30,SO-38680,DN-2316,PMO - US,From RDC,N/A - From RDC,Truck,1/24/2011,30-Sep-11,15-Sep-11,15-Sep-11,ARV,Adult,"Lamivudine 150mg, tablets, 60 Tabs",Tablet,60.0,3357.0,7821.81,2.33,0.04,Hetero Unit III Hyderabad IN,Yes,181,315.51,12.91,
53421,,,,,South Africa,,,,,,4/21/2010,,,,,,S. BUYS WHOLESALER,,Stavudine,Zerit,20mg,,,,,,,,,,,,116-ZA-T30,SCMS-71370,ASN-7374,PMO - US,Direct Drop,DDP,Truck,4/19/2010,4-Jun-10,4-Jun-10,4-Jun-10,ARV,Adult,"Stavudine 20mg [Zerit], capsules, 60 Caps",Capsule,60.0,200.0,1213.75,6.07,0.1,"BMS Meymac, France",Yes,Weight Captured Separately,Freight Included in Commodity Cost,2.62,FPQ-5535
73261,,FPQ-12522,,,South Africa,,,,,,8/27/2014,,,,,,S. BUYS WHOLESALER,,Lamivudine,Generic,10mg/ml,,,,,,,,,,,,116-ZA-T30,SCMS-199283,ASN-27980,PMO - US,Direct Drop,DDP,Truck,7/11/2013,27-Aug-14,27-Aug-14,27-Aug-14,ARV,Pediatric,"Lamivudine 10mg/ml, oral solution w/syringe, Bottle, 240 ml",Oral solution,240.0,12.0,95.96,8.0,0.03,"Aurobindo Unit III, India",No,Weight Captured Separately,Freight Included in Commodity Cost,0.12,
1723,,Pre-PQ Process,,,South Africa,,,,,,4/4/2008,,,,,,S. BUYS WHOLESALER,,Zidovudine,Retrovir,300mg,,,,,,,,,,,,116-ZA-T01,SCMS-21460,ASN-2291,PMO - US,Direct Drop,DDP,,Pre-PQ Process,25-Apr-08,25-Apr-08,25-Apr-08,ARV,Adult,"Zidovudine 300mg [Retrovir], tablets, 60 Tabs",Tablet,60.0,300.0,4155.0,13.85,0.23,GSK Aranda,Yes,Weight Captured Separately,Freight Included in Commodity Cost,6.65,
84237,,FPQ-11546,,,Guyana,,,,,,N/A - From RDC,,,,,,SCMS from RDC,,Lamivudine,Generic,10mg/ml,,,,,,,,,,,,105-GY-T30,SO-44530,DN-3059,PMO - US,From RDC,N/A - From RDC,Truck,1/28/2013,18-Apr-13,15-Mar-13,15-Mar-13,ARV,Pediatric,"Lamivudine 10mg/ml, oral solution w/syringe, Bottle, 240 ml",Oral solution,240.0,225.0,416.25,1.85,0.01,"Aurobindo Unit III, India",No,See DN-3059 (ID#:82560),See DN-3059 (ID#:82560),0.51,
22281,116-ZA-T30,FPQ-14942,SCMS-259079,ASN-33852,South Africa,PMO - US,Direct Drop,DDP,Truck,9/11/14,10/9/14,24-Aug-15,24-Aug-15,24-Aug-15,ARV,Pediatric,PHARMACY DIRECT,"Lamivudine 10mg/ml, oral solution, Bottle, 240 ml",Lamivudine,Generic,10mg/ml,Oral solution,240.0,17.0,91.92,5.41,0.02,"Aurobindo Unit III, India",No,Weight Captured Separately,Freight Included in Commodity Cost,0.09,,,,,,,,,,,,,,,,,,,,,,,,,,
50255,,FPQ-4265,,,Vietnam,,,,,,11/13/2009,,,,,,Aurobindo Pharma Limited,,Stavudine,Generic,30mg,,,,,,,,,,,,108-VN-T30,SCMS-57130,ASN-6266,PMO - US,Direct Drop,EXW,Air,10/20/2009,19-Mar-10,19-Mar-10,19-Mar-10,ARV,Adult,"Stavudine 30mg, capsules, 60 Caps",Capsule,60.0,10416.0,15103.2,1.45,0.02,"Aurobindo Unit III, India",No,See ASN-6266 (ID#:15368),See ASN-6266 (ID#:15368),29.6,
81823,111-MZ-T30,FPQ-15346,SCMS-266470,ASN-31352,Mozambique,PMO - US,Direct Drop,FCA,Air,11/21/14,12/8/14,14-Apr-15,14-Apr-15,15-Jul-15,HRDT,HIV test,BIO-RAD LABORATORIES (FRANCE),"HIV, Multispot HIV-1/HIV-2 Rapid Test Kit, 50 Tests","HIV, Multispot HIV-1/HIV-2 Rapid Test Kit",Multispot,,Test kit,50.0,80.0,107651.2,1345.64,26.91,Bio-Rad Laboratories,Yes,Weight Captured Separately,Invoiced Separately,126.71,,,,,,,,,,,,,,,,,,,,,,,,,,
11882,,,,,Zimbabwe,,,,,,N/A - From RDC,,,,,,SCMS from RDC,,Efavirenz,Generic,600mg,,,,,,,,,,,,100-ZW-T01,SO-716,DN-770,PMO - US,From RDC,N/A - From RDC,Air,Pre-PQ Process,9-Jun-08,9-Jun-08,9-Jun-08,ARV,Adult,"Efavirenz 600mg, tablets, 30 Tabs",Tablet,30.0,1860.0,23101.2,12.42,0.41,"Aurobindo Unit III, India",No,See DN-770 (ID#:10959),See DN-770 (ID#:10959),36.96,Pre-PQ Process
83613,113-ZW-T30,FPQ-8464,SO-40902,DN-2803,Zimbabwe,PMO - US,From RDC,N/A - From RDC,Truck,10/4/11,N/A - From RDC,11-Dec-12,4-Sep-12,4-Sep-12,ARV,Adult,SCMS from RDC,"Nevirapine 200mg, tablets, 60 Tabs",Nevirapine,Generic,200mg,Tablet,60.0,58074.0,140539.08,2.42,0.04,Hetero Unit III Hyderabad IN,Yes,4687,8832.53,231.89,,,,,,,,,,,,,,,,,,,,,,,,,,
5713,,Pre-PQ Process,,,Côte d'Ivoire,,,,,,4/7/2008,,,,,,"Orgenics, Ltd",,"HIV 1/2, Determine HIV Kit, without Lancets",Determine,,,,,,,,,,,,,104-CI-T01,SCMS-21270,ASN-1669,PMO - US,Direct Drop,EXW,Air,Pre-PQ Process,9-May-08,9-May-08,9-May-08,HRDT,HIV test,"HIV 1/2, Determine HIV Kit, without Lancets, 100 Tests",Test kit,100.0,250.0,17997.5,71.99,0.72,Inverness Japan,Yes,57,1796.68,28.8,
24875,108-VN-T30,FPQ-13524,SCMS-226250,ASN-27132,Vietnam,PMO - US,Direct Drop,EXW,Air,2/6/14,3/10/14,16-Aug-14,16-Aug-14,25-Aug-14,ARV,Adult,MYLAN LABORATORIES LTD (FORMERLY MATRIX LABORATORIES),"Lamivudine/Nevirapine/Zidovudine 150/200/300mg, tablets, 60 Tabs",Lamivudine/Nevirapine/Zidovudine,Generic,150/300/200mg,Tablet - FDC,60.0,27900.0,225990.0,8.1,0.13,Mylan (formerly Matrix) Nashik,Yes,3868,7238.46,232.32,,,,,,,,,,,,,,,,,,,,,,,,,,
83513,,,,,Zimbabwe,,,,,,N/A - From RDC,,,,,,SCMS from RDC,,Lamivudine/Stavudine,Generic,30/6mg,,,,,,,,,,,,200-ZW-T30,SO-37870,DN-2279,PMO - US,From RDC,N/A - From RDC,Truck,10/13/2010,15-Aug-11,11-Aug-11,11-Aug-11,ARV,Pediatric,"Lamivudine/Stavudine 30/6mg, dispersible tablets, 60 Tabs",Chewable/dispersible tablet - FDC,60.0,3687.0,7005.3,1.9,0.03,"Cipla, Goa, India",Yes,212,2143.48,15.1,FPQ-6483
12530,100-PK-T01,Pre-PQ Process,SO-14930,DN-1004,Pakistan,PMO - US,From RDC,N/A - From RDC,Air,Pre-PQ Process,N/A - From RDC,17-Nov-08,17-Nov-08,17-Nov-08,HRDT,HIV test,SCMS from RDC,"HIV 1/2, Bioline 3.0 Kit, Lancets, Capillary pipets, Alcohol swabs included, 25 Tests","HIV 1/2, Bioline 3.0 Kit, Lancets, Capillary pipets, Alcohol swabs included",Bioline,,Test kit,25.0,16.0,320.0,20.0,0.8,"Standard Diagnostics, Korea",No,See DN-1004 (ID#:11280),See DN-1004 (ID#:11280),0.63,,,,,,,,,,,,,,,,,,,,,,,,,,
11927,100-SL-T01,Pre-PQ Process,SO-12770,DN-885,Sierra Leone,PMO - US,From RDC,N/A - From RDC,Air,Pre-PQ Process,N/A - From RDC,22-Aug-08,22-Aug-08,22-Aug-08,HRDT,HIV test,SCMS from RDC,"HIV 1/2, Uni-Gold HIV Kit, 20 Tests","HIV 1/2, Uni-Gold HIV Kit",Uni-Gold,,Test kit,20.0,500.0,16000.0,32.0,1.6,"Trinity Biotech, Plc",Yes,163,7795,25.6,,,,,,,,,,,,,,,,,,,,,,,,,,
57876,,,,,South Africa,,,,,,9/22/2009,,,,,,S. BUYS WHOLESALER,,Lamivudine,Generic,150mg,,,,,,,,,,,,116-ZA-T30,SCMS-50360,ASN-5451,PMO - US,Direct Drop,DDP,Truck,5/7/2009,29-Oct-09,29-Oct-09,29-Oct-09,ARV,Adult,"Lamivudine 150mg, tablets, 60 Tabs",Tablet,60.0,8146.0,79058.92,9.71,0.16,"Aurobindo Unit III, India",No,Weight Captured Separately,Freight Included in Commodity Cost,154.96,FPQ-3596
28996,,FPQ-15746,,,Afghanistan,,,,,,2/12/2015,,,,,,AMSTELFARMA B.V.,,Sulfadoxine/Pyrimethamine,Generic,500/25mg,,,,,,,,,,,,101-AF-T30,SCMS-276460,ASN-31199,PMO - US,Direct Drop,EXW,Air,1/20/2015,18-Aug-15,18-Aug-15,18-Aug-15,ANTM,Malaria,"Sulfadoxine/Pyrimethamine 500/25mg, tablets, 1000 Tabs",Tablet - FDC,1000.0,26.0,936.0,36.0,0.04,"Micro Labs, Hosur, India",Yes,21,525.56,1.1,
83072,110-ZM-T30,FPQ-9472,SO-41703,DN-2834,Zambia,PMO - US,From RDC,N/A - From RDC,Truck,3/8/12,N/A - From RDC,24-Sep-12,7-Sep-12,7-Sep-12,ARV,Adult,SCMS from RDC,"Emtricitabine/Tenofovir Disoproxil Fumarate 200/300mg, tablets, 30 Tabs",Emtricitabine/Tenofovir Disoproxil Fumarate,Generic,200/300mg,Tablet - FDC,30.0,107175.0,762014.25,7.11,0.24,Mylan (formerly Matrix) Nashik,Yes,8709,7317.47,1068.34,,,,,,,,,,,,,,,,,,,,,,,,,,
25830,,FPQ-5303,,,South Africa,,,,,,3/19/2010,,,,,,Aurobindo Pharma Limited,,Lamivudine,Generic,10mg/ml,,,,,,,,,,,,161-ZA-T30,SCMS-68980,ASN-8160,PMO - US,Direct Drop,DDP,Air,3/18/2010,24-Aug-10,8-Dec-10,8-Dec-10,ARV,Pediatric,"Lamivudine 10mg/ml, oral solution w/syringe, Bottle, 240 ml",Oral solution,240.0,11640.0,34920.0,3.0,0.01,"Aurobindo Unit III, India",Yes,4386,12917.3,75.29,
86723,,,,,Nigeria,,,,,,N/A - From RDC,,,,,,SCMS from RDC,,Efavirenz,Generic,200mg,,,,,,,,,,,,151-NG-T30,SO-48321,DN-3915,PMO - US,From RDC,N/A - From RDC,Air Charter,2/13/2014,30-Sep-14,3-Sep-14,5-Sep-14,ARV,Pediatric,"Efavirenz 200mg, scored tablets, 90 Tabs",Tablet,90.0,635.0,5905.5,9.3,0.1,"Strides, Bangalore, India.",Yes,65,177,6.07,FPQ-13704
12314,110-ZM-T01,Pre-PQ Process,SO-29080,DN-1404,Zambia,PMO - US,From RDC,N/A - From RDC,Truck,Date Not Captured,N/A - From RDC,22-Sep-09,22-Sep-09,22-Sep-09,ARV,Adult,SCMS from RDC,"Lamivudine/Tenofovir Disoproxil Fumarate 300/300mg, tablets, 30 Tabs",Lamivudine/Tenofovir Disoproxil Fumarate,Generic,300/300mg,Tablet - FDC,30.0,92000.0,1058000.0,11.5,0.38,Mylan (formerly Matrix) Nashik,Yes,7678,6759.28,2073.68,,,,,,,,,,,,,,,,,,,,,,,,,,
76442,,,,,"Congo, DRC",,,,,,12/6/2012,,,,,,"Trinity Biotech, Plc",,"HIV 1/2, Uni-Gold HIV Kit",Uni-Gold,,,,,,,,,,,,,102-CD-T30,SCMS-167990,ASN-17893,PMO - US,Direct Drop,EXW,Air,11/15/2012,12-Jun-13,12-Jun-13,12-Jun-13,HRDT,HIV test,"HIV 1/2, Uni-Gold HIV Kit, 20 Tests",Test kit,20.0,185.0,5920.0,32.0,1.6,"Trinity Biotech, Plc",Yes,64,1592.72,7.32,FPQ-11020
86597,,FPQ-11884,,,Mozambique,,,,,,N/A - From RDC,,,,,,SCMS from RDC,,Lamivudine/Zidovudine,Generic,150/300mg,,,,,,,,,,,,111-MZ-T30,SO-44863,DN-3289,PMO - US,From RDC,N/A - From RDC,Truck,3/19/2013,13-Nov-13,13-Nov-13,2-Dec-13,ARV,Adult,"Lamivudine/Zidovudine 150/300mg, tablets, 60 Tabs",Tablet - FDC,60.0,38016.0,276376.32,7.27,0.12,"Aurobindo Unit III, India",No,See DN-3289 (ID#:84844),See DN-3289 (ID#:84844),341.88,
11068,114-UG-T01,Pre-PQ Process,SO-30150,DN-1426,Uganda,PMO - US,From RDC,N/A - From RDC,Air,Date Not Captured,N/A - From RDC,8-Oct-09,8-Oct-09,8-Oct-09,ARV,Adult,SCMS from RDC,"Efavirenz 600mg, tablets, 30 Tabs",Efavirenz,Generic,600mg,Tablet,30.0,3740.0,26441.8,7.07,0.24,"Aurobindo Unit III, India",Yes,322,3054.1,51.83,,,,,,,,,,,,,,,,,,,,,,,,,,
86339,105-GY-T30,FPQ-6307,SO-37400,DN-2017,Guyana,PMO - US,From RDC,N/A - From RDC,Air,8/30/10,N/A - From RDC,23-Nov-10,19-Sep-10,19-Sep-10,ARV,Pediatric,SCMS from RDC,"Zidovudine 10mg/ml, oral solution, Bottle, 240 ml",Zidovudine,Generic,10mg/ml,Oral solution,240.0,567.0,1145.34,2.02,0.01,"Aurobindo Unit III, India",No,See DN-2017 (ID#:82918),See DN-2017 (ID#:82918),2.47,,,,,,,,,,,,,,,,,,,,,,,,,,
85656,,,,,Zimbabwe,,,,,,N/A - From RDC,,,,,,SCMS from RDC,,Efavirenz,Generic,600mg,,,,,,,,,,,,113-ZW-T30,SO-27210,DN-1657,PMO - US,From RDC,N/A - From RDC,Truck,3/17/2009,31-Mar-10,12-Mar-10,12-Mar-10,ARV,Adult,"Efavirenz 600mg, tablets, 30 Tabs",Tablet,30.0,4000.0,20520.0,5.13,0.17,"Aurobindo Unit III, India",No,See DN-1657 (ID#:83980),See DN-1657 (ID#:83980),40.22,FPQ-4472
35067,133-NG-T30,FPQ-10765,SCMS-162440,ASN-17527,Nigeria,PMO - US,Direct Drop,EXW,Air,10/5/12,10/16/12,9-Jan-13,9-Jan-13,9-Jan-13,HRDT,HIV test,"Orgenics, Ltd","HIV 1/2, Determine Complete HIV Kit, 100 Tests","HIV 1/2, Determine Complete HIV Kit",Determine,,Test kit,100.0,2744.0,244216.0,89.0,0.89,"Alere Medical Co., Ltd.",Yes,1186,24927.19,342.39,,,,,,,,,,,,,,,,,,,,,,,,,,
60286,,FPQ-12806,,,Côte d'Ivoire,,,,,,9/17/2013,,,,,,Aurobindo Pharma Limited,,Zidovudine,Generic,100mg,,,,,,,,,,,,104-CI-T30,SCMS-206560,ASN-23448,PMO - US,Direct Drop,EXW,Air,8/9/2013,3-Jan-14,3-Jan-14,6-Jan-14,ARV,Pediatric,"Zidovudine 100mg, capsules, 100 Caps",Capsule,100.0,400.0,1800.0,4.5,0.04,"Aurobindo Unit III, India",No,See ASN-23448 (ID#:58372),See ASN-23448 (ID#:58372),2.23,
26558,,FPQ-7742,,,Nigeria,,,,,,6/21/2011,,,,,,IDA FOUNDATION,,Sulfadoxine/Pyrimethamine,Generic,500/25mg,,,,,,,,,,,,123-NG-T30,SCMS-111230,ASN-11793,PMO - US,Direct Drop,EXW,Air,5/31/2011,13-Sep-11,13-Sep-11,13-Sep-11,ANTM,Malaria,"Sulfadoxine/Pyrimethamine 500/25mg, tablets, Blister 10 x 3 Tabs",Tablet - FDC + blister,30.0,300.0,330.0,1.1,0.04,"Remedica, Limassol, Cyprus",Yes,13,365.48,0.54,
17924,,,,,South Africa,,,,,,8/27/2014,,,,,,S. BUYS WHOLESALER,,Efavirenz,Generic,600mg,,,,,,,,,,,,116-ZA-T30,SCMS-199283,ASN-27979,PMO - US,Direct Drop,DDP,Truck,7/11/2013,27-Aug-14,27-Aug-14,27-Aug-14,ARV,Adult,"Efavirenz 600mg, tablets, 30 Tabs",Tablet,30.0,143.0,2391.83,16.73,0.56,Hetero Unit III Hyderabad IN,No,Weight Captured Separately,Freight Included in Commodity Cost,2.96,FPQ-12522
85100,,FPQ-4537,,,Nigeria,,,,,,N/A - From RDC,,,,,,SCMS from RDC,,Lamivudine/Zidovudine,Generic,150/300mg,,,,,,,,,,,,151-NG-T30,SO-35056,DN-1738,PMO - US,From RDC,N/A - From RDC,Air Charter,11/6/2009,19-Apr-10,31-Mar-10,31-Mar-10,ARV,Adult,"Lamivudine/Zidovudine 150/300mg, tablets, 60 Tabs",Tablet - FDC,60.0,3200.0,28032.0,8.76,0.15,Mylan (formerly Matrix) Nashik,Yes,255,Freight Included in Commodity Cost,60.44,
11314,,,,,Haiti,,,,,,N/A - From RDC,,,,,,SCMS from RDC,,Efavirenz,Generic,200mg,,,,,,,,,,,,106-HT-T01,SO-24830,DN-1205,PMO - US,From RDC,N/A - From RDC,Air,Pre-PQ Process,19-May-09,19-May-09,19-May-09,ARV,Pediatric,"Efavirenz 200mg, capsule, 90 Caps",Capsule,90.0,420.0,6409.2,15.26,0.17,"Aurobindo Unit III, India",Yes,199,3133.23,12.56,Pre-PQ Process
84264,111-MZ-T30,FPQ-10211,SO-42861,DN-3180,Mozambique,PMO - US,From RDC,N/A - From RDC,Truck,6/28/12,N/A - From RDC,28-Jun-13,10-Jul-13,10-Jul-13,ARV,Adult,SCMS from RDC,"Efavirenz/Lamivudine/Tenofovir Disoproxil Fumarate 600/300/300mg, tablets, 30 Tabs",Efavirenz/Lamivudine/Tenofovir Disoproxil Fumarate,Generic,600/300/300mg,Tablet - FDC,30.0,66956.0,704377.12,10.52,0.35,Mylan (formerly Matrix) Nashik,Yes,5810,13649.6,987.54,,,,,,,,,,,,,,,,,,,,,,,,,,
52540,117-ET-T30,FPQ-6976,SCMS-98310,ASN-10666,Ethiopia,PMO - US,Direct Drop,EXW,Air,1/13/11,2/1/11,4-May-11,4-May-11,4-May-11,ARV,Adult,Aurobindo Pharma Limited,"Didanosine 250mg, delayed-release capsules, 30 Caps",Didanosine,Generic,250mg,Delayed-release capsules,30.0,1625.0,21125.0,13.0,0.43,"Aurobindo Unit III, India",Yes,111,1206.62,34.86,,,,,,,,,,,,,,,,,,,,,,,,,,
83593,,FPQ-8464,,,Zimbabwe,,,,,,N/A - From RDC,,,,,,SCMS from RDC,,Lamivudine/Nevirapine/Zidovudine,Generic,150/300/200mg,,,,,,,,,,,,113-ZW-T30,SO-40901,DN-2695,PMO - US,From RDC,N/A - From RDC,Truck,10/4/2011,11-Dec-12,27-Jun-12,27-Jun-12,ARV,Adult,"Lamivudine/Nevirapine/Zidovudine 150/200/300mg, tablets, 60 Tabs",Tablet - FDC,60.0,11574.0,119096.46,10.29,0.17,Mylan (formerly Matrix) Nashik,No,See DN-2695 (ID#:83043),See DN-2695 (ID#:83043),196.51,
11983,,,,,Nigeria,,,,,,N/A - From RDC,,,,,,SCMS from RDC,,Zidovudine,Generic,300mg,,,,,,,,,,,,153-NG-T01,SO-31170,DN-1261,PMO - US,From RDC,N/A - From RDC,Air Charter,Pre-PQ Process,16-Jun-09,16-Jun-09,16-Jun-09,ARV,Adult,"Zidovudine 300mg, tablets, 60 Tabs",Tablet,60.0,306.0,2359.26,7.71,0.13,"Aurobindo Unit III, India",No,See DN-1261 (ID#:11647),See DN-1261 (ID#:11647),4.62,Pre-PQ Process
61281,,FPQ-6341,,,Rwanda,,,,,,9/28/2010,,,,,,HETERO LABS LIMITED,,Lamivudine/Tenofovir Disoproxil Fumarate,Generic,300/300mg,,,,,,,,,,,,107-RW-T30,SCMS-84980,ASN-9370,PMO - US,Direct Drop,EXW,Ocean,9/3/2010,1-Mar-11,1-Mar-11,1-Mar-11,ARV,Adult,"Lamivudine/Tenofovir Disoproxil Fumarate 300/300mg, tablets, 30 Tabs",Tablet - FDC,30.0,172800.0,1617408.0,9.36,0.31,Hetero Unit III Hyderabad IN,No,See ASN-9370 (ID#:48500),See ASN-9370 (ID#:48500),3487.13,
86614,,FPQ-12712,,,Côte d'Ivoire,,,,,,N/A - From RDC,,,,,,SCMS from RDC,,Abacavir/Lamivudine,Generic,600/300mg,,,,,,,,,,,,104-CI-T30,SO-46300,DN-3372,PMO - US,From RDC,N/A - From RDC,Truck,7/30/2013,4-Nov-13,22-Oct-13,19-Nov-13,ARV,Adult,"Abacavir/Lamivudine 600/300mg, scored tablets, 30 Tabs",Tablet - FDC,30.0,3400.0,45968.0,13.52,0.45,Mylan (formerly Matrix) Nashik,Yes,247,2414.89,56.86,
42983,,,,,Côte d'Ivoire,,,,,,1/6/2012,,,,,,MYLAN LABORATORIES LTD (FORMERLY MATRIX LABORATORIES),,Atazanavir/Ritonavir,Generic,300/100mg,,,,,,,,,,,,104-CI-T30,SCMS-147680,ASN-17003,PMO - US,Direct Drop,EXW,Air,4/23/2012,23-Nov-12,23-Nov-12,23-Nov-12,ARV,Adult,"Atazanavir/Ritonavir 300/100mg, tablets, 30 Tabs",Tablet,30.0,939.0,21127.5,22.5,0.75,Mylan (formerly Matrix) Nashik,Yes,117,1766.57,29.62,FPQ-9756
12790,,,,,Haiti,,,,,,N/A - From RDC,,,,,,SCMS from RDC,,Abacavir,Generic,300mg,,,,,,,,,,,,106-HT-T01,SO-2050,DN-736,PMO - US,From RDC,N/A - From RDC,Air,Pre-PQ Process,29-May-08,29-May-08,29-May-08,ARV,Adult,"Abacavir 300mg, tablets, 60 Tabs",Tablet,60.0,270.0,7433.1,27.53,0.46,Mylan (formerly Matrix) Nashik,Yes,862,9711.2,11.89,Pre-PQ Process
52687,133-NG-T30,FPQ-14305,SCMS-240830,ASN-27468,Nigeria,PMO - US,Direct Drop,EXW,Air,5/16/14,6/2/14,19-Aug-14,27-Aug-14,4-Sep-14,HRDT,HIV test,"Orgenics, Ltd","HIV 1/2, Determine Complete HIV Kit, 100 Tests","HIV 1/2, Determine Complete HIV Kit",Determine,,Test kit,100.0,6340.0,564260.0,89.0,0.89,"Alere Medical Co., Ltd.",Yes,2571,37297.95,580.06,,,,,,,,,,,,,,,,,,,,,,,,,,
7184,,,,,Zimbabwe,,,,,,6/12/2008,,,,,,"Standard Diagnostics, Inc.",,"HIV 1/2, Bioline 3.0 Kit, Lancets, Capillary pipets, Alcohol swabs included",Bioline,,,,,,,,,,,,,113-ZW-T01,SCMS-25310,ASN-2632,PMO - US,Direct Drop,EXW,Air,Pre-PQ Process,17-Nov-08,17-Nov-08,17-Nov-08,HRDT,HIV test,"HIV 1/2, Bioline 3.0 Kit, Lancets, Capillary pipets, Alcohol swabs included, 25 Tests",Test kit,25.0,7864.0,157280.0,20.0,0.8,"Standard Diagnostics, Korea",Yes,2450,18087.86,308.27,Pre-PQ Process
65050,,,,,Nigeria,,,,,,7/10/2013,,,,,,"Orgenics, Ltd",,"HIV 1/2, Determine Complete HIV Kit",Determine,,,,,,,,,,,,,133-NG-T30,SCMS-196561,ASN-22349,PMO - US,Direct Drop,EXW,Air,6/10/2013,7-Nov-13,11-Nov-13,17-Nov-13,HRDT,HIV test,"HIV 1/2, Determine Complete HIV Kit, 100 Tests",Test kit,100.0,3076.0,273764.0,89.0,0.89,"Alere Medical Co., Ltd.",Yes,1249,20705.23,338.65,FPQ-12456
11107,,Pre-PQ Process,,,Mozambique,,,,,,N/A - From RDC,,,,,,SCMS from RDC,,Efavirenz,Generic,600mg,,,,,,,,,,,,111-MZ-T01,SO-545,DN-137,PMO - US,From RDC,N/A - From RDC,Air,Pre-PQ Process,1-Jun-07,1-Jun-07,1-Jun-07,ARV,Adult,"Efavirenz 600mg, tablets, 30 Tabs",Tablet,30.0,25003.0,418800.25,16.75,0.56,"Aurobindo Unit III, India",Yes,2177,2912.01,,
10388,,Pre-PQ Process,,,South Africa,,,,,,4/2/2009,,,,,,S. BUYS WHOLESALER,,Stavudine,Generic,30mg,,,,,,,,,,,,116-ZA-T01,SCMS-47320,ASN-4224,PMO - US,Direct Drop,DDP,Truck,Pre-PQ Process,15-May-09,15-May-09,15-May-09,ARV,Adult,"Stavudine 30mg, capsules, 60 Caps",Capsule,60.0,1800.0,5418.0,3.01,0.05,"Aurobindo Unit III, India",No,Weight Captured Separately,Freight Included in Commodity Cost,10.62,
50383,,FPQ-7992,,,Tanzania,,,,,,8/4/2011,,,,,,LAWRENCE LABORATORIES (SUBSIDIARY OF BRISTOL MYERS SQUIBB),,Didanosine,Videx,25mg,,,,,,,,,,,,109-TZ-T30,SCMS-117230,ASN-13952,PMO - US,Direct Drop,FCA,Air,7/8/2011,29-Mar-12,29-Mar-12,29-Mar-12,ARV,Pediatric,"Didanosine 25mg [Videx], chewable tablets, 60 Tabs",Chewable/dispersible tablet,60.0,3000.0,21000.0,7.0,0.12,Bristol-Myers Squibb Anagni IT,No,See ASN-13952 (ID#:16173),See ASN-13952 (ID#:16173),34.65,
58398,109-TZ-T30,FPQ-7909,SCMS-114980,ASN-12093,Tanzania,PMO - US,Direct Drop,EXW,Air,6/24/11,7/18/11,29-Sep-11,29-Sep-11,29-Sep-11,HRDT,HIV test,"Standard Diagnostics, Inc.","HIV 1/2, Bioline 3.0 Kit, Lancets, Capillary pipets, Alcohol swabs included, 25 Tests","HIV 1/2, Bioline 3.0 Kit, Lancets, Capillary pipets, Alcohol swabs included",Bioline,,Test kit,25.0,8000.0,160000.0,20.0,0.8,"Standard Diagnostics, Korea",Yes,2667,17773.94,264.0,,,,,,,,,,,,,,,,,,,,,,,,,,
41062,,FPQ-12093,,,"Congo, DRC",,,,,,5/23/2013,,,,,,ABBVIE LOGISTICS (FORMERLY ABBOTT LOGISTICS BV),,Lopinavir/Ritonavir,Generic,100/25mg,,,,,,,,,,,,101-CD-T30,SCMS-189050,ASN-21267,PMO - US,Direct Drop,FCA,Air,4/23/2013,15-Jan-14,15-Jan-14,4-Feb-14,ARV,Pediatric,"Lopinavir/Ritonavir 100/25mg [Aluvia], tablets, 60 Tabs",Tablet,60.0,304.0,1805.76,5.94,0.1,ABBVIE Ludwigshafen Germany,Yes,43,453.31,2.23,
61595,,,,,Côte d'Ivoire,,,,,,8/15/2013,,,,,,"Standard Diagnostics, Inc.",,"HIV 1/2, Bioline 3.0 Kit, Lancets, Capillary pipets, Alcohol swabs included",Bioline,,,,,,,,,,,,,104-CI-T30,SCMS-201210,ASN-21763,PMO - US,Direct Drop,EXW,Air,7/16/2013,7-Oct-13,7-Oct-13,7-Oct-13,HRDT,HIV test,"HIV 1/2, Bioline 3.0 Kit, Lancets, Capillary pipets, Alcohol swabs included, 25 Tests",Test kit,25.0,3800.0,77900.0,20.5,0.82,"Standard Diagnostics, Korea",Yes,1267,12711.93,96.36,FPQ-12622
12594,,,,,Côte d'Ivoire,,,,,,N/A - From RDC,,,,,,SCMS from RDC,,Emtricitabine/Tenofovir Disoproxil Fumarate,Truvada,300/200mg,,,,,,,,,,,,104-CI-T01,SO-31960,DN-1297,PMO - US,From RDC,N/A - From RDC,Air,Pre-PQ Process,30-Jun-09,30-Jun-09,30-Jun-09,ARV,Adult,"Emtricitabine/Tenofovir Disoproxil Fumarate 200/300mg [Truvada], tablets, 30 Tabs",Tablet - FDC,30.0,2160.0,56700.0,26.25,0.88,"Aspen-OSD, Port Elizabeth, SA",Yes,186,1660.07,111.13,Pre-PQ Process
12248,110-ZM-T01,Pre-PQ Process,SO-2544,DN-1056,Zambia,PMO - US,From RDC,N/A - From RDC,Truck,Pre-PQ Process,N/A - From RDC,16-Feb-09,16-Feb-09,16-Feb-09,ARV,Adult,SCMS from RDC,"Emtricitabine/Tenofovir Disoproxil Fumarate 200/300mg [Truvada], tablets, 30 Tabs",Emtricitabine/Tenofovir Disoproxil Fumarate,Truvada,300/200mg,Tablet - FDC,30.0,100000.0,2625000.0,26.25,0.88,"Aspen-OSD, Port Elizabeth, SA",Yes,9000,14036.31,5145.0,,,,,,,,,,,,,,,,,,,,,,,,,,
83480,,FPQ-6981,,,Mozambique,,,,,,N/A - From RDC,,,,,,SCMS from RDC,,Zidovudine,Generic,10mg/ml,,,,,,,,,,,,111-MZ-T30,SO-38360,DN-2096,PMO - US,From RDC,N/A - From RDC,Truck,1/6/2011,31-Mar-11,9-Mar-11,9-Mar-11,ARV,Pediatric,"Zidovudine 10mg/ml, oral solution w/syringe, Bottle, 240 ml",Oral solution,240.0,4000.0,8400.0,2.1,0.01,"Aurobindo Unit III, India",Yes,1137,4711.97,13.86,
57117,,FPQ-7175,,,South Africa,,,,,,3/24/2011,,,,,,Aurobindo Pharma Limited,,Lamivudine/Zidovudine,Generic,150/300mg,,,,,,,,,,,,161-ZA-T30,SCMS-103500,ASN-11199,PMO - US,Direct Drop,DDP,Ocean,3/10/2011,2-Sep-11,2-Sep-11,2-Sep-11,ARV,Adult,"Lamivudine/Zidovudine 150/300mg, tablets, 60 Tabs",Tablet - FDC,60.0,25000.0,210500.0,8.42,0.14,"Aurobindo Unit III, India",Yes,2303,3790,347.32,
85465,104-CI-T30,FPQ-12800,SO-46401,DN-3653,Côte d'Ivoire,PMO - US,From RDC,N/A - From RDC,Air,8/9/13,N/A - From RDC,30-Apr-14,12-May-14,30-Jun-14,ARV,Adult,SCMS from RDC,"Lamivudine/Nevirapine/Zidovudine 150/200/300mg, tablets, 60 Tabs",Lamivudine/Nevirapine/Zidovudine,Generic,150/300/200mg,Tablet - FDC,60.0,24765.0,200844.15,8.11,0.14,"Strides, Bangalore, India.",Yes,2666,11186.09,248.44,,,,,,,,,,,,,,,,,,,,,,,,,,
37987,,FPQ-5648,,,South Africa,,,,,,6/17/2010,,,,,,Aurobindo Pharma Limited,,Tenofovir Disoproxil Fumarate,Generic,300mg,,,,,,,,,,,,161-ZA-T30,SCMS-75990,ASN-8794,PMO - US,Direct Drop,DDP,Ocean,6/2/2010,12-Jan-11,12-Jan-11,12-Jan-11,ARV,Adult,"Tenofovir Disoproxil Fumarate 300mg, tablets, 30 Tabs",Tablet,30.0,3619.0,25007.29,6.91,0.23,"Aurobindo Unit III, India",Yes,338,6147.09,53.92,
5047,,Pre-PQ Process,,,South Africa,,,,,,Date Not Captured,,,,,,S. BUYS WHOLESALER,,Emtricitabine/Tenofovir Disoproxil Fumarate,Truvada,300/200mg,,,,,,,,,,,,116-ZA-T01,SCMS-41140,ASN-3752,PMO - US,Direct Drop,DDP,Air,Pre-PQ Process,31-Mar-09,21-Nov-08,21-Nov-08,ARV,Adult,"Emtricitabine/Tenofovir Disoproxil Fumarate 200/300mg [Truvada], tablets, 30 Tabs",Tablet - FDC,30.0,80.0,2336.0,29.2,0.97,"Aspen-OSD, Port Elizabeth, SA",No,Weight Captured Separately,Freight Included in Commodity Cost,4.58,
24970,116-ZA-T30,FPQ-12522,SCMS-199289,ASN-28034,South Africa,PMO - US,Direct Drop,DDP,Truck,7/11/13,8/29/14,29-Aug-14,29-Aug-14,29-Aug-14,ARV,Adult,S. BUYS WHOLESALER,"Efavirenz 600mg, tablets, 30 Tabs",Efavirenz,Generic,600mg,Tablet,30.0,915.0,15162.72,16.57,0.55,Hetero Unit III Hyderabad IN,No,Weight Captured Separately,Freight Included in Commodity Cost,18.76,,,,,,,,,,,,,,,,,,,,,,,,,,
12351,,,,,Mozambique,,,,,,N/A - From RDC,,,,,,SCMS from RDC,,Zidovudine,Generic,10mg/ml,,,,,,,,,,,,111-MZ-T01,SO-544,DN-153,PMO - US,From RDC,N/A - From RDC,Air,Pre-PQ Process,8-Jun-07,8-Jun-07,8-Jun-07,ARV,Pediatric,"Zidovudine 10mg/ml, oral solution, Bottle, 240 ml",Oral solution,240.0,8100.0,31995.0,3.95,0.02,"Aurobindo Unit III, India",Yes,2952,Freight Included in Commodity Cost,,Pre-PQ Process
84104,,,,,Haiti,,,,,,N/A - From RDC,,,,,,SCMS from RDC,,Lamivudine/Zidovudine,Generic,150/300mg,,,,,,,,,,,,106-HT-T30,SO-38213,DN-2310,PMO - US,From RDC,N/A - From RDC,Air,12/14/2010,19-Jul-11,11-Aug-11,11-Aug-11,ARV,Adult,"Lamivudine/Zidovudine 150/300mg, tablets, 60 Tabs",Tablet - FDC,60.0,30000.0,256500.0,8.55,0.14,"Aurobindo Unit III, India",No,See DN-2310 (ID#:82968),See DN-2310 (ID#:82968),423.22,FPQ-6801
12465,,,,,Nigeria,,,,,,N/A - From RDC,,,,,,SCMS from RDC,,Lamivudine,Generic,10mg/ml,,,,,,,,,,,,112-NG-T01,SO-1430,DN-551,PMO - US,From RDC,N/A - From RDC,Air,Pre-PQ Process,16-Jan-08,16-Jan-08,16-Jan-08,ARV,Pediatric,"Lamivudine 10mg/ml, oral solution, Bottle, 240 ml",Oral solution,240.0,4.0,10.36,2.59,0.01,"Aurobindo Unit III, India",No,See DN-551 (ID#:11523),See DN-551 (ID#:11523),0.02,Pre-PQ Process
12224,,,,,Nigeria,,,,,,N/A - From RDC,,,,,,SCMS from RDC,,Emtricitabine/Tenofovir Disoproxil Fumarate,Truvada,300/200mg,,,,,,,,,,,,132-NG-T01,SO-2707,DN-921,PMO - US,From RDC,N/A - From RDC,Air,Pre-PQ Process,28-Sep-08,28-Sep-08,28-Sep-08,ARV,Adult,"Emtricitabine/Tenofovir Disoproxil Fumarate 200/300mg [Truvada], tablets, 30 Tabs",Tablet - FDC,30.0,45000.0,1181250.0,26.25,0.88,"Aspen-OSD, Port Elizabeth, SA",No,See DN-921 (ID#:11917),See DN-921 (ID#:11917),1890.0,Pre-PQ Process
25074,,FPQ-14294,,,Mozambique,,,,,,7/30/2014,,,,,,"Orgenics, Ltd",,"HIV 1/2, Determine Complete HIV Kit",Determine,,,,,,,,,,,,,111-MZ-T30,SCMS-247360,ASN-27768,PMO - US,Direct Drop,EXW,Air,5/15/2014,10-Sep-14,10-Sep-14,3-Oct-14,HRDT,HIV test,"HIV 1/2, Determine Complete HIV Kit, 100 Tests",Test kit,100.0,3319.0,265520.0,80.0,0.8,"Alere Medical Co., Ltd.",Yes,1351,9168.48,272.95,
12154,110-ZM-T01,Pre-PQ Process,SO-1188,DN-552,Zambia,PMO - US,From RDC,N/A - From RDC,,Pre-PQ Process,N/A - From RDC,25-Jan-08,25-Jan-08,25-Jan-08,ARV,Pediatric,SCMS from RDC,"Nevirapine 10mg/ml, oral suspension, Bottle, 240 ml",Nevirapine,Generic,10mg/ml,Oral suspension,240.0,1004.0,6224.8,6.2,0.03,"Aurobindo Unit III, India",Yes,358,1778.7,9.96,,,,,,,,,,,,,,,,,,,,,,,,,,
11712,,Pre-PQ Process,,,Haiti,,,,,,N/A - From RDC,,,,,,SCMS from RDC,,"HIV 1/2, OraQuick Advance HIV Rapid Antibody Kit",OraQuick,,,,,,,,,,,,,100-HT-T01,SO-504,DN-112,PMO - US,From RDC,N/A - From RDC,Air,Pre-PQ Process,8-May-07,8-May-07,8-May-07,HRDT,HIV test,"HIV 1/2, OraQuick Advance HIV Rapid Antibody Kit, 100 Tests",Test kit,100.0,15.0,6000.0,400.0,4.0,"Pacific Biotech, Thailand",Yes,Weight Captured Separately,977.64,,
11294,106-HT-T01,Pre-PQ Process,SO-23750,DN-1100,Haiti,PMO - US,From RDC,N/A - From RDC,Air,Pre-PQ Process,N/A - From RDC,3-Mar-09,3-Mar-09,3-Mar-09,ARV,Pediatric,SCMS from RDC,"Efavirenz 200mg, capsule, 90 Caps",Efavirenz,Generic,200mg,Capsule,90.0,210.0,3204.6,15.26,0.17,"Aurobindo Unit III, India",No,See DN-1100 (ID#:11005),See DN-1100 (ID#:11005),6.28,,,,,,,,,,,,,,,,,,,,,,,,,,
51717,901-GH-T30,FPQ-14101,SCMS-249120,ASN-28705,Ghana,PMO - US,Direct Drop,FCA,Air,4/30/14,7/18/14,12-Nov-14,12-Nov-14,13-Nov-14,ARV,Pediatric,ABBVIE LOGISTICS (FORMERLY ABBOTT LOGISTICS BV),"Lopinavir/Ritonavir 100/25mg [Aluvia], tablets, 60 Tabs",Lopinavir/Ritonavir,Generic,100/25mg,Tablet,60.0,672.0,3991.68,5.94,0.1,ABBVIE Ludwigshafen Germany,Yes,88,1472.41,4.1,,,,,,,,,,,,,,,,,,,,,,,,,,
85042,,FPQ-15197,,,Zimbabwe,,,,,,N/A - From RDC,,,,,,SCMS from RDC,,Lamivudine/Zidovudine,Generic,30/60mg,,,,,,,,,,,,103-ZW-T30,SO-50020,DN-4307,PMO - US,From RDC,N/A - From RDC,Truck,10/16/2014,31-Jul-15,15-Jul-15,20-Jul-15,ARV,Pediatric,"Lamivudine/Zidovudine 30/60mg, dispersible tablets, 60 Tabs",Chewable/dispersible tablet - FDC,60.0,9262.0,18431.38,1.99,0.03,"Cipla, Goa, India",No,See DN-4307 (ID#:83920),See DN-4307 (ID#:83920),21.69,
82991,,,,,Rwanda,,,,,,N/A - From RDC,,,,,,SCMS from RDC,,Efavirenz,Generic,50mg,,,,,,,,,,,,107-RW-T30,SO-41040,DN-2439,PMO - US,From RDC,N/A - From RDC,Air,8/12/2011,5-Dec-11,2-Dec-11,2-Dec-11,ARV,Pediatric,"Efavirenz 50mg, capsule, 30 Caps",Capsule,30.0,700.0,1568.0,2.24,0.07,"Aurobindo Unit III, India",Yes,46,1274.98,2.59,FPQ-8204
6932,,Pre-PQ Process,,,Nigeria,,,,,,1/7/2008,,,,,,"CHEMBIO DIAGNOSTIC SYSTEMS, INC.",,"HIV 1/2, Stat-Pak HIV, Kit",Stat-Pak,,,,,,,,,,,,,102-NG-T01,SCMS-16880,ASN-1354,PMO - US,Direct Drop,EXW,Air,Pre-PQ Process,21-Apr-08,29-Feb-08,29-Feb-08,HRDT,HIV test,"HIV 1/2, Stat-Pak HIV, Kit, 20 Tests",Test kit,20.0,9380.0,253260.0,27.0,1.35,Chembio Diagnostics Sys. Inc.,Yes,3058,18750.2,405.22,
12509,106-HT-T01,Pre-PQ Process,SO-2348,DN-745,Haiti,PMO - US,From RDC,N/A - From RDC,Air,Pre-PQ Process,N/A - From RDC,2-Jun-08,2-Jun-08,2-Jun-08,ARV,Adult,SCMS from RDC,"Zidovudine 300mg, tablets, 60 Tabs",Zidovudine,Generic,300mg,Tablet,60.0,1925.0,15688.75,8.15,0.14,"Aurobindo Unit III, India",Yes,111,1355.06,25.1,,,,,,,,,,,,,,,,,,,,,,,,,,
5769,102-BW-T01,Pre-PQ Process,SCMS-22770,ASN-2235,Botswana,PMO - US,Direct Drop,EXW,Air,Pre-PQ Process,4/28/08,20-Jan-09,20-Jan-09,20-Jan-09,HRDT,HIV test - Ancillary,"Orgenics, Ltd","HIV, Lancet, Safety, for HIV Test kits, 100 Pcs","HIV, Lancet, Safety, for HIV Test kits, 100 Pcs",Generic,,Test kit - Ancillary,100.0,100.0,1.0,0.01,0.0,Inverness Japan,Yes,Weight Captured Separately,Invoiced Separately,0.0,,,,,,,,,,,,,,,,,,,,,,,,,,
66967,,FPQ-6262,,,South Africa,,,,,,9/24/2010,,,,,,Aurobindo Pharma Limited,,Tenofovir Disoproxil Fumarate,Generic,300mg,,,,,,,,,,,,161-ZA-T30,SCMS-83830,ASN-8905,PMO - US,Direct Drop,DDP,Ocean,8/31/2010,6-Jan-11,6-Jan-11,6-Jan-11,ARV,Adult,"Tenofovir Disoproxil Fumarate 300mg, tablets, 30 Tabs",Tablet,30.0,116857.0,777099.05,6.65,0.22,"Aurobindo Unit III, India",Yes,10907,7905.94,1675.43,
83038,,FPQ-9875,,,Uganda,,,,,,N/A - From RDC,,,,,,SCMS from RDC,,Efavirenz,Generic,600mg,,,,,,,,,,,,114-UG-T30,SO-42050,DN-2675,PMO - US,From RDC,N/A - From RDC,Air,5/9/2012,4-Jul-12,12-Jun-12,12-Jun-12,ARV,Adult,"Efavirenz 600mg, tablets, 30 Tabs",Tablet,30.0,20000.0,78200.0,3.91,0.13,"Strides, Bangalore, India.",Yes,2501,18520.22,109.64,
58491,,,,,"Congo, DRC",,,,,,2/9/2015,,,,,,AMSTELFARMA B.V.,,Sulfadoxine/Pyrimethamine,Generic,500/25mg,,,,,,,,,,,,101-CD-T30,SCMS-275290,ASN-30748,PMO - US,Direct Drop,EXW,Air,1/26/2015,3-Apr-15,3-Apr-15,15-Apr-15,ANTM,Malaria,"Sulfadoxine/Pyrimethamine 500/25mg, tablets, 1000 Tabs",Tablet - FDC,1000.0,580.0,19198.0,33.1,0.03,"Micro Labs, Hosur, India",Yes,500,3958.28,22.6,FPQ-15736
10550,,Pre-PQ Process,,,Côte d'Ivoire,,,,,,N/A - From RDC,,,,,,SCMS from RDC,,Lamivudine/Zidovudine,Generic,150/300mg,,,,,,,,,,,,100-CI-T01,SO-284,DN-46,PMO - US,From RDC,N/A - From RDC,,Pre-PQ Process,4-May-07,4-May-07,4-May-07,ARV,Adult,"Lamivudine/Zidovudine 150/300mg, tablets, 60 Tabs",Tablet - FDC,60.0,1778.0,18224.5,10.25,0.17,"Aurobindo Unit III, India",Yes,716,2601,,
11897,,Pre-PQ Process,,,Namibia,,,,,,N/A - From RDC,,,,,,SCMS from RDC,,"HIV 1/2, Determine HIV Kit, without Lancets",Determine,,,,,,,,,,,,,119-NA-T01,SO-1929,DN-650,PMO - US,From RDC,N/A - From RDC,Air,Pre-PQ Process,17-Apr-08,17-Apr-08,17-Apr-08,HRDT,HIV test,"HIV 1/2, Determine HIV Kit, without Lancets, 100 Tests",Test kit,100.0,90.0,6479.1,71.99,0.72,Inverness Japan,Yes,21,1730.41,10.37,
82885,,FPQ-4537,,,Nigeria,,,,,,N/A - From RDC,,,,,,SCMS from RDC,,Lamivudine/Zidovudine,Generic,150/300mg,,,,,,,,,,,,151-NG-T30,SO-35053,DN-1826,PMO - US,From RDC,N/A - From RDC,Air Charter,11/6/2009,31-May-10,18-May-10,18-May-10,ARV,Adult,"Lamivudine/Zidovudine 150/300mg, tablets, 60 Tabs",Tablet - FDC,60.0,54096.0,473880.96,8.76,0.15,Hetero Unit III Hyderabad IN,Yes,4660,9736.1,1021.69,
38796,111-MZ-T30,FPQ-10880,SCMS-164000,ASN-18369,Mozambique,PMO - US,Direct Drop,EXW,Air,10/18/12,11/6/12,20-Mar-13,20-Mar-13,20-Mar-13,HRDT,HIV test,"Orgenics, Ltd","HIV 1/2, Determine Complete HIV Kit, 100 Tests","HIV 1/2, Determine Complete HIV Kit",Determine,,Test kit,100.0,2938.0,235040.0,80.0,0.8,"Alere Medical Co., Ltd.",Yes,1329,13394.09,290.74,,,,,,,,,,,,,,,,,,,,,,,,,,
83121,,FPQ-11546,,,Guyana,,,,,,N/A - From RDC,,,,,,SCMS from RDC,,Emtricitabine/Tenofovir Disoproxil Fumarate,Generic,200/300mg,,,,,,,,,,,,105-GY-T30,SO-44520,DN-3060,PMO - US,From RDC,N/A - From RDC,Air,1/28/2013,18-Apr-13,15-Mar-13,15-Mar-13,ARV,Adult,"Emtricitabine/Tenofovir Disoproxil Fumarate 200/300mg, tablets, 30 Tabs",Tablet - FDC,30.0,4917.0,31370.46,6.38,0.21,Hetero Unit III Hyderabad IN,Yes,1283,12862.56,38.81,
16848,,,,,Côte d'Ivoire,,,,,,12/4/2013,,,,,,"Orgenics, Ltd",,"HIV 1/2, Determine Complete HIV Kit",Determine,,,,,,,,,,,,,104-CI-T30,SCMS-215051,ASN-24722,PMO - US,Direct Drop,EXW,Air,10/25/2013,14-Mar-14,14-Mar-14,20-Mar-14,HRDT,HIV test,"HIV 1/2, Determine Complete HIV Kit, 100 Tests",Test kit,100.0,5900.0,472000.0,80.0,0.8,"Alere Medical Co., Ltd.",Yes,2393,33029.82,485.22,FPQ-13125
65548,,FPQ-7175,,,South Africa,,,,,,3/24/2011,,,,,,Aurobindo Pharma Limited,,Efavirenz,Generic,600mg,,,,,,,,,,,,161-ZA-T30,SCMS-103510,ASN-12171,PMO - US,Direct Drop,DDP,Ocean,3/10/2011,10-Oct-11,25-Oct-11,25-Oct-11,ARV,Adult,"Efavirenz 600mg, tablets, 30 Tabs",Tablet,30.0,70.0,315.7,4.51,0.15,"Aurobindo Unit III, India",Yes,6,9951.38,0.52,
84381,110-ZM-T30,FPQ-14105,SO-48652,DN-3877,Zambia,PMO - US,From RDC,N/A - From RDC,Truck,4/16/14,N/A - From RDC,4-Sep-14,23-Sep-14,17-Oct-14,ARV,Adult,SCMS from RDC,"Lamivudine/Zidovudine 150/300mg, tablets, 60 Tabs",Lamivudine/Zidovudine,Generic,150/300mg,Tablet - FDC,60.0,35000.0,228200.0,6.52,0.11,Hetero Unit III Hyderabad IN,No,See DN-3877 (ID#:83254),See DN-3877 (ID#:83254),234.59,,,,,,,,,,,,,,,,,,,,,,,,,,
83583,,,,,Zimbabwe,,,,,,N/A - From RDC,,,,,,SCMS from RDC,,Nevirapine,Generic,200mg,,,,,,,,,,,,113-ZW-T30,SO-40860,DN-2621,PMO - US,From RDC,N/A - From RDC,Truck,10/4/2011,17-Apr-12,7-May-12,7-May-12,ARV,Adult,"Nevirapine 200mg, tablets, 60 Tabs",Tablet,60.0,52164.0,134583.12,2.58,0.04,"Aurobindo Unit VII, IN",Yes,12347,16978.83,222.06,FPQ-8464
84805,,FPQ-10633,,,Côte d'Ivoire,,,,,,N/A - From RDC,,,,,,SCMS from RDC,,Lamivudine/Zidovudine,Generic,150/300mg,,,,,,,,,,,,104-CI-T30,SO-43330,DN-3075,PMO - US,From RDC,N/A - From RDC,Truck,9/11/2012,28-Mar-13,30-Mar-13,30-Mar-13,ARV,Adult,"Lamivudine/Zidovudine 150/300mg, tablets, 60 Tabs",Tablet - FDC,60.0,86152.0,626325.04,7.27,0.12,"Aurobindo Unit III, India",No,See DN-3075 (ID#:83129),See DN-3075 (ID#:83129),878.11,
61737,108-VN-T30,FPQ-14516,SCMS-249050,ASN-29376,Vietnam,PMO - US,Direct Drop,EXW,Air,7/9/14,8/11/14,17-Dec-14,17-Dec-14,17-Dec-14,ARV,Adult,HETERO LABS LIMITED,"Efavirenz/Lamivudine/Tenofovir Disoproxil Fumarate 600/300/300mg, tablets, 30 Tabs",Efavirenz/Lamivudine/Tenofovir Disoproxil Fumarate,Generic,600/300/300mg,Tablet - FDC,30.0,11904.0,124992.0,10.5,0.35,Hetero Unit III Hyderabad IN,No,See ASN-29376 (ID#:13766),See ASN-29376 (ID#:13766),128.49,,,,,,,,,,,,,,,,,,,,,,,,,,
68735,,,,,Tanzania,,,,,,7/18/2011,,,,,,"Standard Diagnostics, Inc.",,"HIV 1/2, Bioline 3.0 Kit, Lancets, Capillary pipets, Alcohol swabs included",Bioline,,,,,,,,,,,,,109-TZ-T30,SCMS-114980,ASN-11974,PMO - US,Direct Drop,EXW,Air,6/24/2011,29-Sep-11,29-Sep-11,29-Sep-11,HRDT,HIV test,"HIV 1/2, Bioline 3.0 Kit, Lancets, Capillary pipets, Alcohol swabs included, 25 Tests",Test kit,25.0,10000.0,200000.0,20.0,0.8,"Standard Diagnostics, Korea",Yes,3334,22086.15,330.0,FPQ-7909
21336,116-ZA-T30,FPQ-5535,SCMS-71370,ASN-7373,South Africa,PMO - US,Direct Drop,DDP,Truck,4/19/10,4/21/10,31-May-10,31-May-10,31-May-10,ARV,Adult,S. BUYS WHOLESALER,"Efavirenz 600mg, tablets, 30 Tabs",Efavirenz,Generic,600mg,Tablet,30.0,1500.0,29714.49,19.81,0.66,"Cipla, Goa, India",No,Weight Captured Separately,Freight Included in Commodity Cost,64.06,,,,,,,,,,,,,,,,,,,,,,,,,,
83016,,FPQ-8952,,,Nigeria,,,,,,N/A - From RDC,,,,,,SCMS from RDC,,Lamivudine/Nevirapine/Zidovudine,Generic,150/300/200mg,,,,,,,,,,,,151-NG-T30,SO-41251,DN-2586,PMO - US,From RDC,N/A - From RDC,Air,12/8/2011,4-Jul-12,15-Mar-12,15-Mar-12,ARV,Adult,"Lamivudine/Nevirapine/Zidovudine 150/200/300mg, tablets, 60 Tabs",Tablet - FDC,60.0,84000.0,924000.0,11.0,0.18,Mylan (formerly Matrix) Nashik,Yes,11160,87294.56,1295.45,
13481,,FPQ-14942,,,South Africa,,,,,,1/26/2015,,,,,,PHARMACY DIRECT,,Tenofovir Disoproxil Fumarate,Generic,300mg,,,,,,,,,,,,116-ZA-T30,SCMS-259072,ASN-30377,PMO - US,Direct Drop,DDP,Truck,9/11/2014,26-Jan-15,26-Jan-15,26-Jan-15,ARV,Adult,"Tenofovir Disoproxil Fumarate 300mg, tablets, 30 Tabs",Tablet,30.0,132.0,1823.8,13.82,0.46,Mylan (formerly Matrix) Nashik,Yes,Weight Captured Separately,Freight Included in Commodity Cost,1.87,
16213,102-BI-T30,FPQ-14594,SCMS-250100,ASN-28054,Burundi,PMO - US,Direct Drop,EXW,Air,7/17/14,8/5/14,26-Sep-14,26-Sep-14,29-Sep-14,HRDT,HIV test,"CHEMBIO DIAGNOSTIC SYSTEMS, INC.","HIV 1/2, Stat-Pak Dipstick Assay Kit, 30 Tests","HIV 1/2, Stat-Pak Dipstick Assay Kit",Stat-Pak,,Test kit,30.0,414.0,11426.4,27.6,0.92,Chembio Diagnostics Sys. Inc.,Yes,44,694.1,11.75,,,,,,,,,,,,,,,,,,,,,,,,,,
19512,,,,,Vietnam,,,,,,10/3/2011,,,,,,MYLAN LABORATORIES LTD (FORMERLY MATRIX LABORATORIES),,Efavirenz/Lamivudine/Tenofovir Disoproxil Fumarate,Generic,600/300/300mg,,,,,,,,,,,,108-VN-T30,SCMS-123530,ASN-14319,PMO - US,Direct Drop,EXW,Air,9/21/2011,24-Apr-12,24-Apr-12,24-Apr-12,ARV,Adult,"Efavirenz/Lamivudine/Tenofovir Disoproxil Fumarate 600/300/300mg, tablets, 30 Tabs",Tablet - FDC,30.0,5451.0,76859.1,14.1,0.47,Mylan (formerly Matrix) Nashik,Yes,1675,3401.49,126.82,FPQ-8428
84031,,FPQ-6142,,,Ethiopia,,,,,,N/A - From RDC,,,,,,SCMS from RDC,,Zidovudine,Generic,300mg,,,,,,,,,,,,117-ET-T30,SO-37190,DN-1981,PMO - US,From RDC,N/A - From RDC,Air,7/26/2010,17-Aug-10,9-Aug-10,9-Aug-10,ARV,Adult,"Zidovudine 300mg, tablets, 60 Tabs",Tablet,60.0,5000.0,36050.0,7.21,0.12,"Aurobindo Unit III, India",Yes,196,1229.52,77.72,
23466,,FPQ-3859,,,Rwanda,,,,,,7/16/2009,,,,,,Aurobindo Pharma Limited,,Lopinavir/Ritonavir,Generic,200/50mg,,,,,,,,,,,,107-RW-T30,SCMS-48890,ASN-6725,PMO - US,Direct Drop,CIP,Air,6/30/2009,26-Apr-10,26-Apr-10,26-Apr-10,ARV,Adult,"Lopinavir/Ritonavir 200/50mg, tablets, 120 Tabs",Tablet,120.0,2240.0,83686.4,37.36,0.31,"Aurobindo Unit III, India",Yes,554,7531.78,164.03,
22275,,,,,South Africa,,,,,,6/17/2010,,,,,,STRIDES ARCOLAB LIMITED,,Nevirapine,Generic,200mg,,,,,,,,,,,,161-ZA-T30,SCMS-75940,ASN-8443,PMO - US,Direct Drop,DDP,Ocean,6/2/2010,17-Nov-10,17-Nov-10,17-Nov-10,ARV,Adult,"Nevirapine 200mg, tablets, 60 Tabs",Tablet,60.0,100000.0,282000.0,2.82,0.05,"Strides, Bangalore, India.",Yes,6297,7526.14,607.99,FPQ-5648
9081,,,,,South Africa,,,,,,4/2/2009,,,,,,S. BUYS WHOLESALER,,Zidovudine,Generic,10mg/ml,,,,,,,,,,,,116-ZA-T01,SCMS-47500,ASN-4332,PMO - US,Direct Drop,DDP,Truck,Pre-PQ Process,15-May-09,23-Apr-09,23-Apr-09,ARV,Pediatric,"Zidovudine 10mg/ml, oral solution, Bottle, 240 ml",Oral solution,240.0,200.0,1208.0,6.04,0.03,"Aurobindo Unit III, India",No,See ASN-4332 (ID#:1115),See ASN-4332 (ID#:1115),2.37,Pre-PQ Process
85838,,,,,South Sudan,,,,,,N/A - From RDC,,,,,,SCMS from RDC,,Nevirapine,Generic,10mg/ml,,,,,,,,,,,,900-SS-T30,SO-41080,DN-2581,PMO - US,From RDC,N/A - From RDC,Air,11/4/2011,21-Mar-12,8-Mar-12,8-Mar-12,ARV,Pediatric,"Nevirapine 10mg/ml, oral suspension w/syringe, Bottle, 240 ml",Oral suspension,240.0,6000.0,11700.0,1.95,0.01,"Aurobindo Unit III, India",No,See DN-2581 (ID#:82457),See DN-2581 (ID#:82457),16.4,FPQ-8624
31712,,FPQ-10287,,,Vietnam,,,,,,8/15/2012,,,,,,MICRO LABS LIMITED,,Efavirenz,Generic,50mg,,,,,,,,,,,,108-VN-T30,SCMS-156260,ASN-17696,PMO - US,Direct Drop,EXW,Air,7/25/2012,30-Jan-13,30-Jan-13,30-Jan-13,ARV,Pediatric,"Efavirenz 50mg, capsule, 30 Caps",Capsule,30.0,1760.0,3555.2,2.02,0.07,"Micro labs, Verna, Goa, India",Yes,126,798.95,4.98,
86493,104-CI-T30,FPQ-8787,SO-41172,DN-2753,Côte d'Ivoire,PMO - US,From RDC,N/A - From RDC,Air,11/11/11,N/A - From RDC,31-Jul-12,31-Jul-12,31-Jul-12,ARV,Adult,SCMS from RDC,"Lamivudine/Nevirapine/Zidovudine 150/200/300mg, tablets, 60 Tabs",Lamivudine/Nevirapine/Zidovudine,Generic,150/300/200mg,Tablet - FDC,60.0,50000.0,490500.0,9.81,0.16,"Strides, Bangalore, India.",Yes,5625,11702.27,687.68,,,,,,,,,,,,,,,,,,,,,,,,,,
85444,104-CI-T30,FPQ-10633,SO-43341,DN-3569,Côte d'Ivoire,PMO - US,From RDC,N/A - From RDC,Truck,9/11/12,N/A - From RDC,31-Mar-14,26-Mar-14,28-Apr-14,ARV,Adult,SCMS from RDC,"Efavirenz 600mg, tablets, 30 Tabs",Efavirenz,Generic,600mg,Tablet,30.0,72300.0,240759.0,3.33,0.11,"Strides, Bangalore, India.",Yes,4392,18607.76,337.54,,,,,,,,,,,,,,,,,,,,,,,,,,
86661,,,,,Mozambique,,,,,,N/A - From RDC,,,,,,SCMS from RDC,,Nevirapine,Generic,10mg/ml,,,,,,,,,,,,111-MZ-T30,SO-47083,DN-3580,PMO - US,From RDC,N/A - From RDC,Truck,10/21/2013,15-Apr-14,14-Apr-14,17-Apr-14,ARV,Pediatric,"Nevirapine 10mg/ml, oral suspension w/syringe, Bottle, 240 ml",Oral suspension,240.0,4584.0,8526.24,1.86,0.01,"Aurobindo Unit III, India",No,See DN-3580 (ID#:83772),See DN-3580 (ID#:83772),8.76,FPQ-13123
7055,116-ZA-T01,Pre-PQ Process,SCMS-21460,ASN-1667,South Africa,PMO - US,Direct Drop,DDP,,Pre-PQ Process,4/4/08,25-Apr-08,7-Apr-08,7-Apr-08,ARV,Pediatric,S. BUYS WHOLESALER,"Didanosine 100mg [Videx],chewable tablets, 60 Tabs",Didanosine,Videx,100mg,Chewable/dispersible tablet,60.0,6.0,81.66,13.61,0.23,"BMS Meymac, France",No,Weight Captured Separately,Freight Included in Commodity Cost,0.13,,,,,,,,,,,,,,,,,,,,,,,,,,
10771,,Pre-PQ Process,,,Côte d'Ivoire,,,,,,N/A - From RDC,,,,,,SCMS from RDC,,Nevirapine,Generic,200mg,,,,,,,,,,,,104-CI-T01,SO-21881,DN-1242,PMO - US,From RDC,N/A - From RDC,Air,Pre-PQ Process,17-Jun-09,17-Jun-09,17-Jun-09,ARV,Adult,"Nevirapine 200mg, tablets, 60 Tabs",Tablet,60.0,5601.0,16803.0,3.0,0.05,"Aurobindo Unit III, India",Yes,545,2280.64,32.93,
9939,,Pre-PQ Process,,,Namibia,,,,,,8/26/2008,,,,,,"Orgenics, Ltd",,"HIV 1/2, Determine HIV Kit, without Lancets",Determine,,,,,,,,,,,,,119-NA-T01,SCMS-28850,ASN-2513,PMO - US,Direct Drop,EXW,Air,Pre-PQ Process,25-Sep-08,25-Sep-08,25-Sep-08,HRDT,HIV test,"HIV 1/2, Determine HIV Kit, without Lancets, 100 Tests",Test kit,100.0,2.0,140.0,70.0,0.7,Inverness Japan,No,See ASN-2513 (ID#:3360),See ASN-2513 (ID#:3360),0.22,
3739,,Pre-PQ Process,,,South Africa,,,,,,Date Not Captured,,,,,,S. BUYS WHOLESALER,,Lamivudine,Epivir,150mg,,,,,,,,,,,,116-ZA-T01,SCMS-40890,ASN-3585,PMO - US,Direct Drop,DDP,Air,Pre-PQ Process,19-May-09,2-Jan-09,2-Jan-09,ARV,Adult,"Lamivudine 150mg [Epivir], tablets, 60 Tabs",Tablet,60.0,10000.0,56800.0,5.68,0.09,GSK Cape Town Factory (South Africa),Yes,Weight Captured Separately,Freight Included in Commodity Cost,111.33,
83796,,,,,Burundi,,,,,,N/A - From RDC,,,,,,SCMS from RDC,,Lamivudine/Nevirapine/Zidovudine,Generic,150/300/200mg,,,,,,,,,,,,102-BI-T30,SO-47670,DN-3712,PMO - US,From RDC,N/A - From RDC,Air,1/24/2014,30-May-14,25-Jun-14,1-Jul-14,ARV,Adult,"Lamivudine/Nevirapine/Zidovudine 150/200/300mg, tablets, 60 Tabs",Tablet - FDC,60.0,1152.0,9342.72,8.11,0.14,Hetero Unit III Hyderabad IN,No,See DN-3712 (ID#:83795),See DN-3712 (ID#:83795),9.6,FPQ-13627
82324,,FPQ-4537,,,Nigeria,,,,,,N/A - From RDC,,,,,,SCMS from RDC,,Lamivudine/Nevirapine/Zidovudine,Generic,150/300/200mg,,,,,,,,,,,,151-NG-T30,SO-36572,DN-1864,PMO - US,From RDC,N/A - From RDC,Air Charter,11/6/2009,30-Jun-10,28-Jun-10,28-Jun-10,ARV,Adult,"Lamivudine/Nevirapine/Zidovudine 150/200/300mg, tablets, 60 Tabs",Tablet - FDC,60.0,22571.0,253246.62,11.22,0.19,"Aurobindo Unit III, India",Yes,2657,Freight Included in Commodity Cost,546.0,
70461,107-RW-T30,FPQ-6186,SCMS-83320,ASN-9331,Rwanda,PMO - US,Direct Drop,CIP,Air,8/13/10,9/27/10,7-Jan-11,7-Jan-11,7-Jan-11,ARV,Adult,CIPLA LIMITED,"Lopinavir/Ritonavir 200/50mg, tablets, 120 Tabs",Lopinavir/Ritonavir,Generic,200/50mg,Tablet,120.0,1802.0,61808.6,34.3,0.29,Cipla Ltd A-42 MIDC Mahar. IN,Yes,Weight Captured Separately,Freight Included in Commodity Cost,133.26,,,,,,,,,,,,,,,,,,,,,,,,,,
82275,,FPQ-4035,,,Zambia,,,,,,N/A - From RDC,,,,,,SCMS from RDC,,Efavirenz,Generic,600mg,,,,,,,,,,,,110-ZM-T30,SO-34340,DN-1515,PMO - US,From RDC,N/A - From RDC,Truck,8/5/2009,30-Nov-09,23-Nov-09,23-Nov-09,ARV,Adult,"Efavirenz 600mg, tablets, 30 Tabs",Tablet,30.0,47227.0,272972.06,5.78,0.19,"Aurobindo Unit III, India",Yes,4959,9973.51,535.03,
85667,151-NG-T30,FPQ-4537,SO-35071,DN-1730,Nigeria,PMO - US,From RDC,N/A - From RDC,Air Charter,11/6/09,N/A - From RDC,19-Apr-10,31-Mar-10,31-Mar-10,ARV,Adult,SCMS from RDC,"Emtricitabine/Tenofovir Disoproxil Fumarate 200/300mg, tablets, 30 Tabs",Emtricitabine/Tenofovir Disoproxil Fumarate,Generic,200/300mg,Tablet - FDC,30.0,31000.0,364250.0,11.75,0.39,Mylan (formerly Matrix) Nashik,Yes,2501,Freight Included in Commodity Cost,785.32,,,,,,,,,,,,,,,,,,,,,,,,,,
62164,116-ZA-T30,FPQ-4359,SCMS-54980,ASN-5372,South Africa,PMO - US,Direct Drop,DDP,Truck,10/8/09,10/15/09,21-Oct-09,21-Oct-09,21-Oct-09,ARV,Adult,S. BUYS WHOLESALER,"Zidovudine 300mg [Retrovir], tablets, 60 Tabs",Zidovudine,Retrovir,300mg,Tablet,60.0,300.0,4826.37,16.09,0.27,GSK Ware (UK),No,Weight Captured Separately,Freight Included in Commodity Cost,9.46,,,,,,,,,,,,,,,,,,,,,,,,,,
58494,,FPQ-10787,,,Uganda,,,,,,10/25/2012,,,,,,MYLAN LABORATORIES LTD (FORMERLY MATRIX LABORATORIES),,Atazanavir/Ritonavir,Generic,300/100mg,,,,,,,,,,,,114-UG-T30,SCMS-163460,ASN-17750,PMO - US,Direct Drop,EXW,Air,10/10/2012,21-Jan-13,21-Jan-13,21-Jan-13,ARV,Adult,"Atazanavir/Ritonavir 300/100mg, tablets, 30 Tabs",Tablet,30.0,1455.0,32737.5,22.5,0.75,Mylan (formerly Matrix) Nashik,No,See ASN-17750 (ID#:36539),See ASN-17750 (ID#:36539),40.5,
83824,,,,,Mozambique,,,,,,N/A - From RDC,,,,,,SCMS from RDC,,Abacavir,Generic,300mg,,,,,,,,,,,,111-MZ-T30,SO-47060,DN-3830,PMO - US,From RDC,N/A - From RDC,Truck,10/21/2013,29-Aug-14,15-Aug-14,25-Aug-14,ARV,Adult,"Abacavir 300mg, tablets, 60 Tabs",Tablet,60.0,10868.0,122047.64,11.23,0.19,Mylan (formerly Matrix) Nashik,Yes,1026,1138.29,125.46,FPQ-13124
82382,,,,,Nigeria,,,,,,N/A - From RDC,,,,,,SCMS from RDC,,Efavirenz,Generic,600mg,,,,,,,,,,,,151-NG-T30,SO-39640,DN-2220,PMO - US,From RDC,N/A - From RDC,Air Charter,2/21/2011,15-Jun-11,5-Jul-11,5-Jul-11,ARV,Adult,"Efavirenz 600mg, tablets, 30 Tabs",Tablet,30.0,57468.0,248261.76,4.32,0.14,Mylan (formerly Matrix) Nashik,Yes,4915,13398.06,409.63,FPQ-7217
83235,111-MZ-T30,FPQ-13124,SO-47041,DN-3628,Mozambique,PMO - US,From RDC,N/A - From RDC,Truck,10/21/13,N/A - From RDC,14-Jun-14,24-Jun-14,14-Jul-14,ARV,Adult,SCMS from RDC,"Efavirenz/Lamivudine/Tenofovir Disoproxil Fumarate 600/300/300mg, tablets, 30 Tabs",Efavirenz/Lamivudine/Tenofovir Disoproxil Fumarate,Generic,600/300/300mg,Tablet - FDC,30.0,263351.0,2936363.65,11.15,0.37,Mylan (formerly Matrix) Nashik,No,See DN-3628 (ID#:83234),See DN-3628 (ID#:83234),3018.58,,,,,,,,,,,,,,,,,,,,,,,,,,
11906,,Pre-PQ Process,,,Uganda,,,,,,N/A - From RDC,,,,,,SCMS from RDC,,Efavirenz,Generic,600mg,,,,,,,,,,,,114-UG-T01,SO-17770,DN-998,PMO - US,From RDC,N/A - From RDC,Truck,Pre-PQ Process,15-Dec-08,15-Dec-08,15-Dec-08,ARV,Adult,"Efavirenz 600mg, tablets, 30 Tabs",Tablet,30.0,5147.0,56617.0,11.0,0.37,"Aurobindo Unit III, India",No,See DN-998 (ID#:11568),See DN-998 (ID#:11568),110.97,
26821,,,,,Tanzania,,,,,,9/3/2009,,,,,,"Orgenics, Ltd",,"HIV 1/2, Determine HIV Kit, without Lancets",Determine,,,,,,,,,,,,,109-TZ-T30,SCMS-52774,ASN-5621,PMO - US,Direct Drop,EXW,Air,8/27/2009,11-Dec-09,11-Dec-09,11-Dec-09,HRDT,HIV test,"HIV 1/2, Determine HIV Kit, without Lancets, 100 Tests",Test kit,100.0,950.0,66500.0,70.0,0.7,Inverness Japan,Yes,216,3744.18,130.34,FPQ-4157
84120,,,,,Côte d'Ivoire,,,,,,N/A - From RDC,,,,,,SCMS from RDC,,Tenofovir Disoproxil Fumarate,Generic,300mg,,,,,,,,,,,,104-CI-T30,SO-40800,DN-2422,PMO - US,From RDC,N/A - From RDC,Truck,8/25/2011,23-Dec-11,19-Nov-11,19-Nov-11,ARV,Adult,"Tenofovir Disoproxil Fumarate 300mg, tablets, 30 Tabs",Tablet,30.0,3520.0,22598.4,6.42,0.21,Mylan (formerly Matrix) Nashik,Yes,197,3296.34,37.29,FPQ-8295
43970,109-TZ-T30,FPQ-6203,SCMS-82770,ASN-8625,Tanzania,PMO - US,Direct Drop,EXW,Ocean,8/18/10,8/25/10,29-Dec-10,29-Dec-10,29-Dec-10,ARV,Adult,MYLAN LABORATORIES LTD (FORMERLY MATRIX LABORATORIES),"Efavirenz/Emtricitabine/Tenofovir Disoproxil Fumarate 600/200/300mg, tablets, 30 Tabs",Efavirenz/Emtricitabine/Tenofovir Disoproxil Fumarate,Generic,600/200/300mg,Tablet - FDC,30.0,53149.0,1057665.1,19.9,0.66,Mylan (formerly Matrix) Nashik,Yes,5803,27478.63,2280.33,,,,,,,,,,,,,,,,,,,,,,,,,,
11563,102-KE-T01,Pre-PQ Process,SO-11440,DN-965,Kenya,PMO - US,From RDC,N/A - From RDC,Truck,Pre-PQ Process,N/A - From RDC,23-Oct-08,23-Oct-08,23-Oct-08,HRDT,HIV test - Ancillary,SCMS from RDC,"HIV, Lancet, Safety, for HIV Test kits, 100 Pcs","HIV, Lancet, Safety, for HIV Test kits, 100 Pcs",Generic,,Test kit - Ancillary,100.0,5000.0,50.0,0.01,0.0,Inverness Japan,Yes,Weight Captured Separately,Invoiced Separately,0.1,,,,,,,,,,,,,,,,,,,,,,,,,,
84092,,,,,Rwanda,,,,,,N/A - From RDC,,,,,,SCMS from RDC,,Lamivudine,Generic,10mg/ml,,,,,,,,,,,,107-RW-T30,SO-39560,DN-2227,PMO - US,From RDC,N/A - From RDC,Air Charter,5/4/2011,14-Aug-11,25-May-11,25-May-11,ARV,Pediatric,"Lamivudine 10mg/ml, oral solution w/syringe, Bottle, 240 ml",Oral solution,240.0,1800.0,3330.0,1.85,0.01,"Aurobindo Unit III, India",Yes,718,4370.8,5.49,FPQ-7692
23149,105-SS-T30,FPQ-15569,SCMS-272170,ASN-32106,South Sudan,PMO - US,Direct Drop,EXW,Air,12/29/14,2/20/15,2-Jul-15,7-Jul-15,7-Jul-15,HRDT,HIV test - Ancillary,"Orgenics, Ltd","Capillary Tubes, for Determine, EDTA, 50uL,100 Pcs","HIV, Capillary Tubes, for Determine, EDTA, 50uL,100 Pcs",Determine,,Test kit - Ancillary,100.0,20.0,160.0,8.0,0.08,"Alere Medical Co., Ltd.",No,See ASN-32106 (ID#:19172),See ASN-32106 (ID#:19172),0.19,,,,,,,,,,,,,,,,,,,,,,,,,,
12004,,Pre-PQ Process,,,Uganda,,,,,,N/A - From RDC,,,,,,SCMS from RDC,,Lamivudine/Nevirapine/Zidovudine,Generic,150/300/200mg,,,,,,,,,,,,114-UG-T01,SO-32930,DN-1402,PMO - US,From RDC,N/A - From RDC,Air,Date Not Captured,9-Sep-09,9-Sep-09,9-Sep-09,ARV,Adult,"Lamivudine/Nevirapine/Zidovudine 150/200/300mg, tablets, 60 Tabs",Tablet - FDC,60.0,19650.0,223027.5,11.35,0.19,"Aurobindo Unit III, India",Yes,2237,15250.99,437.13,
10679,102-KE-T01,Pre-PQ Process,SO-1740,DN-829,Kenya,PMO - US,From RDC,N/A - From RDC,Truck,Pre-PQ Process,N/A - From RDC,31-Mar-08,31-Mar-08,31-Mar-08,HRDT,HIV test,SCMS from RDC,"HIV, Bioline HIV 1/2 3.0 Kit, [DON] 25 Tests","HIV, Bioline HIV 1/2 3.0 Kit",Bioline,,Test kit,25.0,3.0,0.03,0.01,0.0,"Standard Diagnostics, Korea",Yes,3,99,0.0,,,,,,,,,,,,,,,,,,,,,,,,,,
82900,151-NG-T30,FPQ-5023,SO-36504,DN-1917,Nigeria,PMO - US,From RDC,N/A - From RDC,Air,2/10/10,N/A - From RDC,15-Jul-10,28-Jun-10,28-Jun-10,ARV,Adult,SCMS from RDC,"Zidovudine 300mg, tablets, 60 Tabs",Zidovudine,Generic,300mg,Tablet,60.0,100.0,750.0,7.5,0.12,"Aurobindo Unit III, India",Yes,6,Freight Included in Commodity Cost,1.62,,,,,,,,,,,,,,,,,,,,,,,,,,
55453,,,,,Rwanda,,,,,,12/16/2014,,,,,,"Trinity Biotech, Plc",,"HIV 1/2, Uni-Gold HIV Kit",Uni-Gold,,,,,,,,,,,,,107-RW-T30,SCMS-263310,ASN-30276,PMO - US,Direct Drop,EXW,Air,10/15/2014,18-Feb-15,18-Feb-15,18-Feb-15,HRDT,HIV test,"HIV 1/2, Uni-Gold HIV Kit, 20 Tests",Test kit,20.0,369.0,11808.0,32.0,1.6,"Trinity Biotech, Plc",Yes,115,1729.95,12.14,FPQ-15065
11010,,,,,Côte d'Ivoire,,,,,,N/A - From RDC,,,,,,SCMS from RDC,,Lamivudine/Zidovudine,Generic,150/300mg,,,,,,,,,,,,104-CI-T01,SO-21880,DN-1152,PMO - US,From RDC,N/A - From RDC,Air,Pre-PQ Process,30-Apr-09,30-Apr-09,30-Apr-09,ARV,Adult,"Lamivudine/Zidovudine 150/300mg, tablets, 60 Tabs",Tablet - FDC,60.0,23524.0,206070.24,8.76,0.15,"Aurobindo Unit III, India",Yes,3155,9021.82,403.9,Pre-PQ Process
84034,,,,,Nigeria,,,,,,N/A - From RDC,,,,,,SCMS from RDC,,Nevirapine,Generic,200mg,,,,,,,,,,,,151-NG-T30,SO-37080,DN-1990,PMO - US,From RDC,N/A - From RDC,Air Charter,2/10/2010,12-Aug-10,17-Aug-10,17-Aug-10,ARV,Adult,"Nevirapine 200mg, tablets, 60 Tabs",Tablet,60.0,13104.0,35773.92,2.73,0.05,"Aurobindo Unit III, India",Yes,1448,6147.18,77.13,FPQ-5023
11863,,Pre-PQ Process,,,Nigeria,,,,,,N/A - From RDC,,,,,,SCMS from RDC,,Emtricitabine/Tenofovir Disoproxil Fumarate,Truvada,300/200mg,,,,,,,,,,,,131-NG-T01,SO-2579,DN-740,PMO - US,From RDC,N/A - From RDC,Air,Pre-PQ Process,20-May-08,20-May-08,20-May-08,ARV,Adult,"Emtricitabine/Tenofovir Disoproxil Fumarate 200/300mg [Truvada], tablets, 30 Tabs",Tablet - FDC,30.0,641.0,16826.25,26.25,0.88,"Aspen-OSD, Port Elizabeth, SA",Yes,58,1110.5,26.92,
86045,,,,,Côte d'Ivoire,,,,,,N/A - From RDC,,,,,,SCMS from RDC,,Lamivudine/Tenofovir Disoproxil Fumarate,Generic,300/300mg,,,,,,,,,,,,104-CI-T30,SO-46341,DN-3545,PMO - US,From RDC,N/A - From RDC,Air,8/9/2013,28-Feb-14,18-Feb-14,4-Mar-14,ARV,Adult,"Lamivudine/Tenofovir Disoproxil Fumarate 300/300mg, tablets, 30 Tabs",Tablet - FDC,30.0,7426.0,34902.2,4.7,0.16,"Cipla, Kurkumbh, India",Yes,753,4063.81,43.17,FPQ-12800
83386,,,,,Uganda,,,,,,N/A - From RDC,,,,,,SCMS from RDC,,Efavirenz,Generic,600mg,,,,,,,,,,,,114-UG-T30,SO-33970,DN-1576,PMO - US,From RDC,N/A - From RDC,Air,9/17/2009,20-Dec-09,26-Nov-09,26-Nov-09,ARV,Adult,"Efavirenz 600mg, tablets, 30 Tabs",Tablet,30.0,12100.0,69938.0,5.78,0.19,"Aurobindo Unit III, India",Yes,36,3602.34,137.08,FPQ-4275
11259,,,,,Zimbabwe,,,,,,N/A - From RDC,,,,,,SCMS from RDC,,Efavirenz,Generic,600mg,,,,,,,,,,,,100-ZW-T01,SO-713,DN-687,PMO - US,From RDC,N/A - From RDC,Air,Pre-PQ Process,30-Mar-08,30-Mar-08,30-Mar-08,ARV,Adult,"Efavirenz 600mg, tablets, 30 Tabs",Tablet,30.0,1233.0,15313.86,12.42,0.41,Mylan (formerly Matrix) Nashik,No,See DN-687 (ID#:10697),See DN-687 (ID#:10697),24.5,Pre-PQ Process
82860,,,,,Zimbabwe,,,,,,N/A - From RDC,,,,,,SCMS from RDC,,Lamivudine/Zidovudine,Generic,150/300mg,,,,,,,,,,,,113-ZW-T30,SO-35390,DN-1659,PMO - US,From RDC,N/A - From RDC,Truck,12/8/2009,31-Mar-10,12-Mar-10,12-Mar-10,ARV,Adult,"Lamivudine/Zidovudine 150/300mg, tablets, 60 Tabs",Tablet - FDC,60.0,560.0,4905.6,8.76,0.15,"Aurobindo Unit III, India",No,See DN-1659 (ID#:82859),See DN-1659 (ID#:82859),10.58,FPQ-4694
85595,,FPQ-15259,,,Côte d'Ivoire,,,,,,N/A - From RDC,,,,,,SCMS from RDC,,Lamivudine/Nevirapine/Zidovudine,Generic,150/300/200mg,,,,,,,,,,,,104-CI-T30,SO-50100,DN-4255,PMO - US,From RDC,N/A - From RDC,Truck,10/24/2014,19-Jun-15,8-Jun-15,19-Jun-15,ARV,Adult,"Lamivudine/Nevirapine/Zidovudine 150/200/300mg, tablets, 60 Tabs",Tablet - FDC,60.0,148037.0,1142845.64,7.72,0.13,"Strides, Bangalore, India.",No,See DN-4255 (ID#:83911),See DN-4255 (ID#:83911),1345.13,
33882,,,,,South Africa,,,,,,12/14/2010,,,,,,CIPLA LIMITED,,Tenofovir Disoproxil Fumarate,Generic,300mg,,,,,,,,,,,,161-ZA-T30,SCMS-93620,ASN-10110,PMO - US,Direct Drop,DDP,Ocean,11/26/2010,5-May-11,5-May-11,5-May-11,ARV,Adult,"Tenofovir Disoproxil Fumarate 300mg, tablets, 30 Tabs",Tablet,30.0,150000.0,1029000.0,6.86,0.23,"Cipla, Goa, India",Yes,10151,19569.93,1697.85,FPQ-6708
82542,,FPQ-10780,,,Uganda,,,,,,N/A - From RDC,,,,,,SCMS from RDC,,Efavirenz/Emtricitabine/Tenofovir Disoproxil Fumarate,Generic,600/200/300mg,,,,,,,,,,,,114-UG-T30,SO-43491,DN-3000,PMO - US,From RDC,N/A - From RDC,Air,10/10/2012,11-Feb-13,7-Mar-13,7-Mar-13,ARV,Adult,"Efavirenz/Emtricitabine/Tenofovir Disoproxil Fumarate 600/200/300mg, tablets, 30 Tabs",Tablet - FDC,30.0,7126.0,97554.94,13.69,0.46,Mylan (formerly Matrix) Nashik,Yes,2261,13252.2,136.77,
11072,,,,,Lebanon,,,,,,N/A - From RDC,,,,,,SCMS from RDC,,Saquinavir,Invirase,200mg,,,,,,,,,,,,100-LB-T01,SO-33890,DN-1486,PMO - US,From RDC,N/A - From RDC,Air,Date Not Captured,18-Nov-09,18-Nov-09,18-Nov-09,ARV,Adult,"Saquinavir 200mg [Invirase], capsules, 270 Caps",Capsule,270.0,200.0,2.0,0.01,0.0,Roche Basel,Yes,Weight Captured Separately,Invoiced Separately,0.0,Pre-PQ Process
44045,,FPQ-3891,,,Uganda,,,,,,9/14/2009,,,,,,EMCURE PHARMACEUTICALS LTD,,Atazanavir,Generic,150mg,,,,,,,,,,,,114-UG-T30,SCMS-52580,ASN-5101,PMO - US,Direct Drop,EXW,Air,7/22/2009,11-Nov-09,11-Nov-09,11-Nov-09,ARV,Pediatric,"Atazanavir 150mg, capsules, 60 Caps",Capsule,60.0,46.0,1200.14,26.09,0.43,"Emcure Plot No.P-2, I.T-B.T. Park, Phase II, MIDC, Hinjwadi, Pune, India",Yes,3,986.79,2.35,
55053,,FPQ-12057,,,Guyana,,,,,,5/23/2013,,,,,,Aurobindo Pharma Limited,,Stavudine,Generic,15mg,,,,,,,,,,,,105-GY-T30,SCMS-189040,ASN-19842,PMO - US,Direct Drop,EXW,Air,4/15/2013,1-Jul-13,1-Jul-13,1-Jul-13,ARV,Adult,"Stavudine 15mg, capsules, 60 Caps",Capsule,60.0,10.0,13.0,1.3,0.02,"Aurobindo Unit III, India",Yes,1,618.89,0.02,
84409,151-NG-T30,FPQ-13293,SO-47274,DN-3913,Nigeria,PMO - US,From RDC,N/A - From RDC,Air Charter,11/19/13,N/A - From RDC,30-Sep-14,3-Sep-14,5-Sep-14,ARV,Adult,SCMS from RDC,"Lamivudine/Nevirapine/Zidovudine 150/200/300mg, tablets, 60 Tabs",Lamivudine/Nevirapine/Zidovudine,Generic,150/300/200mg,Tablet - FDC,60.0,6.0,48.66,8.11,0.14,"Aurobindo Unit III, India",Yes,6589,26731,0.05,,,,,,,,,,,,,,,,,,,,,,,,,,
30274,106-HT-T30,FPQ-12041,SCMS-189140,ASN-20329,Haiti,PMO - US,Direct Drop,EXW,Air,4/26/13,5/21/13,17-Jul-13,17-Jul-13,17-Jul-13,HRDT,HIV test,"Orgenics, Ltd","HIV 1/2, Determine Complete HIV Kit, 100 Tests","HIV 1/2, Determine Complete HIV Kit",Determine,,Test kit,100.0,4000.0,400000.0,100.0,1.0,"Alere Medical Co., Ltd.",Yes,1740,24069.99,494.8,,,,,,,,,,,,,,,,,,,,,,,,,,
11629,112-NG-T01,Pre-PQ Process,SO-20961,DN-1165,Nigeria,PMO - US,From RDC,N/A - From RDC,Air,Pre-PQ Process,N/A - From RDC,2-Apr-09,2-Apr-09,2-Apr-09,ARV,Adult,SCMS from RDC,"Emtricitabine/Tenofovir Disoproxil Fumarate 200/300mg [Truvada], tablets, 30 Tabs",Emtricitabine/Tenofovir Disoproxil Fumarate,Truvada,300/200mg,Tablet - FDC,30.0,50.0,1312.5,26.25,0.88,"Aspen-OSD, Port Elizabeth, SA",Yes,5,286.65,2.57,,,,,,,,,,,,,,,,,,,,,,,,,,
67703,,,,,Côte d'Ivoire,,,,,,12/4/2013,,,,,,ABBVIE LOGISTICS (FORMERLY ABBOTT LOGISTICS BV),,Ritonavir,Norvir,100mg,,,,,,,,,,,,104-CI-T30,SCMS-216970,ASN-25670,PMO - US,Direct Drop,FCA,Air,10/22/2013,25-Apr-14,25-Apr-14,25-Apr-14,ARV,Adult,"Ritonavir 100mg [Norvir], film coated tablets, 60 Tabs",Tablet,60.0,3000.0,20550.0,6.85,0.11,ABBVIE Ludwigshafen Germany,Yes,385,3765.28,21.13,FPQ-13155
77068,,,,,South Africa,,,,,,4/28/2015,,,,,,PHARMACY DIRECT,,Lamivudine/Zidovudine,Generic,150/300mg,,,,,,,,,,,,116-ZA-T30,SCMS-238556,ASN-31854,PMO - US,Direct Drop,DDP,Truck,4/30/2014,28-Apr-15,28-Apr-15,28-Apr-15,ARV,Adult,"Lamivudine/Zidovudine 150/300mg, tablets, 60 Tabs",Tablet - FDC,60.0,7.0,218.34,31.19,0.52,"Aurobindo Unit III, India",No,Weight Captured Separately,Freight Included in Commodity Cost,0.22,FPQ-13973
49025,,FPQ-12570,,,Cameroon,,,,,,8/6/2013,,,,,,Orasure Technologies Inc.,,"HIV 1/2, OraQuick Rapid Antibody Kit",OraQuick,,,,,,,,,,,,,800-CM-T30,SCMS-200890,ASN-21967,PMO - US,Direct Drop,EXW,Air,7/10/2013,22-Oct-13,22-Oct-13,25-Oct-13,HRDT,HIV test,"HIV 1/2, OraQuick Rapid Antibody Kit, 100 Tests",Test kit,100.0,2000.0,700000.0,350.0,3.5,"Orasure Technologies, Inc",Yes,5006,88560.19,865.9,
83273,,,,,Namibia,,,,,,N/A - From RDC,,,,,,SCMS from RDC,,Lamivudine/Tenofovir Disoproxil Fumarate,Generic,300/300mg,,,,,,,,,,,,901-NA-T30,SO-49510,DN-3906,PMO - US,From RDC,N/A - From RDC,Air,7/30/2014,30-Sep-14,2-Sep-14,5-Sep-14,ARV,Adult,"Lamivudine/Tenofovir Disoproxil Fumarate 300/300mg, tablets, 30 Tabs",Tablet - FDC,30.0,45000.0,208350.0,4.63,0.15,Hetero Unit III Hyderabad IN,Yes,4688,32063.3,214.18,FPQ-14723
82575,,FPQ-11133,,,Uganda,,,,,,N/A - From RDC,,,,,,SCMS from RDC,,Lamivudine/Nevirapine/Stavudine,Generic,30/50/6mg,,,,,,,,,,,,114-UG-T30,SO-43873,DN-3153,PMO - US,From RDC,N/A - From RDC,Truck,12/13/2012,28-Jun-13,7-Jun-13,7-Jun-13,ARV,Pediatric,"Lamivudine/Nevirapine/Stavudine 30/50/6mg, dispersible tablets, 60 Tabs",Chewable/dispersible tablet - FDC,60.0,475.0,1092.5,2.3,0.04,"Cipla, Goa, India",Yes,1982,8163.74,1.35,
84792,,FPQ-11526,,,Haiti,,,,,,N/A - From RDC,,,,,,SCMS from RDC,,Stavudine,Generic,15mg,,,,,,,,,,,,106-HT-T30,SO-44450,DN-3043,PMO - US,From RDC,N/A - From RDC,Air,1/30/2013,30-Apr-13,15-Mar-13,15-Mar-13,ARV,Adult,"Stavudine 15mg, capsules, 60 Caps",Capsule,60.0,216.0,285.12,1.32,0.02,"Aurobindo Unit III, India",Yes,165,3048.08,0.35,
36212,,FPQ-13214,,,South Africa,,,,,,12/2/2013,,,,,,S. BUYS WHOLESALER,,Lamivudine/Zidovudine,Generic,150/300mg,,,,,,,,,,,,116-ZA-T30,SCMS-215410,ASN-23875,PMO - US,Direct Drop,DDP,Truck,11/14/2013,13-Jan-14,13-Jan-14,13-Jan-14,ARV,Adult,"Lamivudine/Zidovudine 150/300mg, tablets, 60 Tabs",Tablet - FDC,60.0,524.0,15533.57,29.64,0.49,"Cipla, Goa, India",No,Weight Captured Separately,Freight Included in Commodity Cost,15.97,
31363,116-ZA-T30,FPQ-13035,SCMS-215370,ASN-24415,South Africa,PMO - US,Direct Drop,DDP,Truck,10/8/13,12/2/13,6-Feb-14,6-Feb-14,6-Feb-14,ARV,Pediatric,S. BUYS WHOLESALER,"Lamivudine 10mg/ml, oral solution, Bottle, 240 ml",Lamivudine,Generic,10mg/ml,Oral solution,240.0,4.0,27.35,6.84,0.03,"Cipla, Goa, India",No,Weight Captured Separately,Freight Included in Commodity Cost,0.03,,,,,,,,,,,,,,,,,,,,,,,,,,
85682,,,,,Nigeria,,,,,,N/A - From RDC,,,,,,SCMS from RDC,,Efavirenz,Generic,600mg,,,,,,,,,,,,151-NG-T30,SO-36440,DN-1898,PMO - US,From RDC,N/A - From RDC,Air,2/10/2010,15-Jul-10,28-Jun-10,28-Jun-10,ARV,Adult,"Efavirenz 600mg, tablets, 30 Tabs",Tablet,30.0,44295.0,203757.0,4.6,0.15,"Strides, Bangalore, India.",Yes,3045,Freight Included in Commodity Cost,439.3,FPQ-5023
84504,,,,,Guyana,,,,,,N/A - From RDC,,,,,,SCMS from RDC,,Efavirenz,Generic,600mg,,,,,,,,,,,,105-GY-T30,SO-34480,DN-1505,PMO - US,From RDC,N/A - From RDC,Air,10/15/2009,23-Nov-09,3-Nov-09,3-Nov-09,ARV,Adult,"Efavirenz 600mg, tablets, 30 Tabs",Tablet,30.0,4737.0,27379.86,5.78,0.19,"Aurobindo Unit III, India",Yes,427,6061.01,59.03,FPQ-4438
10855,104-CI-T01,Pre-PQ Process,SO-616,DN-288,Côte d'Ivoire,PMO - US,From RDC,N/A - From RDC,,Pre-PQ Process,N/A - From RDC,13-Aug-07,13-Aug-07,13-Aug-07,ARV,Adult,SCMS from RDC,"Zidovudine 300mg, tablets, 60 Tabs",Zidovudine,Generic,300mg,Tablet,60.0,18290.0,155830.8,8.52,0.14,"Aurobindo Unit III, India",Yes,1114,3473,249.33,,,,,,,,,,,,,,,,,,,,,,,,,,
12269,,Pre-PQ Process,,,Mozambique,,,,,,N/A - From RDC,,,,,,SCMS from RDC,,Nevirapine,Generic,200mg,,,,,,,,,,,,111-MZ-T01,SO-15090,DN-933,PMO - US,From RDC,N/A - From RDC,Air,Pre-PQ Process,14-Nov-08,14-Nov-08,14-Nov-08,ARV,Adult,"Nevirapine 200mg, tablets, 60 Tabs",Tablet,60.0,11550.0,36960.0,3.2,0.05,Hetero Unit III Hyderabad IN,No,See DN-933 (ID#:10755),See DN-933 (ID#:10755),59.14,
85830,104-CI-T30,FPQ-8363,SO-40840,DN-2553,Côte d'Ivoire,PMO - US,From RDC,N/A - From RDC,Truck,8/29/11,N/A - From RDC,30-Mar-12,24-Feb-12,24-Feb-12,ARV,Adult,SCMS from RDC,"Abacavir/Lamivudine 600/300mg, scored tablets, 30 Tabs",Abacavir/Lamivudine,Generic,600/300mg,Tablet - FDC,30.0,1260.0,28350.0,22.5,0.75,Mylan (formerly Matrix) Nashik,Yes,122,1131.63,46.78,,,,,,,,,,,,,,,,,,,,,,,,,,
86743,151-NG-T30,FPQ-14156,SO-48905,DN-3996,Nigeria,PMO - US,From RDC,N/A - From RDC,Air Charter,4/25/14,N/A - From RDC,31-Oct-14,30-Oct-14,3-Nov-14,ARV,Adult,SCMS from RDC,"Lamivudine/Tenofovir Disoproxil Fumarate 300/300mg, tablets, 30 Tabs",Lamivudine/Tenofovir Disoproxil Fumarate,Generic,300/300mg,Tablet - FDC,30.0,57000.0,263340.0,4.62,0.15,"Aurobindo Unit VII, IN",Yes,5735,20138,270.71,,,,,,,,,,,,,,,,,,,,,,,,,,
82568,,FPQ-11882,,,Mozambique,,,,,,N/A - From RDC,,,,,,SCMS from RDC,,Efavirenz,Generic,600mg,,,,,,,,,,,,111-MZ-T30,SO-44810,DN-3108,PMO - US,From RDC,N/A - From RDC,Air,3/19/2013,4-Jul-13,4-Jul-13,4-Jul-13,ARV,Adult,"Efavirenz 600mg, tablets, 30 Tabs",Tablet,30.0,17037.0,56733.21,3.33,0.11,"Strides, Bangalore, India.",Yes,1750,9758.5,70.18,
32508,,FPQ-14942,,,South Africa,,,,,,2/12/2015,,,,,,PHARMACY DIRECT,,Efavirenz,Generic,50mg,,,,,,,,,,,,116-ZA-T30,SCMS-259073,ASN-30671,PMO - US,Direct Drop,DDP,Truck,9/11/2014,12-Feb-15,12-Feb-15,12-Feb-15,ARV,Pediatric,"Efavirenz 50mg, capsule, 30 Caps",Capsule,30.0,9.0,19.55,2.17,0.07,"Aurobindo Unit III, India",No,Weight Captured Separately,Freight Included in Commodity Cost,0.02,
8463,,Pre-PQ Process,,,South Africa,,,,,,Date Not Captured,,,,,,S. BUYS WHOLESALER,,Stavudine,Zerit,40mg,,,,,,,,,,,,116-ZA-T01,SCMS-23500,ASN-2293,PMO - US,Direct Drop,DDP,Truck,Pre-PQ Process,20-Aug-08,8-May-08,8-May-08,ARV,Adult,"Stavudine 40mg [Zerit], capsules, 60 Caps",Capsule,60.0,100.0,517.0,5.17,0.09,"BMS Meymac, France",No,Weight Captured Separately,Freight Included in Commodity Cost,0.83,
50802,,FPQ-13048,,,Tanzania,,,,,,10/28/2013,,,,,,Aurobindo Pharma Limited,,Zidovudine,Generic,300mg,,,,,,,,,,,,109-TZ-T30,SCMS-212160,ASN-22844,PMO - US,Direct Drop,EXW,Air,10/3/2013,31-Dec-13,31-Dec-13,3-Jan-14,ARV,Adult,"Zidovudine 300mg, tablets, 60 Tabs",Tablet,60.0,11500.0,62445.0,5.43,0.09,"Aurobindo Unit III, India",Yes,632,4168.19,77.24,
83657,113-ZW-T30,FPQ-10632,SO-43210,DN-3030,Zimbabwe,PMO - US,From RDC,N/A - From RDC,Truck,9/11/12,N/A - From RDC,14-Mar-13,14-Mar-13,14-Mar-13,ARV,Adult,SCMS from RDC,"Efavirenz 600mg, tablets, 30 Tabs",Efavirenz,Generic,600mg,Tablet,30.0,48960.0,163036.8,3.33,0.11,"Strides, Bangalore, India.",No,See DN-3030 (ID#:82549),See DN-3030 (ID#:82549),228.58,,,,,,,,,,,,,,,,,,,,,,,,,,
80072,108-VN-T30,FPQ-11417,SCMS-174360,ASN-19383,Vietnam,PMO - US,Direct Drop,EXW,Air,1/10/13,1/22/13,28-May-13,28-May-13,28-May-13,ARV,Adult,MICRO LABS LIMITED,"Lamivudine 150mg, tablets, 60 Tabs",Lamivudine,Generic,150mg,Tablet,60.0,34900.0,63169.0,1.81,0.03,"Micro labs, Verna, Goa, India",Yes,1588,11413.52,78.14,,,,,,,,,,,,,,,,,,,,,,,,,,
11826,112-NG-T01,Pre-PQ Process,SO-1494,DN-505,Nigeria,PMO - US,From RDC,N/A - From RDC,Air,Pre-PQ Process,N/A - From RDC,17-Dec-07,17-Dec-07,17-Dec-07,ARV,Pediatric,SCMS from RDC,"Efavirenz 200mg, capsule, 90 Caps",Efavirenz,Generic,200mg,Capsule,90.0,400.0,6400.0,16.0,0.18,"Aurobindo Unit III, India",Yes,48,1260.1,10.24,,,,,,,,,,,,,,,,,,,,,,,,,,
83041,,FPQ-8952,,,Nigeria,,,,,,N/A - From RDC,,,,,,SCMS from RDC,,Nevirapine,Generic,200mg,,,,,,,,,,,,151-NG-T30,SO-41256,DN-2690,PMO - US,From RDC,N/A - From RDC,Air Charter,12/8/2011,4-Jul-12,3-Jun-12,3-Jun-12,ARV,Adult,"Nevirapine 200mg, tablets, 60 Tabs",Tablet,60.0,6026.0,14703.44,2.44,0.04,Mylan (formerly Matrix) Nashik,Yes,6944,17090,20.61,
84498,154-NG-T30,FPQ-3815,SO-32273,DN-1333,Nigeria,PMO - US,From RDC,N/A - From RDC,Air,5/26/09,N/A - From RDC,17-Sep-09,14-Sep-09,14-Sep-09,ARV,Adult,SCMS from RDC,"Lamivudine/Zidovudine 150/300mg, tablets, 60 Tabs",Lamivudine/Zidovudine,Generic,150/300mg,Tablet - FDC,60.0,316.0,2768.16,8.76,0.15,"Aurobindo Unit III, India",No,See DN-1333 (ID#:82839),See DN-1333 (ID#:82839),5.43,,,,,,,,,,,,,,,,,,,,,,,,,,
85001,111-MZ-T30,FPQ-14226,SO-48880,DN-4032,Mozambique,PMO - US,From RDC,N/A - From RDC,Truck,5/2/14,N/A - From RDC,2-Mar-15,2-Mar-15,9-Mar-15,ARV,Adult,SCMS from RDC,"Lopinavir/Ritonavir 200/50mg, tablets, 120 Tabs",Lopinavir/Ritonavir,Generic,200/50mg,Tablet,120.0,13642.0,264381.96,19.38,0.16,"Aurobindo Unit III, India",No,See DN-4032 (ID#:82757),See DN-4032 (ID#:82757),271.78,,,,,,,,,,,,,,,,,,,,,,,,,,
42780,161-ZA-T30,FPQ-7175,SCMS-103360,ASN-11201,South Africa,PMO - US,Direct Drop,DDP,Ocean,3/10/11,3/24/11,2-Sep-11,2-Sep-11,2-Sep-11,ARV,Pediatric,Aurobindo Pharma Limited,"Efavirenz 50mg, capsule, 30 Caps",Efavirenz,Generic,50mg,Capsule,30.0,97753.0,238517.32,2.44,0.08,"Aurobindo Unit III, India",Yes,5778,14558.87,393.55,,,,,,,,,,,,,,,,,,,,,,,,,,
82590,102-BI-T30,FPQ-12065,SO-45160,DN-3235,Burundi,PMO - US,From RDC,N/A - From RDC,Air,4/22/13,N/A - From RDC,6-Aug-13,23-Aug-13,23-Aug-13,ARV,Adult,SCMS from RDC,"Efavirenz 600mg, tablets, 30 Tabs",Efavirenz,Generic,600mg,Tablet,30.0,4032.0,13426.56,3.33,0.11,"Aurobindo Unit III, India",Yes,336,4385.44,16.61,,,,,,,,,,,,,,,,,,,,,,,,,,
84442,,FPQ-14843,,,Mozambique,,,,,,N/A - From RDC,,,,,,SCMS from RDC,,Efavirenz/Lamivudine/Tenofovir Disoproxil Fumarate,Generic,600/300/300mg,,,,,,,,,,,,111-MZ-T30,SO-49710,DN-4096,PMO - US,From RDC,N/A - From RDC,Truck,8/21/2014,28-Feb-15,13-Mar-15,17-Mar-15,ARV,Adult,"Efavirenz/Lamivudine/Tenofovir Disoproxil Fumarate 600/300/300mg, tablets, 30 Tabs",Tablet - FDC,30.0,438409.0,4278871.84,9.76,0.33,"Aurobindo Unit VII, IN",No,See DN-4096 (ID#:83304),See DN-4096 (ID#:83304),4398.68,
86074,,,,,Mozambique,,,,,,N/A - From RDC,,,,,,SCMS from RDC,,Tenofovir Disoproxil Fumarate,Generic,300mg,,,,,,,,,,,,111-MZ-T30,SO-47052,DN-3645,PMO - US,From RDC,N/A - From RDC,Truck,10/21/2013,30-Jun-14,26-May-14,11-Jun-14,ARV,Adult,"Tenofovir Disoproxil Fumarate 300mg, tablets, 30 Tabs",Tablet,30.0,560.0,2116.8,3.78,0.13,Hetero Unit III Hyderabad IN,Yes,40,4100,2.18,FPQ-13124
11508,104-CI-T01,Pre-PQ Process,SO-1144,DN-538,Côte d'Ivoire,PMO - US,From RDC,N/A - From RDC,Air,Pre-PQ Process,N/A - From RDC,28-Dec-07,28-Dec-07,28-Dec-07,ARV,Pediatric,SCMS from RDC,"Nevirapine 10mg/ml, oral suspension, Bottle, 240 ml",Nevirapine,Generic,10mg/ml,Oral suspension,240.0,475.0,912.0,1.92,0.01,"Aurobindo Unit III, India",Yes,170,1301,1.46,,,,,,,,,,,,,,,,,,,,,,,,,,
65688,,,,,Guyana,,,,,,7/26/2012,,,,,,"CHEMBIO DIAGNOSTIC SYSTEMS, INC.",,"HIV 1/2, Stat-Pak HIV, Kit",Stat-Pak,,,,,,,,,,,,,105-GY-T30,SCMS-153860,ASN-16350,PMO - US,Direct Drop,EXW,Air,7/5/2012,18-Sep-12,18-Sep-12,18-Sep-12,HRDT,HIV test,"HIV 1/2, Stat-Pak HIV, Kit, 20 Tests",Test kit,20.0,19.0,551.0,29.0,1.45,Chembio Diagnostics Sys. Inc.,Yes,5,296.52,0.77,FPQ-10249
11354,,Pre-PQ Process,,,Nigeria,,,,,,N/A - From RDC,,,,,,SCMS from RDC,,Emtricitabine/Tenofovir Disoproxil Fumarate,Generic,200/300mg,,,,,,,,,,,,151-NG-T01,SO-27822,DN-1441,PMO - US,From RDC,N/A - From RDC,Air Charter,Date Not Captured,20-Oct-09,20-Oct-09,20-Oct-09,ARV,Adult,"Emtricitabine/Tenofovir Disoproxil Fumarate 200/300mg, tablets, 30 Tabs",Tablet - FDC,30.0,25000.0,293750.0,11.75,0.39,Mylan (formerly Matrix) Nashik,Yes,2023,9341.49,575.75,
83715,109-TZ-T30,FPQ-10551,SO-43141,DN-3308,Tanzania,PMO - US,From RDC,N/A - From RDC,Truck,8/31/12,N/A - From RDC,15-Oct-13,18-Sep-13,18-Sep-13,ARV,Pediatric,SCMS from RDC,"Nevirapine 10mg/ml, oral suspension w/syringe, Bottle, 240 ml",Nevirapine,Generic,10mg/ml,Oral suspension,240.0,2191.0,4272.45,1.95,0.01,"Aurobindo Unit III, India",Yes,823,3524,5.99,,,,,,,,,,,,,,,,,,,,,,,,,,
22620,,FPQ-14728,,,Namibia,,,,,,8/14/2014,,,,,,HETERO LABS LIMITED,,Lamivudine/Tenofovir Disoproxil Fumarate,Generic,300/300mg,,,,,,,,,,,,901-NA-T30,SCMS-252640,ASN-28481,PMO - US,Direct Drop,EXW,Air,7/30/2014,22-Oct-14,22-Oct-14,22-Oct-14,ARV,Adult,"Lamivudine/Tenofovir Disoproxil Fumarate 300/300mg, tablets, 30 Tabs",Tablet - FDC,30.0,24096.0,111323.52,4.62,0.15,Hetero Unit III Hyderabad IN,Yes,2630,12463.74,114.44,
83893,102-ZW-T30,FPQ-15196,SO-50000,DN-4156,Zimbabwe,PMO - US,From RDC,N/A - From RDC,Truck,10/16/14,N/A - From RDC,30-Apr-15,17-Mar-15,18-Mar-15,ARV,Adult,SCMS from RDC,"Efavirenz/Lamivudine/Tenofovir Disoproxil Fumarate 600/300/300mg, tablets, 30 Tabs",Efavirenz/Lamivudine/Tenofovir Disoproxil Fumarate,Generic,600/300/300mg,Tablet - FDC,30.0,81589.0,783254.4,9.6,0.32,"Aurobindo Unit VII, IN",Yes,21668,23559.93,921.89,,,,,,,,,,,,,,,,,,,,,,,,,,
69900,104-CI-T30,FPQ-11294,SCMS-173131,ASN-19635,Côte d'Ivoire,PMO - US,Direct Drop,EXW,Air,12/14/12,1/15/13,4-Jun-13,4-Jun-13,4-Jun-13,HRDT,HIV test,"Orgenics, Ltd","HIV 1/2, Determine Complete HIV Kit, 100 Tests","HIV 1/2, Determine Complete HIV Kit",Determine,,Test kit,100.0,2954.0,236320.0,80.0,0.8,"Alere Medical Co., Ltd.",Yes,1284,125.42,292.33,,,,,,,,,,,,,,,,,,,,,,,,,,
83728,,,,,Nigeria,,,,,,N/A - From RDC,,,,,,SCMS from RDC,,Lamivudine/Nevirapine/Zidovudine,Generic,150/300/200mg,,,,,,,,,,,,151-NG-T30,SO-44932,DN-3366,PMO - US,From RDC,N/A - From RDC,Air Charter,3/14/2013,31-Oct-13,14-Oct-13,24-Oct-13,ARV,Adult,"Lamivudine/Nevirapine/Zidovudine 150/200/300mg, tablets, 60 Tabs",Tablet - FDC,60.0,75000.0,643500.0,8.58,0.14,Hetero Unit III Hyderabad IN,No,See DN-3366 (ID#:82612),See DN-3366 (ID#:82612),796.01,FPQ-11864
65478,104-CI-T30,FPQ-13125,SCMS-215030,ASN-24094,Côte d'Ivoire,PMO - US,Direct Drop,EXW,Air,10/25/13,11/21/13,11-Feb-14,11-Feb-14,11-Feb-14,HRDT,HIV test,"Standard Diagnostics, Inc.","HIV 1/2, Bioline 3.0 Kit, Lancets, Capillary pipets, Alcohol swabs included, 25 Tests","HIV 1/2, Bioline 3.0 Kit, Lancets, Capillary pipets, Alcohol swabs included",Bioline,,Test kit,25.0,3700.0,75850.0,20.5,0.82,"Standard Diagnostics, Korea",Yes,1281,13222.33,77.97,,,,,,,,,,,,,,,,,,,,,,,,,,
12504,109-TZ-T01,Pre-PQ Process,SO-2001,DN-757,Tanzania,PMO - US,From RDC,N/A - From RDC,Air,Pre-PQ Process,N/A - From RDC,30-Jun-08,30-Jun-08,30-Jun-08,ARV,Adult,SCMS from RDC,"Lamivudine/Zidovudine 150/300mg, tablets, 60 Tabs",Lamivudine/Zidovudine,Generic,150/300mg,Tablet - FDC,60.0,6722.0,63859.0,9.5,0.16,"Aurobindo Unit III, India",Yes,634,1108.08,102.17,,,,,,,,,,,,,,,,,,,,,,,,,,
36530,,FPQ-10994,,,Tanzania,,,,,,12/12/2012,,,,,,"Trinity Biotech, Plc",,"HIV 1/2, Uni-Gold HIV Kit",Uni-Gold,,,,,,,,,,,,,109-TZ-T30,SCMS-169320,ASN-18202,PMO - US,Direct Drop,EXW,Air,11/13/2012,28-Feb-13,28-Feb-13,28-Feb-13,HRDT,HIV test,"HIV 1/2, Uni-Gold HIV Kit, 20 Tests",Test kit,20.0,8460.0,270720.0,32.0,1.6,"Trinity Biotech, Plc",Yes,2770,26281.49,334.88,
85427,,,,,Tanzania,,,,,,N/A - From RDC,,,,,,SCMS from RDC,,Efavirenz/Lamivudine/Tenofovir Disoproxil Fumarate,Generic,600/300/300mg,,,,,,,,,,,,109-TZ-T30,SO-45741,DN-3454,PMO - US,From RDC,N/A - From RDC,Truck,5/16/2013,31-Jan-14,20-Jan-14,29-Jan-14,ARV,Adult,"Efavirenz/Lamivudine/Tenofovir Disoproxil Fumarate 600/300/300mg, tablets, 30 Tabs",Tablet - FDC,30.0,5531.0,61670.65,11.15,0.37,Hetero Unit III Hyderabad IN,No,See DN-3454 (ID#:83194),See DN-3454 (ID#:83194),76.29,FPQ-12354
52465,,FPQ-12309,,,Uganda,,,,,,6/14/2013,,,,,,MYLAN LABORATORIES LTD (FORMERLY MATRIX LABORATORIES),,Lamivudine/Nevirapine/Zidovudine,Generic,150/300/200mg,,,,,,,,,,,,114-UG-T30,SCMS-192030,ASN-20922,PMO - US,Direct Drop,EXW,Air,5/17/2013,16-Aug-13,16-Aug-13,16-Aug-13,ARV,Adult,"Lamivudine/Nevirapine/Zidovudine 150/200/300mg, tablets, 60 Tabs",Tablet - FDC,60.0,60678.0,491491.8,8.1,0.13,Mylan (formerly Matrix) Nashik,Yes,8402,28304.85,607.98,
84643,,FPQ-6901,,,Uganda,,,,,,N/A - From RDC,,,,,,SCMS from RDC,,Efavirenz/Emtricitabine/Tenofovir Disoproxil Fumarate,Generic,600/200/300mg,,,,,,,,,,,,114-UG-T30,SO-39320,DN-2190,PMO - US,From RDC,N/A - From RDC,Truck,12/22/2010,20-Apr-11,3-May-11,3-May-11,ARV,Adult,"Efavirenz/Emtricitabine/Tenofovir Disoproxil Fumarate 600/200/300mg, tablets, 30 Tabs",Tablet - FDC,30.0,6600.0,131472.0,19.92,0.66,Mylan (formerly Matrix) Nashik,Yes,720,4647.66,216.93,
85447,,FPQ-13609,,,Ghana,,,,,,N/A - From RDC,,,,,,SCMS from RDC,,Efavirenz/Lamivudine/Tenofovir Disoproxil Fumarate,Generic,600/300/300mg,,,,,,,,,,,,105-GH-T30,SO-47940,DN-3576,PMO - US,From RDC,N/A - From RDC,Truck,2/19/2014,20-Mar-14,14-Mar-14,25-Apr-14,ARV,Adult,"Efavirenz/Lamivudine/Tenofovir Disoproxil Fumarate 600/300/300mg, tablets, 30 Tabs",Tablet - FDC,30.0,47158.0,512607.46,10.87,0.36,Mylan (formerly Matrix) Nashik,No,See DN-3576 (ID#:83216),See DN-3576 (ID#:83216),526.96,
84603,,,,,Zambia,,,,,,N/A - From RDC,,,,,,SCMS from RDC,,Lamivudine/Nevirapine/Stavudine,Generic,150/200/30mg,,,,,,,,,,,,110-ZM-T30,SO-37320,DN-2054,PMO - US,From RDC,N/A - From RDC,Truck,8/20/2010,31-Dec-10,25-Nov-10,25-Nov-10,ARV,Adult,"Lamivudine/Nevirapine/Stavudine 150/200/30mg, tablets, 60 Tabs",Tablet - FDC,60.0,3653.0,19835.79,5.43,0.09,"Cipla, Goa, India",No,See DN-2054 (ID#:83465),See DN-2054 (ID#:83465),42.77,FPQ-6221
6438,116-ZA-T01,Pre-PQ Process,SCMS-47500,ASN-4332,South Africa,PMO - US,Direct Drop,DDP,Truck,Pre-PQ Process,4/2/09,15-May-09,23-Apr-09,23-Apr-09,ARV,Pediatric,S. BUYS WHOLESALER,"Stavudine 1mg/ml, powder for oral solution, 200 ml",Stavudine,Generic,1mg/ml,Oral solution,200.0,400.0,832.0,2.08,0.01,"Aurobindo Unit III, India",No,See ASN-4332 (ID#:1115),See ASN-4332 (ID#:1115),1.63,,,,,,,,,,,,,,,,,,,,,,,,,,
86440,101-CD-T30,FPQ-8840,SO-41133,DN-2495,"Congo, DRC",PMO - US,From RDC,N/A - From RDC,Air,11/21/11,N/A - From RDC,16-Mar-12,14-Feb-12,14-Feb-12,ARV,Adult,SCMS from RDC,"Nevirapine 200mg, tablets, 60 Tabs",Nevirapine,Generic,200mg,Tablet,60.0,18.0,46.44,2.58,0.04,"Strides, Bangalore, India.",No,See DN-2495 (ID#:83555),See DN-2495 (ID#:83555),0.07,,,,,,,,,,,,,,,,,,,,,,,,,,
13926,,,,,South Africa,,,,,,3/19/2010,,,,,,CIPLA LIMITED,,Tenofovir Disoproxil Fumarate,Generic,300mg,,,,,,,,,,,,161-ZA-T30,SCMS-68750,ASN-8885,PMO - US,Direct Drop,DDP,Air,3/18/2010,13-Oct-10,25-Jan-11,25-Jan-11,ARV,Adult,"Tenofovir Disoproxil Fumarate 300mg, tablets, 30 Tabs",Tablet,30.0,19992.0,156337.44,7.82,0.26,"Cipla, Goa, India",Yes,1378,3646.1,337.06,FPQ-5303
25477,,FPQ-7268,,,Uganda,,,,,,3/25/2011,,,,,,MERCK SHARP & DOHME IDEA GMBH (FORMALLY MERCK SHARP & DOHME B.V.),,Raltegravir,Isentress,400mg,,,,,,,,,,,,114-UG-T30,SCMS-104110,ASN-12478,PMO - US,Direct Drop,CIP,Air,3/11/2011,19-Oct-11,19-Oct-11,19-Oct-11,ARV,Adult,"Raltegravir 400mg [Isentress], tablets, 60 Tabs",Tablet,60.0,274.0,25071.0,91.5,1.52,"MSD, Haarlem, NL",Yes,28,501,41.37,
82585,,,,,Nigeria,,,,,,N/A - From RDC,,,,,,SCMS from RDC,,Efavirenz,Generic,600mg,,,,,,,,,,,,151-NG-T30,SO-45205,DN-3205,PMO - US,From RDC,N/A - From RDC,Air Charter,11/15/2012,4-Jun-13,29-May-13,29-May-13,ARV,Adult,"Efavirenz 600mg, tablets, 30 Tabs",Tablet,30.0,13481.0,44891.73,3.33,0.11,"Aurobindo Unit III, India",Yes,1296,20761,55.53,FPQ-11022
62169,,,,,Zambia,,,,,,6/16/2015,,,,,,"Trinity Biotech, Plc",,"HIV 1/2, Uni-Gold HIV Kit",Uni-Gold,,,,,,,,,,,,,A01-ZM-T50,SCMS-291880,ASN-33317,PMO - US,Direct Drop,EXW,Air,4/23/2015,31-Jul-15,31-Jul-15,2-Aug-15,HRDT,HIV test,"HIV 1/2, Uni-Gold HIV Kit, 20 Tests",Test kit,20.0,585.0,18720.0,32.0,1.6,"Trinity Biotech, Plc",Yes,Weight Captured Separately,Invoiced Separately,22.03,FPQ-16227
40205,,FPQ-15569,,,South Sudan,,,,,,2/20/2015,,,,,,"Trinity Biotech, Plc",,"HIV 1/2, Uni-Gold HIV Kit",Uni-Gold,,,,,,,,,,,,,105-SS-T30,SCMS-272140,ASN-31129,PMO - US,Direct Drop,EXW,Air,12/29/2014,8-May-15,8-May-15,11-May-15,HRDT,HIV test,"HIV 1/2, Uni-Gold HIV Kit, 20 Tests",Test kit,20.0,35.0,1120.0,32.0,1.6,"Trinity Biotech, Plc",Yes,191,2796.58,1.32,
64558,,,,,Uganda,,,,,,9/10/2013,,,,,,CIPLA LIMITED,,Lamivudine/Nevirapine/Zidovudine,Generic,150/300/200mg,,,,,,,,,,,,114-UG-T30,SCMS-198541,ASN-22493,PMO - US,Direct Drop,EXW,Air,7/8/2013,16-Nov-13,16-Nov-13,21-Nov-13,ARV,Adult,"Lamivudine/Nevirapine/Zidovudine 150/200/300mg, tablets, 60 Tabs",Tablet - FDC,60.0,39449.0,319536.9,8.1,0.13,"Cipla, Goa, India",Yes,5714,20416.03,395.27,FPQ-12477
49494,,FPQ-13976,,,Vietnam,,,,,,4/30/2014,,,,,,HETERO LABS LIMITED,,Efavirenz/Lamivudine/Tenofovir Disoproxil Fumarate,Generic,600/300/300mg,,,,,,,,,,,,108-VN-T30,SCMS-236120,ASN-27809,PMO - US,Direct Drop,EXW,Air,4/8/2014,16-Sep-14,16-Sep-14,1-Oct-14,ARV,Adult,"Efavirenz/Lamivudine/Tenofovir Disoproxil Fumarate 600/300/300mg, tablets, 30 Tabs",Tablet - FDC,30.0,3096.0,32508.0,10.5,0.35,Hetero Unit III Hyderabad IN,No,See ASN-27809 (ID#:13106),See ASN-27809 (ID#:13106),33.42,
83371,,,,,Nigeria,,,,,,N/A - From RDC,,,,,,SCMS from RDC,,Efavirenz,Generic,600mg,,,,,,,,,,,,154-NG-T30,SO-32272,DN-1360,PMO - US,From RDC,N/A - From RDC,Air Charter,5/26/2009,31-Aug-09,4-Aug-09,4-Aug-09,ARV,Adult,"Efavirenz 600mg, tablets, 30 Tabs",Tablet,30.0,277.0,1897.45,6.85,0.23,"Aurobindo Unit III, India",Yes,54,7445.8,3.72,FPQ-3815
12670,104-CI-T01,Pre-PQ Process,SO-774,DN-242,Côte d'Ivoire,PMO - US,From RDC,N/A - From RDC,Air,Pre-PQ Process,N/A - From RDC,21-Aug-07,21-Aug-07,21-Aug-07,ARV,Adult,SCMS from RDC,"Abacavir 300mg, tablets, 60 Tabs",Abacavir,Generic,300mg,Tablet,60.0,3200.0,114560.0,35.8,0.6,"Aurobindo Unit III, India",No,See DN-242 (ID#:12077),See DN-242 (ID#:12077),183.3,,,,,,,,,,,,,,,,,,,,,,,,,,
11372,112-NG-T01,Pre-PQ Process,SO-341,DN-93,Nigeria,PMO - US,From RDC,N/A - From RDC,,Pre-PQ Process,N/A - From RDC,17-Apr-07,17-Apr-07,17-Apr-07,ARV,Adult,SCMS from RDC,"Lamivudine/Zidovudine+Nevirapine 150/300+200mg, tablets, co-blister, 60+60 Tabs",Lamivudine/Zidovudine+Nevirapine,Generic,150/300+200mg,Tablet - FDC + co-blister,120.0,2703.0,55411.5,20.5,0.17,"Aspen-OSD, Port Elizabeth, SA",No,See DN-93 (ID#:10546),See DN-93 (ID#:10546),,,,,,,,,,,,,,,,,,,,,,,,,,,
55764,,,,,Namibia,,,,,,1/8/2010,,,,,,"Trinity Biotech, Plc",,"HIV 1/2, Uni-Gold HIV Kit",Uni-Gold,,,,,,,,,,,,,119-NA-T30,SCMS-62730,ASN-6358,PMO - US,Direct Drop,EXW,Air,1/7/2010,29-Apr-10,29-Apr-10,29-Apr-10,HRDT,HIV test,"HIV 1/2, Uni-Gold HIV Kit, 20 Tests",Test kit,20.0,2000.0,64000.0,32.0,1.6,"Trinity Biotech, Plc",Yes,687,17918.72,137.98,FPQ-4857
11483,,Pre-PQ Process,,,Côte d'Ivoire,,,,,,N/A - From RDC,,,,,,SCMS from RDC,,Efavirenz,Stocrin/Sustiva,30mg/ml,,,,,,,,,,,,104-CI-T01,SO-1101,DN-434,PMO - US,From RDC,N/A - From RDC,Air,Pre-PQ Process,22-Nov-07,22-Nov-07,22-Nov-07,ARV,Pediatric,"Efavirenz 30mg/ml [Stocrin/Sustiva], oral solution, Bottle, 180 ml",Oral solution,180.0,3027.0,28756.5,9.5,0.05,"MSD, Haarlem, NL",Yes,9248,25563,46.01,
39509,116-ZA-T30,FPQ-12522,SCMS-199280,ASN-24433,South Africa,PMO - US,Direct Drop,DDP,Truck,7/11/13,8/13/13,7-Feb-14,7-Feb-14,7-Feb-14,ARV,Adult,S. BUYS WHOLESALER,"Didanosine 400mg, delayed-release capsules, 30 Caps",Didanosine,Generic,400mg,Delayed-release capsules,30.0,10.0,217.06,21.71,0.72,"Aurobindo Unit III, India",No,Weight Captured Separately,Freight Included in Commodity Cost,0.27,,,,,,,,,,,,,,,,,,,,,,,,,,
1820,106-HT-T01,Pre-PQ Process,SCMS-23980,ASN-2640,Haiti,PMO - US,Direct Drop,EXW,Air,Pre-PQ Process,5/23/08,27-Oct-08,27-Oct-08,27-Oct-08,HRDT,HIV test,"Orgenics, Ltd","HIV 1/2, Determine HIV Kit, without Lancets, 100 Tests","HIV 1/2, Determine HIV Kit, without Lancets",Determine,,Test kit,100.0,1123.0,78610.0,70.0,0.7,Inverness Japan,Yes,257,2851.72,154.08,,,,,,,,,,,,,,,,,,,,,,,,,,
85258,,,,,Dominican Republic,,,,,,N/A - From RDC,,,,,,SCMS from RDC,,Abacavir/Lamivudine,Generic,600/300mg,,,,,,,,,,,,102-DO-T30,SO-41870,DN-2639,PMO - US,From RDC,N/A - From RDC,Air,4/9/2012,21-May-12,16-May-12,16-May-12,ARV,Adult,"Abacavir/Lamivudine 600/300mg, scored tablets, 30 Tabs",Tablet - FDC,30.0,330.0,7425.0,22.5,0.75,Mylan (formerly Matrix) Nashik,No,See DN-2639 (ID#:83588),See DN-2639 (ID#:83588),10.41,FPQ-9676
11261,130-NG-T01,Pre-PQ Process,SO-2501,DN-730,Nigeria,PMO - US,From RDC,N/A - From RDC,Air,Pre-PQ Process,N/A - From RDC,26-May-08,26-May-08,26-May-08,ARV,Adult,SCMS from RDC,"Lamivudine/Stavudine 150/30mg, tablets, 30 Tabs",Lamivudine/Stavudine,Generic,150/30mg,Tablet - FDC,30.0,1566.0,3132.0,2.0,0.07,"Cipla, Goa, India",No,See DN-730 (ID#:11260),See DN-730 (ID#:11260),5.01,,,,,,,,,,,,,,,,,,,,,,,,,,
45197,116-ZA-T30,FPQ-14942,SCMS-259079,ASN-33851,South Africa,PMO - US,Direct Drop,DDP,Truck,9/11/14,10/9/14,24-Aug-15,24-Aug-15,24-Aug-15,ARV,Adult,PHARMACY DIRECT,"Lamivudine/Zidovudine 150/300mg, tablets, 60 Tabs",Lamivudine/Zidovudine,Generic,150/300mg,Tablet - FDC,60.0,27.0,620.91,23.0,0.38,"Aurobindo Unit III, India",No,Weight Captured Separately,Freight Included in Commodity Cost,0.64,,,,,,,,,,,,,,,,,,,,,,,,,,
82756,,,,,Côte d'Ivoire,,,,,,N/A - From RDC,,,,,,SCMS from RDC,,Zidovudine,Generic,10mg/ml,,,,,,,,,,,,104-CI-T30,SO-47912,DN-4024,PMO - US,From RDC,N/A - From RDC,Truck,1/29/2014,30-Jan-15,11-Feb-15,16-Feb-15,ARV,Pediatric,"Zidovudine 10mg/ml, oral solution w/syringe, Bottle, 240 ml",Oral solution,240.0,4000.0,7960.0,1.99,0.01,"Aurobindo Unit III, India",Yes,10413,39599.1,8.18,FPQ-13628
7469,117-ET-T01,Pre-PQ Process,SCMS-32640,ASN-2934,Ethiopia,PMO - US,Direct Drop,EXW,Air,Pre-PQ Process,10/27/08,3-Dec-08,1-Dec-08,1-Dec-08,HRDT,HIV test,"SHANGHAI KEHUA BIOENGINEERING CO.,LTD.  (KHB)","HIV 1/2, SKB Colloidal Gold, Diagnostic Kit, Antibody, 50 Tests","HIV 1/2, Colloidal Gold, Diagnostic Kit, Antibody",Colloidal Gold,,Test kit,1.0,3510.0,80730.0,23.0,23.0,"KHB Test Kit Facility, Shanghai China",Yes,2535,23035.69,158.23,,,,,,,,,,,,,,,,,,,,,,,,,,
70912,,,,,Rwanda,,,,,,4/3/2014,,,,,,"SHANGHAI KEHUA BIOENGINEERING CO.,LTD.  (KHB)",,"HIV 1/2, Colloidal Gold, Diagnostic Kit, Antibody",Colloidal Gold,,,,,,,,,,,,,107-RW-T30,SCMS-232310,ASN-25542,PMO - US,Direct Drop,EXW,Air,3/12/2014,28-Apr-14,28-Apr-14,28-Apr-14,HRDT,HIV test,"HIV 1/2, SKB Colloidal Gold, Diagnostic Kit, Antibody, 50 Tests",Test kit,1.0,5994.0,146853.0,24.5,24.5,"KHB Test Kit Facility, Shanghai China",Yes,3996,53062.21,150.96,FPQ-13874
85666,,FPQ-4537,,,Nigeria,,,,,,N/A - From RDC,,,,,,SCMS from RDC,,Lamivudine/Nevirapine/Zidovudine,Generic,150/300/200mg,,,,,,,,,,,,151-NG-T30,SO-35066,DN-1726,PMO - US,From RDC,N/A - From RDC,Air Charter,11/6/2009,19-Apr-10,31-Mar-10,31-Mar-10,ARV,Adult,"Lamivudine/Nevirapine/Zidovudine 150/200/300mg, tablets, 60 Tabs",Tablet - FDC,60.0,140000.0,1570800.0,11.22,0.19,"Aurobindo Unit III, India",Yes,16424,Freight Included in Commodity Cost,3386.64,
44630,,,,,Vietnam,,,,,,2/13/2013,,,,,,MYLAN LABORATORIES LTD (FORMERLY MATRIX LABORATORIES),,Efavirenz/Lamivudine/Tenofovir Disoproxil Fumarate,Generic,600/300/300mg,,,,,,,,,,,,108-VN-T30,SCMS-177630,ASN-20043,PMO - US,Direct Drop,EXW,Air,2/7/2013,13-Jul-13,13-Jul-13,13-Jul-13,ARV,Adult,"Efavirenz/Lamivudine/Tenofovir Disoproxil Fumarate 600/300/300mg, tablets, 30 Tabs",Tablet - FDC,30.0,30339.0,348595.11,11.49,0.38,Mylan (formerly Matrix) Nashik,Yes,3419,15006.27,431.21,FPQ-11560
399,,Pre-PQ Process,,,Guyana,,,,,,2/28/2008,,,,,,"Orgenics, Ltd",,"HIV, Lancet, Safety, for HIV Test kits, 100 Pcs",Generic,,,,,,,,,,,,,102-GY-T01,SCMS-18500,ASN-2117,PMO - US,Direct Drop,EXW,Air,Pre-PQ Process,28-Jul-08,28-Jul-08,28-Jul-08,HRDT,HIV test - Ancillary,"HIV, Lancet, Safety, for HIV Test kits, 100 Pcs",Test kit - Ancillary,100.0,213.0,2.13,0.01,0.0,Inverness Japan,Yes,14,360,0.0,
84014,,FPQ-5023,,,Nigeria,,,,,,N/A - From RDC,,,,,,SCMS from RDC,,Nevirapine,Generic,200mg,,,,,,,,,,,,151-NG-T30,SO-36462,DN-1895,PMO - US,From RDC,N/A - From RDC,Air,2/10/2010,15-Jul-10,28-Jun-10,28-Jun-10,ARV,Adult,"Nevirapine 200mg, tablets, 60 Tabs",Tablet,60.0,46678.0,127430.94,2.73,0.05,"Aurobindo Unit III, India",Yes,4490,Freight Included in Commodity Cost,274.74,
84346,,,,,Mozambique,,,,,,N/A - From RDC,,,,,,SCMS from RDC,,Efavirenz/Lamivudine/Tenofovir Disoproxil Fumarate,Generic,600/300/300mg,,,,,,,,,,,,111-MZ-T30,SO-47083,DN-3580,PMO - US,From RDC,N/A - From RDC,Truck,10/21/2013,15-Apr-14,14-Apr-14,17-Apr-14,ARV,Adult,"Efavirenz/Lamivudine/Tenofovir Disoproxil Fumarate 600/300/300mg, tablets, 30 Tabs",Tablet - FDC,30.0,4629.0,51613.35,11.15,0.37,"Aurobindo Unit VII, IN",No,See DN-3580 (ID#:83772),See DN-3580 (ID#:83772),53.06,FPQ-13123
1643,104-CI-T01,Pre-PQ Process,SCMS-18420,ASN-1469,Côte d'Ivoire,PMO - US,Direct Drop,EXW,Air,Pre-PQ Process,2/28/08,8-Apr-08,4-Apr-08,4-Apr-08,HRDT,HIV test - Ancillary,"Orgenics, Ltd","HIV, Lancet, Safety, for HIV Test kits, 100 Pcs","HIV, Lancet, Safety, for HIV Test kits, 100 Pcs",Generic,,Test kit - Ancillary,100.0,70.0,0.7,0.01,0.0,Inverness Japan,Yes,Weight Captured Separately,Invoiced Separately,0.0,,,,,,,,,,,,,,,,,,,,,,,,,,
72291,,,,,Rwanda,,,,,,8/18/2009,,,,,,HETERO LABS LIMITED,,Lamivudine,Generic,150mg,,,,,,,,,,,,107-RW-T30,SCMS-50820,ASN-7096,PMO - US,Direct Drop,CIP,Air,7/28/2009,13-Jun-10,13-Jun-10,13-Jun-10,ARV,Adult,"Lamivudine 150mg, tablets, 60 Tabs",Tablet,60.0,15750.0,40792.5,2.59,0.04,Hetero Unit III Hyderabad IN,Yes,986,4015.82,79.95,FPQ-4047
20280,123-NG-T30,FPQ-4066,SCMS-51270,ASN-5524,Nigeria,PMO - US,Direct Drop,FCA,Air,8/3/09,8/12/09,15-Dec-09,15-Dec-09,15-Dec-09,ARV,Adult,Hoffmann-La Roche ltd Basel,"Saquinavir 500mg [Invirase], tablets, 120 Tabs",Saquinavir,Invirase,500mg,Tablet,120.0,500.0,47667.85,95.34,0.79,Roche Basel,Yes,83,852.02,93.43,,,,,,,,,,,,,,,,,,,,,,,,,,
11210,,,,,Zambia,,,,,,N/A - From RDC,,,,,,SCMS from RDC,,Lopinavir/Ritonavir,Kaletra,80/20mg/ml,,,,,,,,,,,,110-ZM-T01,SO-1362,DN-494,PMO - US,From RDC,N/A - From RDC,,Pre-PQ Process,28-Dec-07,28-Dec-07,28-Dec-07,ARV,Pediatric,"Lopinavir/Ritonavir 80/20mg/ml [Kaletra], oral solution, cool, Bottle 5 x 60 ml",Oral solution,300.0,630.0,25893.0,41.1,0.14,ABBVIE (Abbott) Logis. UK,Yes,83,4522.03,41.43,Pre-PQ Process
37251,,,,,Sudan,,,,,,3/2/2011,,,,,,"Standard Diagnostics, Inc.",,"HIV 1/2, Bioline 3.0 Diluent, 25 Tests",Bioline,,,,,,,,,,,,,102-SD-T30,SCMS-100301,ASN-10451,PMO - US,Direct Drop,EXW,Air,2/5/2011,29-Apr-11,29-Apr-11,29-Apr-11,HRDT,HIV test - Ancillary,"HIV 1/2, Bioline 3.0 Diluent, 25 Tests, Bottle x 5 ml",Test kit - Ancillary,1.0,13.0,11.7,0.9,0.9,"Standard Diagnostics, Korea",Yes,1,137.5,0.02,FPQ-6991
61111,114-UG-T30,FPQ-13600,SCMS-225770,ASN-26847,Uganda,PMO - US,Direct Drop,EXW,Air,1/28/14,2/4/14,16-Jul-14,16-Jul-14,18-Jul-14,ARV,Adult,B&C GROUP S.A.,"Etravirine 100mg [Intelence], tablets, 120 Tabs",Etravirine,Intelence,100mg,Tablet,120.0,502.0,18072.0,36.0,0.3,"Janssen-Cilag, Latina, IT",Yes,119,923.18,18.58,,,,,,,,,,,,,,,,,,,,,,,,,,
24547,,FPQ-5495,,,Guyana,,,,,,6/21/2010,,,,,,"Orgenics, Ltd",,"HIV 1/2, Determine Complete HIV Kit",Determine,,,,,,,,,,,,,102-GY-T30,SCMS-71620,ASN-7512,PMO - US,Direct Drop,EXW,Air,4/15/2010,9-Aug-10,9-Aug-10,9-Aug-10,HRDT,HIV test,"HIV 1/2, Determine Complete HIV Kit, 100 Tests",Test kit,100.0,618.0,55620.0,90.0,0.9,Inverness Japan,Yes,304,6363.92,119.92,
7939,,,,,Haiti,,,,,,Date Not Captured,,,,,,REINBOLD EXPORT IMPORT,,"HIV 1/2, Determine Complete HIV Kit",Determine,,,,,,,,,,,,,106-HT-T01,SCMS-75,ASN-75,PMO - US,Direct Drop,DDP,Air,Pre-PQ Process,15-Sep-06,15-Sep-06,15-Sep-06,HRDT,HIV test,"HIV 1/2, Determine Complete HIV Kit, 100 Tests",Test kit,100.0,150.0,22500.0,150.0,1.5,ABBVIE (Abbott) Japan Co. Ltd.,Yes,Weight Captured Separately,Freight Included in Commodity Cost,,Pre-PQ Process
49076,108-VN-T30,FPQ-11418,SCMS-176270,ASN-19860,Vietnam,PMO - US,Direct Drop,EXW,Air,1/29/13,2/6/13,5-Jul-13,5-Jul-13,5-Jul-13,ARV,Adult,HETERO LABS LIMITED,"Lamivudine/Nevirapine/Zidovudine 150/200/300mg, tablets, 60 Tabs",Lamivudine/Nevirapine/Zidovudine,Generic,150/300/200mg,Tablet - FDC,60.0,39045.0,320559.45,8.21,0.14,Hetero Unit III Hyderabad IN,Yes,5092,7312.6,396.53,,,,,,,,,,,,,,,,,,,,,,,,,,
47587,,,,,Guyana,,,,,,8/14/2014,,,,,,"Orgenics, Ltd",,"HIV 1/2, Determine Complete HIV Kit",Determine,,,,,,,,,,,,,105-GY-T30,SCMS-252350,ASN-28008,PMO - US,Direct Drop,EXW,Air,7/28/2014,24-Sep-14,24-Sep-14,8-Oct-14,HRDT,HIV test,"HIV 1/2, Determine Complete HIV Kit, 100 Tests",Test kit,100.0,605.0,60500.0,100.0,1.0,"Alere Medical Co., Ltd.",Yes,Weight Captured Separately,Invoiced Separately,62.19,FPQ-14694
5895,,,,,Vietnam,,,,,,7/1/2008,,,,,,MYLAN LABORATORIES LTD (FORMERLY MATRIX LABORATORIES),,Tenofovir Disoproxil Fumarate,Generic,300mg,,,,,,,,,,,,108-VN-T01,SCMS-26370,ASN-2337,PMO - US,Direct Drop,EXW,Air,Pre-PQ Process,19-Sep-08,19-Sep-08,19-Sep-08,ARV,Adult,"Tenofovir Disoproxil Fumarate 300mg, tablets, 30 Tabs",Tablet,30.0,5040.0,62294.4,12.36,0.41,Mylan (formerly Matrix) Nashik,Yes,301,4883.46,99.67,Pre-PQ Process
11903,106-HT-T01,Pre-PQ Process,SO-12161,DN-892,Haiti,PMO - US,From RDC,N/A - From RDC,Air,Pre-PQ Process,N/A - From RDC,9-Sep-08,9-Sep-08,9-Sep-08,ARV,Pediatric,SCMS from RDC,"Zidovudine 10mg/ml, oral solution, Bottle, 240 ml",Zidovudine,Generic,10mg/ml,Oral solution,240.0,1440.0,3024.0,2.1,0.01,"Aurobindo Unit III, India",Yes,538,7100.67,4.84,,,,,,,,,,,,,,,,,,,,,,,,,,
11684,,,,,Nigeria,,,,,,N/A - From RDC,,,,,,SCMS from RDC,,Lamivudine/Nevirapine/Zidovudine,Generic,150/300/200mg,,,,,,,,,,,,151-NG-T01,SO-33335,DN-1436,PMO - US,From RDC,N/A - From RDC,Air Charter,Date Not Captured,20-Oct-09,20-Oct-09,20-Oct-09,ARV,Adult,"Lamivudine/Nevirapine/Zidovudine 150/200/300mg, tablets, 60 Tabs",Tablet - FDC,60.0,5060.0,57684.0,11.4,0.19,"Aurobindo Unit III, India",Yes,570,9341.49,113.06,Pre-PQ Process
67069,116-ZA-T30,FPQ-3560,SCMS-49660,ASN-5048,South Africa,PMO - US,Direct Drop,DDP,Truck,5/7/09,7/21/09,12-Aug-09,12-Aug-09,12-Aug-09,ARV,Adult,S. BUYS WHOLESALER,"Ritonavir 100mg [Norvir], capsules, cool, 84 Caps",Ritonavir,Norvir,100mg,Capsule,84.0,329.0,3345.72,10.17,0.12,ABBVIE (Abbott) Logis. UK,Yes,Weight Captured Separately,Freight Included in Commodity Cost,6.56,,,,,,,,,,,,,,,,,,,,,,,,,,
86293,,FPQ-4273,,,Zambia,,,,,,N/A - From RDC,,,,,,SCMS from RDC,,Efavirenz,Generic,600mg,,,,,,,,,,,,110-ZM-T30,SO-33720,DN-1775,PMO - US,From RDC,N/A - From RDC,Truck,9/17/2009,30-Apr-10,16-Apr-10,16-Apr-10,ARV,Adult,"Efavirenz 600mg, tablets, 30 Tabs",Tablet,30.0,115000.0,546250.0,4.75,0.16,Mylan (formerly Matrix) Nashik,No,See DN-1775 (ID#:84550),See DN-1775 (ID#:84550),1070.65,
8258,,Pre-PQ Process,,,South Africa,,,,,,1/4/2008,,,,,,"JSI R&T INSTITUTE, INC.",,Lopinavir/Ritonavir,Kaletra,133.3/33.3mg,,,,,,,,,,,,116-ZA-T01,SCMS-16600,ASN-1520,PMO - US,Direct Drop,DDP,,Pre-PQ Process,21-Jan-08,4-Jan-08,4-Jan-08,ARV,Adult,"Lopinavir/Ritonavir 133.3/33.3mg [Kaletra], capsules, cool, 2 x 90 Caps",Capsule,180.0,400.0,18460.0,46.15,0.26,ABBVIE (Abbott) Logis. UK,No,Weight Captured Separately,Freight Included in Commodity Cost,29.54,
43928,116-ZA-T30,FPQ-12522,SCMS-199283,ASN-27980,South Africa,PMO - US,Direct Drop,DDP,Truck,7/11/13,8/27/14,27-Aug-14,27-Aug-14,27-Aug-14,ARV,Adult,S. BUYS WHOLESALER,"Tenofovir Disoproxil Fumarate 300mg, tablets, 30 Tabs",Tenofovir Disoproxil Fumarate,Generic,300mg,Tablet,30.0,98.0,2214.85,22.6,0.75,"Aurobindo Unit III, India",No,Weight Captured Separately,Freight Included in Commodity Cost,2.74,,,,,,,,,,,,,,,,,,,,,,,,,,
84736,110-ZM-T30,FPQ-9081,SO-41282,DN-2748,Zambia,PMO - US,From RDC,N/A - From RDC,Truck,12/22/11,N/A - From RDC,31-Jul-12,30-Jul-12,30-Jul-12,ARV,Adult,SCMS from RDC,"Nevirapine 200mg, tablets, 60 Tabs",Nevirapine,Generic,200mg,Tablet,60.0,16947.0,41011.74,2.42,0.04,Mylan (formerly Matrix) Nashik,Yes,1956,8709,57.5,,,,,,,,,,,,,,,,,,,,,,,,,,
71536,108-VN-T30,FPQ-14516,SCMS-249050,ASN-29374,Vietnam,PMO - US,Direct Drop,EXW,Air,7/9/14,8/11/14,17-Dec-14,17-Dec-14,17-Dec-14,ARV,Adult,HETERO LABS LIMITED,"Efavirenz/Lamivudine/Tenofovir Disoproxil Fumarate 600/300/300mg, tablets, 30 Tabs",Efavirenz/Lamivudine/Tenofovir Disoproxil Fumarate,Generic,600/300/300mg,Tablet - FDC,30.0,20856.0,218988.0,10.5,0.35,Hetero Unit III Hyderabad IN,Yes,2959,4427.52,225.12,,,,,,,,,,,,,,,,,,,,,,,,,,
48821,,,,,Haiti,,,,,,5/1/2014,,,,,,CIPLA LIMITED,,Zidovudine,Generic,10mg/ml,,,,,,,,,,,,106-HT-T30,SCMS-233960,ASN-27422,PMO - US,Direct Drop,EXW,Air,3/20/2014,12-Sep-14,12-Sep-14,17-Sep-14,ARV,Pediatric,"Zidovudine 10mg/ml, oral solution, Bottle, 240 ml",Oral solution,240.0,936.0,1825.2,1.95,0.01,"Cipla, Goa, India",Yes,Weight Captured Separately,Invoiced Separately,1.88,FPQ-13797
18373,,,,,Vietnam,,,,,,10/4/2011,,,,,,Aurobindo Pharma Limited,,Efavirenz,Generic,600mg,,,,,,,,,,,,108-VN-T30,SCMS-123600,ASN-13410,PMO - US,Direct Drop,EXW,Air,9/21/2011,18-Feb-12,18-Feb-12,18-Feb-12,ARV,Adult,"Efavirenz 600mg, tablets, 30 Tabs",Tablet,30.0,3548.0,14369.4,4.05,0.13,"Aurobindo Unit III, India",No,See ASN-13410 (ID#:16901),See ASN-13410 (ID#:16901),23.71,FPQ-8428
84093,105-GY-T30,FPQ-7621,SO-39710,DN-2235,Guyana,PMO - US,From RDC,N/A - From RDC,Air,5/4/11,N/A - From RDC,13-Oct-11,24-Jun-11,24-Jun-11,ARV,Adult,SCMS from RDC,"Lamivudine 150mg, tablets, 60 Tabs",Lamivudine,Generic,150mg,Tablet,60.0,514.0,1197.62,2.33,0.04,"Aurobindo Unit III, India",Yes,25,1052.04,1.98,,,,,,,,,,,,,,,,,,,,,,,,,,
84417,,,,,Zambia,,,,,,N/A - From RDC,,,,,,SCMS from RDC,,Abacavir/Lamivudine,Generic,60/30mg,,,,,,,,,,,,110-ZM-T30,SO-47990,DN-3951,PMO - US,From RDC,N/A - From RDC,Truck,2/6/2014,31-Oct-14,2-Oct-14,22-Oct-14,ARV,Pediatric,"Abacavir/Lamivudine 60/30mg, tablets, 60 Tabs",Tablet - FDC,60.0,25000.0,100000.0,4.0,0.07,Mylan (formerly Matrix) Nashik,No,See DN-3951 (ID#:82735),See DN-3951 (ID#:82735),102.8,FPQ-13692
86432,,FPQ-8621,,,Guyana,,,,,,N/A - From RDC,,,,,,SCMS from RDC,,Zidovudine,Generic,10mg/ml,,,,,,,,,,,,105-GY-T30,SO-41020,DN-2482,PMO - US,From RDC,N/A - From RDC,Air,10/27/2011,27-Jan-12,18-Jan-12,18-Jan-12,ARV,Pediatric,"Zidovudine 10mg/ml, oral solution w/syringe, Bottle, 240 ml",Oral solution,240.0,369.0,774.9,2.1,0.01,"Aurobindo Unit III, India",Yes,103,2270.54,1.09,
84590,102-UG-T30,FPQ-6202,SO-37260,DN-1998,Uganda,PMO - US,From RDC,N/A - From RDC,Air,8/6/10,N/A - From RDC,30-Sep-10,23-Aug-10,23-Aug-10,ARV,Adult,SCMS from RDC,"Lamivudine/Zidovudine 150/300mg, tablets, 60 Tabs",Lamivudine/Zidovudine,Generic,150/300mg,Tablet - FDC,60.0,26991.0,230773.05,8.55,0.14,"Aurobindo Unit III, India",No,See DN-1998 (ID#:84589),See DN-1998 (ID#:84589),497.55,,,,,,,,,,,,,,,,,,,,,,,,,,
32026,,FPQ-7218,,,Nigeria,,,,,,4/4/2011,,,,,,ABBVIE LOGISTICS (FORMERLY ABBOTT LOGISTICS BV),,Ritonavir,Norvir,100mg,,,,,,,,,,,,151-NG-T30,SCMS-105110,ASN-10989,PMO - US,Direct Drop,FCA,Air,2/28/2011,14-Jun-11,14-Jun-11,14-Jun-11,ARV,Adult,"Ritonavir 100mg [Norvir], film coated tablets, 60 Tabs",Tablet,60.0,448.0,3068.8,6.85,0.11,ABBVIE Ludwigshafen Germany,Yes,68,1123.14,5.06,
1063,,,,,South Africa,,,,,,Date Not Captured,,,,,,S. BUYS WHOLESALER,,Efavirenz,Generic,600mg,,,,,,,,,,,,116-ZA-T01,SCMS-40810,ASN-3634,PMO - US,Direct Drop,DDP,Air,Pre-PQ Process,31-Mar-09,2-Dec-08,2-Dec-08,ARV,Adult,"Efavirenz 600mg, tablets, 30 Tabs",Tablet,30.0,3025.0,47522.75,15.71,0.52,"Aurobindo Unit III, India",Yes,Weight Captured Separately,Freight Included in Commodity Cost,93.14,Pre-PQ Process
82505,110-ZM-T30,FPQ-8476,SO-40956,DN-2832,Zambia,PMO - US,From RDC,N/A - From RDC,Truck,9/27/11,N/A - From RDC,17-Sep-12,7-Sep-12,7-Sep-12,ARV,Adult,SCMS from RDC,"Zidovudine 300mg, tablets, 60 Tabs",Zidovudine,Generic,300mg,Tablet,60.0,16258.0,109904.08,6.76,0.11,Mylan (formerly Matrix) Nashik,Yes,2321,7317.48,181.34,,,,,,,,,,,,,,,,,,,,,,,,,,
85840,,,,,Zambia,,,,,,N/A - From RDC,,,,,,SCMS from RDC,,Efavirenz,Generic,600mg,,,,,,,,,,,,110-ZM-T30,SO-41411,DN-2577,PMO - US,From RDC,N/A - From RDC,Truck,1/16/2012,8-May-12,27-Feb-12,27-Feb-12,ARV,Adult,"Efavirenz 600mg, tablets, 30 Tabs",Tablet,30.0,99714.0,410821.68,4.12,0.14,"Strides, Bangalore, India.",Yes,6005,5447.21,575.97,FPQ-9186
83306,,,,,Mozambique,,,,,,N/A - From RDC,,,,,,SCMS from RDC,,Lamivudine/Zidovudine,Generic,150/300mg,,,,,,,,,,,,111-MZ-T30,SO-48886,DN-4115,PMO - US,From RDC,N/A - From RDC,Truck,5/2/2014,16-Mar-15,30-Mar-15,30-Mar-15,ARV,Adult,"Lamivudine/Zidovudine 150/300mg, tablets, 60 Tabs",Tablet - FDC,60.0,71377.0,471088.2,6.6,0.11,Hetero Unit III Hyderabad IN,Yes,6842,8689.22,484.28,FPQ-14226
72836,,,,,Ghana,,,,,,5/23/2014,,,,,,Aurobindo Pharma Limited,,Lamivudine/Nevirapine/Zidovudine,Generic,150/300/200mg,,,,,,,,,,,,105-GH-T30,SCMS-237810,ASN-28672,PMO - US,Direct Drop,EXW,Air,4/12/2014,10-Nov-14,10-Nov-14,12-Nov-14,ARV,Adult,"Lamivudine/Nevirapine/Zidovudine 150/200/300mg, tablets, 60 Tabs",Tablet - FDC,60.0,29107.0,238677.4,8.2,0.14,"Aurobindo Unit III, India",Yes,3647,18545.17,245.36,FPQ-14052
83032,,,,,Zimbabwe,,,,,,N/A - From RDC,,,,,,SCMS from RDC,,Lamivudine/Tenofovir Disoproxil Fumarate,Generic,300/300mg,,,,,,,,,,,,113-ZW-T30,SO-40870,DN-2656,PMO - US,From RDC,N/A - From RDC,Truck,10/4/2011,12-Jun-12,25-May-12,25-May-12,ARV,Adult,"Lamivudine/Tenofovir Disoproxil Fumarate 300/300mg, tablets, 30 Tabs",Tablet - FDC,30.0,78082.0,432574.28,5.54,0.18,Mylan (formerly Matrix) Nashik,Yes,14314,15219.72,713.75,FPQ-8464
83850,103-ZW-T30,FPQ-13967,SO-49890,DN-3972,Zimbabwe,PMO - US,From RDC,N/A - From RDC,Truck,4/2/14,N/A - From RDC,14-Nov-14,30-Oct-14,7-Nov-14,ARV,Pediatric,SCMS from RDC,"Lamivudine/Nevirapine/Zidovudine 30/50/60mg, dispersible tablets, 60 Tabs",Lamivudine/Nevirapine/Zidovudine,Generic,30/50/60mg,Chewable/dispersible tablet - FDC,60.0,37963.0,136666.8,3.6,0.06,"Cipla, Goa, India",No,See DN-3972 (ID#:82740),See DN-3972 (ID#:82740),140.49,,,,,,,,,,,,,,,,,,,,,,,,,,
83093,,,,,Côte d'Ivoire,,,,,,N/A - From RDC,,,,,,SCMS from RDC,,Lopinavir/Ritonavir,Generic,200/50mg,,,,,,,,,,,,104-CI-T30,SO-42372,DN-2932,PMO - US,From RDC,N/A - From RDC,Truck,4/19/2012,15-Dec-12,26-Nov-12,26-Nov-12,ARV,Adult,"Lopinavir/Ritonavir 200/50mg, tablets, 120 Tabs",Tablet,120.0,17600.0,469920.0,26.7,0.22,Mylan (formerly Matrix) Nashik,No,See DN-2932 (ID#:83091),See DN-2932 (ID#:83091),658.83,FPQ-9749
42186,116-ZA-T30,FPQ-13973,SCMS-238550,ASN-30792,South Africa,PMO - US,Direct Drop,DDP,Truck,4/30/14,5/8/14,19-Feb-15,19-Feb-15,19-Feb-15,ARV,Pediatric,PHARMACY DIRECT,"Lamivudine 10mg/ml, oral solution, Bottle, 240 ml",Lamivudine,Generic,10mg/ml,Oral solution,240.0,3.0,21.46,7.15,0.03,"Aurobindo Unit III, India",No,Weight Captured Separately,Freight Included in Commodity Cost,0.02,,,,,,,,,,,,,,,,,,,,,,,,,,
30519,,,,,Nigeria,,,,,,10/16/2012,,,,,,"Trinity Biotech, Plc",,"HIV 1/2, Uni-Gold HIV Kit",Uni-Gold,,,,,,,,,,,,,133-NG-T30,SCMS-162430,ASN-17824,PMO - US,Direct Drop,EXW,Air,10/5/2012,1-Feb-13,1-Feb-13,1-Feb-13,HRDT,HIV test,"HIV 1/2, Uni-Gold HIV Kit, 20 Tests",Test kit,20.0,24510.0,784320.0,32.0,1.6,"Trinity Biotech, Plc",Yes,8273,94267.77,1099.62,FPQ-10765
63939,,FPQ-8209,,,Côte d'Ivoire,,,,,,10/5/2011,,,,,,"CHEMBIO DIAGNOSTIC SYSTEMS, INC.",,"HIV 1/2, Stat-Pak HIV, Kit",Stat-Pak,,,,,,,,,,,,,104-CI-T30,SCMS-124110,ASN-12707,PMO - US,Direct Drop,EXW,Air,8/11/2011,1-Dec-11,1-Dec-11,1-Dec-11,HRDT,HIV test,"HIV 1/2, Stat-Pak HIV, Kit, 20 Tests",Test kit,20.0,167.0,4843.0,29.0,1.45,Chembio Diagnostics Sys. Inc.,Yes,50,1128.74,7.99,
25141,,FPQ-14942,,,South Africa,,,,,,8/24/2015,,,,,,PHARMACY DIRECT,,Abacavir,Generic,20mg/ml,,,,,,,,,,,,116-ZA-T30,SCMS-295800,ASN-33865,PMO - US,Direct Drop,DDP,Truck,9/11/2014,24-Aug-15,24-Aug-15,24-Aug-15,ARV,Pediatric,"Abacavir 20mg/ml, oral solution, Bottle, 240 ml",Oral solution,240.0,17.0,322.98,19.0,0.08,"Aurobindo Unit III, India",No,Weight Captured Separately,Freight Included in Commodity Cost,0.33,
86482,,FPQ-8464,,,Zimbabwe,,,,,,N/A - From RDC,,,,,,SCMS from RDC,,Nevirapine,Generic,200mg,,,,,,,,,,,,113-ZW-T30,SO-40883,DN-2693,PMO - US,From RDC,N/A - From RDC,Truck,10/4/2011,14-Aug-12,27-Jun-12,27-Jun-12,ARV,Adult,"Nevirapine 200mg, tablets, 60 Tabs",Tablet,60.0,20000.0,48800.0,2.44,0.04,"Aurobindo Unit III, India",No,See DN-2693 (ID#:82481),See DN-2693 (ID#:82481),80.52,
85207,111-MZ-T30,FPQ-8157,SO-40340,DN-2407,Mozambique,PMO - US,From RDC,N/A - From RDC,Truck,8/4/11,N/A - From RDC,25-Jan-12,25-Jan-12,25-Jan-12,ARV,Adult,SCMS from RDC,"Lamivudine 150mg, tablets, 60 Tabs",Lamivudine,Generic,150mg,Tablet,60.0,1458.0,3397.14,2.33,0.04,Hetero Unit III Hyderabad IN,Yes,79,1078.61,5.61,,,,,,,,,,,,,,,,,,,,,,,,,,
75729,133-NG-T30,FPQ-7193,SCMS-103110,ASN-11268,Nigeria,PMO - US,Direct Drop,EXW,Air,2/16/11,3/30/11,7-Jul-11,7-Jul-11,7-Jul-11,HRDT,HIV test,"Orgenics, Ltd","HIV 1/2, Determine Complete HIV Kit, 100 Tests","HIV 1/2, Determine Complete HIV Kit",Determine,,Test kit,100.0,2891.0,257299.0,89.0,0.89,Inverness Japan,Yes,1378,31201.82,424.54,,,,,,,,,,,,,,,,,,,,,,,,,,
22616,,,,,South Africa,,,,,,9/30/2011,,,,,,Aurobindo Pharma Limited,,Efavirenz,Generic,600mg,,,,,,,,,,,,161-ZA-T30,SCMS-123590,ASN-13054,PMO - US,Direct Drop,DDP,Ocean,3/10/2011,16-Jan-12,16-Jan-12,16-Jan-12,ARV,Adult,"Efavirenz 600mg, tablets, 30 Tabs",Tablet,30.0,128620.0,547921.2,4.26,0.14,"Aurobindo Unit III, India",Yes,10643,7292.26,904.07,FPQ-7175
78946,113-ZW-T30,FPQ-13939,SCMS-234720,ASN-26120,Zimbabwe,PMO - US,Direct Drop,EXW,Air,4/1/14,5/8/14,14-Jun-14,14-Jun-14,16-Jun-14,ARV,Adult,Aurobindo Pharma Limited,"Lamivudine/Tenofovir Disoproxil Fumarate 300/300mg, tablets, 30 Tabs",Lamivudine/Tenofovir Disoproxil Fumarate,Generic,300/300mg,Tablet - FDC,30.0,24540.0,114111.0,4.65,0.16,"Aurobindo Unit VII, IN",Yes,2448,20407.95,117.31,,,,,,,,,,,,,,,,,,,,,,,,,,
63273,,,,,Tanzania,,,,,,10/4/2012,,,,,,"Orgenics, Ltd",,"HIV 1/2, Determine Complete HIV Kit",Determine,,,,,,,,,,,,,109-TZ-T30,SCMS-161830,ASN-17465,PMO - US,Direct Drop,EXW,Air,9/13/2012,31-Dec-12,31-Dec-12,31-Dec-12,HRDT,HIV test,"HIV 1/2, Determine Complete HIV Kit, 100 Tests",Test kit,100.0,2744.0,219520.0,80.0,0.8,"Alere Medical Co., Ltd.",Yes,1186,22067.21,307.77,FPQ-10619
84469,151-NG-T30,FPQ-14989,SO-49936,DN-4261,Nigeria,PMO - US,From RDC,N/A - From RDC,Air Charter,9/19/14,N/A - From RDC,30-Jun-15,29-Apr-15,29-Apr-15,ARV,Adult,SCMS from RDC,"Efavirenz/Lamivudine/Tenofovir Disoproxil Fumarate 600/300/300mg, tablets, 30 Tabs",Efavirenz/Lamivudine/Tenofovir Disoproxil Fumarate,Generic,600/300/300mg,Tablet - FDC,30.0,290000.0,2784000.0,9.6,0.32,Hetero Unit III Hyderabad IN,Yes,37449,69097.98,2861.95,,,,,,,,,,,,,,,,,,,,,,,,,,
11227,104-CI-T01,Pre-PQ Process,SO-793,DN-560,Côte d'Ivoire,PMO - US,From RDC,N/A - From RDC,,Pre-PQ Process,N/A - From RDC,21-Jan-08,21-Jan-08,21-Jan-08,HRDT,HIV test,SCMS from RDC,"#108853** HIV, Genie II HIV-1/HIV-2 Kit, 40 Tests","HIV, Genie II HIV-1/HIV-2 Kit",Genie,,Test kit,40.0,710.0,53960.0,76.0,1.9,Bio-Rad Laboratories,Yes,771,3256,86.34,,,,,,,,,,,,,,,,,,,,,,,,,,
84622,,,,,Côte d'Ivoire,,,,,,N/A - From RDC,,,,,,SCMS from RDC,,Tenofovir Disoproxil Fumarate,Generic,300mg,,,,,,,,,,,,104-CI-T30,SO-37720,DN-2122,PMO - US,From RDC,N/A - From RDC,Air,10/4/2010,31-Mar-11,15-Mar-11,15-Mar-11,ARV,Adult,"Tenofovir Disoproxil Fumarate 300mg, tablets, 30 Tabs",Tablet,30.0,2240.0,14716.8,6.57,0.22,Mylan (formerly Matrix) Nashik,Yes,6542,18611.93,31.73,FPQ-6495
82752,151-NG-T30,FPQ-14156,SO-48891,DN-3999,Nigeria,PMO - US,From RDC,N/A - From RDC,Air Charter,4/25/14,N/A - From RDC,30-Nov-14,30-Oct-14,3-Nov-14,ARV,Adult,SCMS from RDC,"Lamivudine/Nevirapine/Zidovudine 150/200/300mg, tablets, 60 Tabs",Lamivudine/Nevirapine/Zidovudine,Generic,150/300/200mg,Tablet - FDC,60.0,45307.0,367439.77,8.11,0.14,Mylan (formerly Matrix) Nashik,Yes,20329,49570,377.73,,,,,,,,,,,,,,,,,,,,,,,,,,
8258,,,,,South Africa,,,,,,1/4/2008,,,,,,"JSI R&T INSTITUTE, INC.",,Lopinavir/Ritonavir,Kaletra,133.3/33.3mg,,,,,,,,,,,,116-ZA-T01,SCMS-16600,ASN-1520,PMO - US,Direct Drop,DDP,,Pre-PQ Process,21-Jan-08,4-Jan-08,4-Jan-08,ARV,Adult,"Lopinavir/Ritonavir 133.3/33.3mg [Kaletra], capsules, cool, 2 x 90 Caps",Capsule,180.0,400.0,18460.0,46.15,0.26,ABBVIE (Abbott) Logis. UK,No,Weight Captured Separately,Freight Included in Commodity Cost,29.54,Pre-PQ Process
11875,,,,,Nigeria,,,,,,N/A - From RDC,,,,,,SCMS from RDC,,Lamivudine/Nevirapine/Stavudine,Generic,150/200/30mg,,,,,,,,,,,,112-NG-T01,SO-2726,DN-800,PMO - US,From RDC,N/A - From RDC,Air,Pre-PQ Process,19-Jun-08,19-Jun-08,19-Jun-08,ARV,Adult,"Lamivudine/Nevirapine/Stavudine 150/200/30mg, tablets, 60 Tabs",Tablet - FDC,60.0,9180.0,67932.0,7.4,0.12,"Cipla, Goa, India",No,See DN-800 (ID#:10953),See DN-800 (ID#:10953),108.69,Pre-PQ Process
84127,,FPQ-7053,,,Mozambique,,,,,,N/A - From RDC,,,,,,SCMS from RDC,,Nevirapine,Generic,10mg/ml,,,,,,,,,,,,111-MZ-T30,SO-38638,DN-2458,PMO - US,From RDC,N/A - From RDC,Truck,1/24/2011,31-Jan-12,25-Jan-12,25-Jan-12,ARV,Pediatric,"Nevirapine 10mg/ml, oral suspension w/syringe, Bottle, 240 ml",Oral suspension,240.0,8000.0,15600.0,1.95,0.01,"Aurobindo Unit III, India",Yes,2987,2779.53,25.74,
69505,,,,,South Africa,,,,,,8/29/2014,,,,,,S. BUYS WHOLESALER,,Lamivudine/Nevirapine/Stavudine,Generic,150/200/30mg,,,,,,,,,,,,116-ZA-T30,SCMS-199289,ASN-28033,PMO - US,Direct Drop,DDP,Truck,7/11/2013,29-Aug-14,29-Aug-14,29-Aug-14,ARV,Adult,"Lamivudine/Nevirapine/Stavudine 150/200/30mg, tablets, 60 Tabs",Tablet - FDC,60.0,19.0,574.65,30.24,0.5,"Cipla, Goa, India",No,Weight Captured Separately,Freight Included in Commodity Cost,0.71,FPQ-12522
62047,,,,,South Africa,,,,,,3/19/2010,,,,,,Aurobindo Pharma Limited,,Nevirapine,Generic,200mg,,,,,,,,,,,,161-ZA-T30,SCMS-68981,ASN-8464,PMO - US,Direct Drop,DDP,Air,3/18/2010,8-Dec-10,8-Dec-10,8-Dec-10,ARV,Adult,"Nevirapine 200mg, tablets, 60 Tabs",Tablet,60.0,16383.0,47838.36,2.92,0.05,"Aurobindo Unit III, India",Yes,1935,5159.33,103.14,FPQ-5303
83102,,,,,"Congo, DRC",,,,,,N/A - From RDC,,,,,,SCMS from RDC,,Efavirenz,Generic,600mg,,,,,,,,,,,,101-CD-T30,SO-43680,DN-2981,PMO - US,From RDC,N/A - From RDC,Air,11/16/2012,11-Sep-13,11-Sep-13,11-Sep-13,ARV,Adult,"Efavirenz 600mg, tablets, 30 Tabs",Tablet,30.0,568.0,2022.08,3.56,0.12,"Strides, Bangalore, India.",No,See DN-2981 (ID#:82538),See DN-2981 (ID#:82538),2.5,FPQ-11054
68662,901-CM-T30,FPQ-12837,SCMS-204300,ASN-21703,Cameroon,PMO - US,Direct Drop,EXW,Air,8/19/13,8/23/13,18-Oct-13,11-Oct-13,14-Oct-13,ARV,Adult,Aurobindo Pharma Limited,"Lamivudine/Nevirapine/Zidovudine 150/200/300mg, tablets, 60 Tabs",Lamivudine/Nevirapine/Zidovudine,Generic,150/300/200mg,Tablet - FDC,60.0,34910.0,283818.3,8.13,0.14,"Aurobindo Unit III, India",Yes,4426,37479.21,351.08,,,,,,,,,,,,,,,,,,,,,,,,,,
84852,,FPQ-12066,,,Zambia,,,,,,N/A - From RDC,,,,,,SCMS from RDC,,Lamivudine/Nevirapine/Zidovudine,Generic,30/50/60mg,,,,,,,,,,,,110-ZM-T30,SO-45071,DN-3317,PMO - US,From RDC,N/A - From RDC,Truck,4/19/2013,22-Oct-13,22-Oct-13,18-Nov-13,ARV,Pediatric,"Lamivudine/Nevirapine/Zidovudine 30/50/60mg, dispersible tablets, 60 Tabs",Chewable/dispersible tablet - FDC,60.0,14404.0,56031.56,3.89,0.06,"Strides, Bangalore, India.",No,See DN-3317 (ID#:84851),See DN-3317 (ID#:84851),69.31,
11537,,Pre-PQ Process,,,Haiti,,,,,,N/A - From RDC,,,,,,SCMS from RDC,,Didanosine,Generic,200mg,,,,,,,,,,,,106-HT-T01,SO-2047,DN-742,PMO - US,From RDC,N/A - From RDC,Air,Pre-PQ Process,2-Jun-08,2-Jun-08,2-Jun-08,ARV,Pediatric,"Didanosine 200mg, chewable/dispersible tablets, 60 Tabs",Chewable/dispersible tablet,60.0,98.0,1519.0,15.5,0.26,"Aurobindo Unit III, India",Yes,77,991.49,2.43,
46502,,FPQ-10811,,,Vietnam,,,,,,11/7/2012,,,,,,HETERO LABS LIMITED,,Lamivudine/Zidovudine,Generic,150/300mg,,,,,,,,,,,,108-VN-T30,SCMS-164680,ASN-18664,PMO - US,Direct Drop,EXW,Air,10/15/2012,2-Apr-13,2-Apr-13,2-Apr-13,ARV,Adult,"Lamivudine/Zidovudine 150/300mg, tablets, 60 Tabs",Tablet - FDC,60.0,24377.0,170639.0,7.0,0.12,Hetero Unit III Hyderabad IN,No,See ASN-18664 (ID#:19406),See ASN-18664 (ID#:19406),211.08,
86679,101-CD-T30,FPQ-13554,SO-47631,DN-3654,"Congo, DRC",PMO - US,From RDC,N/A - From RDC,Air,1/15/14,N/A - From RDC,15-Aug-14,15-Aug-14,5-Sep-14,ARV,Adult,SCMS from RDC,"Zidovudine 300mg, tablets, 60 Tabs",Zidovudine,Generic,300mg,Tablet,60.0,3000.0,16500.0,5.5,0.09,Mylan (formerly Matrix) Nashik,No,See DN-3654 (ID#:84361),See DN-3654 (ID#:84361),16.96,,,,,,,,,,,,,,,,,,,,,,,,,,
11472,110-ZM-T01,Pre-PQ Process,SO-1073,DN-371,Zambia,PMO - US,From RDC,N/A - From RDC,,Pre-PQ Process,N/A - From RDC,21-Sep-07,21-Sep-07,21-Sep-07,ARV,Pediatric,SCMS from RDC,"Stavudine 1mg/ml, powder for oral solution, 200 ml",Stavudine,Generic,1mg/ml,Oral solution,200.0,2950.0,4277.5,1.45,0.01,"Aurobindo Unit III, India",Yes,267,3094,6.84,,,,,,,,,,,,,,,,,,,,,,,,,,
9489,,,,,Vietnam,,,,,,11/21/2007,,,,,,SUN PHARMACEUTICAL INDUSTRIES LTD (RANBAXY LABORATORIES LIMITED),,Zidovudine,Generic,300mg,,,,,,,,,,,,108-VN-T01,SCMS-14201,ASN-1172,PMO - US,Direct Drop,EXW,Air,Pre-PQ Process,22-Jan-08,25-Jan-08,25-Jan-08,ARV,Adult,"Zidovudine 300mg, tablets, 60 Tabs",Tablet,60.0,600.0,5028.0,8.38,0.14,"Ranbaxy, Paonta Shahib, India",Yes,34,2127.22,8.04,Pre-PQ Process
83341,,FPQ-14989,,,Nigeria,,,,,,N/A - From RDC,,,,,,SCMS from RDC,,Lamivudine/Nevirapine/Zidovudine,Generic,30/50/60mg,,,,,,,,,,,,151-NG-T30,SO-51429,DN-4292,PMO - US,From RDC,N/A - From RDC,Air Charter,9/19/2014,30-Jun-15,2-Jun-15,17-Jun-15,ARV,Pediatric,"Lamivudine/Nevirapine/Zidovudine 30/50/60mg, dispersible tablets, 60 Tabs",Chewable/dispersible tablet - FDC,60.0,16495.0,59382.0,3.6,0.06,"Cipla, Goa, India",Yes,1636,5852.71,61.04,
41916,,FPQ-7175,,,South Africa,,,,,,3/24/2011,,,,,,Aurobindo Pharma Limited,,Efavirenz,Generic,600mg,,,,,,,,,,,,161-ZA-T30,SCMS-103510,ASN-11888,PMO - US,Direct Drop,DDP,Ocean,3/10/2011,10-Oct-11,10-Oct-11,10-Oct-11,ARV,Adult,"Efavirenz 600mg, tablets, 30 Tabs",Tablet,30.0,48866.0,220385.66,4.51,0.15,"Aurobindo Unit III, India",Yes,4154,9951.37,363.64,
116,,Pre-PQ Process,,,Vietnam,,,,,,7/4/2007,,,,,,ABBVIE LOGISTICS (FORMERLY ABBOTT LOGISTICS BV),,Lopinavir/Ritonavir,Aluvia,200/50mg,,,,,,,,,,,,108-VN-T01,SCMS-759,ASN-632,PMO - US,Direct Drop,FCA,Air,Pre-PQ Process,27-Aug-07,27-Aug-07,27-Aug-07,ARV,Adult,"Lopinavir/Ritonavir 200/50mg [Aluvia], tablets, 120 Tabs",Tablet,120.0,500.0,41095.0,82.19,0.68,ABBVIE Ludwigshafen Germany,Yes,117,1767.38,65.75,
21983,116-ZA-T30,FPQ-4770,SCMS-60170,ASN-5933,South Africa,PMO - US,Direct Drop,DDP,Truck,12/17/09,12/23/09,29-Dec-09,29-Dec-09,29-Dec-09,ARV,Adult,S. BUYS WHOLESALER,"Zidovudine 300mg [Retrovir], tablets, 60 Tabs",Zidovudine,Retrovir,300mg,Tablet,60.0,500.0,7451.43,14.9,0.25,GSK Ware (UK),No,Weight Captured Separately,Freight Included in Commodity Cost,16.07,,,,,,,,,,,,,,,,,,,,,,,,,,
18240,,,,,Vietnam,,,,,,8/15/2012,,,,,,HETERO LABS LIMITED,,Lamivudine/Zidovudine,Generic,150/300mg,,,,,,,,,,,,108-VN-T30,SCMS-156320,ASN-17177,PMO - US,Direct Drop,EXW,Air,7/25/2012,5-Dec-12,5-Dec-12,5-Dec-12,ARV,Adult,"Lamivudine/Zidovudine 150/300mg, tablets, 60 Tabs",Tablet - FDC,60.0,14842.0,105081.36,7.08,0.12,Hetero Unit III Hyderabad IN,Yes,1364,2348.57,147.32,FPQ-10287
83233,110-ZM-T30,FPQ-13221,SO-47202,DN-3625,Zambia,PMO - US,From RDC,N/A - From RDC,Truck,10/31/13,N/A - From RDC,6-May-14,4-Jun-14,12-Jun-14,ARV,Adult,SCMS from RDC,"Lopinavir/Ritonavir 200/50mg, tablets, 120 Tabs",Lopinavir/Ritonavir,Generic,200/50mg,Tablet,120.0,25482.0,521871.36,20.48,0.17,"Aurobindo Unit III, India",Yes,7140,47532.09,536.48,,,,,,,,,,,,,,,,,,,,,,,,,,
35808,161-ZA-T30,FPQ-5303,SCMS-68750,ASN-8348,South Africa,PMO - US,Direct Drop,DDP,Air,3/18/10,3/19/10,13-Oct-10,27-Oct-10,27-Oct-10,ARV,Adult,CIPLA LIMITED,"Tenofovir Disoproxil Fumarate 300mg, tablets, 30 Tabs",Tenofovir Disoproxil Fumarate,Generic,300mg,Tablet,30.0,51920.0,406014.4,7.82,0.26,"Cipla, Goa, India",Yes,3549,3646.13,875.37,,,,,,,,,,,,,,,,,,,,,,,,,,
83462,,,,,Côte d'Ivoire,,,,,,N/A - From RDC,,,,,,SCMS from RDC,,Abacavir/Lamivudine,Generic,600/300mg,,,,,,,,,,,,104-CI-T30,SO-37150,DN-2035,PMO - US,From RDC,N/A - From RDC,Truck,6/23/2010,30-Nov-10,26-Nov-10,26-Nov-10,ARV,Adult,"Abacavir/Lamivudine 600/300mg, scored tablets, 30 Tabs",Tablet - FDC,30.0,1980.0,44550.0,22.5,0.75,Mylan (formerly Matrix) Nashik,No,See DN-2035 (ID#:82356),See DN-2035 (ID#:82356),96.05,FPQ-5925
83742,,,,,Côte d'Ivoire,,,,,,N/A - From RDC,,,,,,SCMS from RDC,,Tenofovir Disoproxil Fumarate,Generic,300mg,,,,,,,,,,,,104-CI-T30,SO-46331,DN-3446,PMO - US,From RDC,N/A - From RDC,Air,8/9/2013,3-Jan-14,3-Jan-14,17-Jan-14,ARV,Adult,"Tenofovir Disoproxil Fumarate 300mg, tablets, 30 Tabs",Tablet,30.0,3859.0,15590.36,4.04,0.13,Mylan (formerly Matrix) Nashik,Yes,242,3128.55,19.29,FPQ-12800
10933,107-RW-T01,Pre-PQ Process,SO-1515,DN-570,Rwanda,PMO - US,From RDC,N/A - From RDC,Air,Pre-PQ Process,N/A - From RDC,28-Jan-08,28-Jan-08,28-Jan-08,ARV,Adult,SCMS from RDC,"Lamivudine 150mg, tablets, 60 Tabs",Lamivudine,Generic,150mg,Tablet,60.0,3150.0,9576.0,3.04,0.05,"Ranbaxy, Paonta Shahib, India",Yes,165,2559.28,15.32,,,,,,,,,,,,,,,,,,,,,,,,,,
86718,,,,,Mozambique,,,,,,N/A - From RDC,,,,,,SCMS from RDC,,Lamivudine/Nevirapine/Zidovudine,Generic,150/300/200mg,,,,,,,,,,,,111-MZ-T30,SO-47053,DN-3864,PMO - US,From RDC,N/A - From RDC,Truck,10/21/2013,29-Aug-14,27-Oct-14,7-Nov-14,ARV,Adult,"Lamivudine/Nevirapine/Zidovudine 150/200/300mg, tablets, 60 Tabs",Tablet - FDC,60.0,114324.0,927167.64,8.11,0.14,"Cipla, Goa, India",No,See DN-3864 (ID#:85518),See DN-3864 (ID#:85518),953.13,FPQ-13124
82548,,FPQ-10477,,,Nigeria,,,,,,N/A - From RDC,,,,,,SCMS from RDC,,Nevirapine,Generic,200mg,,,,,,,,,,,,151-NG-T30,SO-44550,DN-3028,PMO - US,From RDC,N/A - From RDC,Air Charter,8/9/2012,15-Mar-13,21-Feb-13,21-Feb-13,ARV,Adult,"Nevirapine 200mg, tablets, 60 Tabs",Tablet,60.0,33571.0,75870.46,2.26,0.04,Hetero Unit III Hyderabad IN,Yes,12785,37242.5,106.37,
13481,,,,,South Africa,,,,,,1/26/2015,,,,,,PHARMACY DIRECT,,Tenofovir Disoproxil Fumarate,Generic,300mg,,,,,,,,,,,,116-ZA-T30,SCMS-259072,ASN-30377,PMO - US,Direct Drop,DDP,Truck,9/11/2014,26-Jan-15,26-Jan-15,26-Jan-15,ARV,Adult,"Tenofovir Disoproxil Fumarate 300mg, tablets, 30 Tabs",Tablet,30.0,132.0,1823.8,13.82,0.46,Mylan (formerly Matrix) Nashik,Yes,Weight Captured Separately,Freight Included in Commodity Cost,1.87,FPQ-14942
84028,,,,,Haiti,,,,,,N/A - From RDC,,,,,,SCMS from RDC,,Zidovudine,Generic,300mg,,,,,,,,,,,,106-HT-T30,SO-36770,DN-1965,PMO - US,From RDC,N/A - From RDC,Air,4/19/2010,24-Aug-10,23-Aug-10,23-Aug-10,ARV,Adult,"Zidovudine 300mg, tablets, 60 Tabs",Tablet,60.0,2280.0,16438.8,7.21,0.12,"Aurobindo Unit III, India",Yes,123,2136.1,35.44,FPQ-5523
3616,,,,,Vietnam,,,,,,1/16/2009,,,,,,Aurobindo Pharma Limited,,Lamivudine/Nevirapine/Zidovudine,Generic,150/300/200mg,,,,,,,,,,,,108-VN-T01,SCMS-37160,ASN-3561,PMO - US,Direct Drop,EXW,Air,Pre-PQ Process,7-Apr-09,7-Apr-09,7-Apr-09,ARV,Adult,"Lamivudine/Nevirapine/Zidovudine 150/200/300mg, tablets, 60 Tabs",Tablet - FDC,60.0,300.0,3345.0,11.15,0.19,"Aurobindo Unit III, India",No,See ASN-3561 (ID#:2297),See ASN-3561 (ID#:2297),6.56,Pre-PQ Process
57902,,FPQ-3967,,,Côte d'Ivoire,,,,,,11/2/2009,,,,,,BRISTOL-MYERS SQUIBB,,Didanosine,Videx,50mg,,,,,,,,,,,,104-CI-T30,SCMS-52691,ASN-5781,PMO - US,Direct Drop,CIP,Air,8/21/2009,15-Jan-10,15-Jan-10,15-Jan-10,ARV,Pediatric,"Didanosine 50mg [Videx], chewable tablets, 60 Tabs",Chewable/dispersible tablet,60.0,386.0,3667.0,9.5,0.16,"BMS Meymac, France",Yes,78,570.75,7.19,
56668,108-VN-T30,FPQ-7898,SCMS-113680,ASN-12291,Vietnam,PMO - US,Direct Drop,EXW,Air,6/27/11,7/8/11,24-Oct-11,24-Oct-11,24-Oct-11,ARV,Adult,HETERO LABS LIMITED,"Lamivudine/Zidovudine 150/300mg, tablets, 60 Tabs",Lamivudine/Zidovudine,Generic,150/300mg,Tablet - FDC,60.0,8245.0,67609.0,8.2,0.14,Hetero Unit III Hyderabad IN,Yes,759,7261.69,111.55,,,,,,,,,,,,,,,,,,,,,,,,,,
27563,,,,,South Africa,,,,,,9/24/2010,,,,,,Aurobindo Pharma Limited,,Tenofovir Disoproxil Fumarate,Generic,300mg,,,,,,,,,,,,161-ZA-T30,SCMS-83730,ASN-9193,PMO - US,Direct Drop,DDP,Ocean,8/31/2010,29-Dec-10,29-Dec-10,29-Dec-10,ARV,Adult,"Tenofovir Disoproxil Fumarate 300mg, tablets, 30 Tabs",Tablet,30.0,28330.0,188394.5,6.65,0.22,"Aurobindo Unit III, India",Yes,2645,5112.92,406.18,FPQ-6262
284,107-RW-T01,Pre-PQ Process,SCMS-14630,ASN-1253,Rwanda,PMO - US,Direct Drop,EXW,Air,Pre-PQ Process,12/10/07,31-Jan-08,31-Jan-08,31-Jan-08,HRDT,HIV test - Ancillary,"Orgenics, Ltd","HIV, Lancet, Safety, for HIV Test kits, 100 Pcs","HIV, Lancet, Safety, for HIV Test kits, 100 Pcs",Generic,,Test kit - Ancillary,100.0,1500.0,15.0,0.01,0.0,Inverness Japan,Yes,99,0.75,0.02,,,,,,,,,,,,,,,,,,,,,,,,,,
29880,,FPQ-15692,,,Vietnam,,,,,,2/17/2015,,,,,,HETERO LABS LIMITED,,Lamivudine,Generic,150mg,,,,,,,,,,,,108-VN-T30,SCMS-274370,ASN-32258,PMO - US,Direct Drop,EXW,Air,1/28/2015,13-Jul-15,13-Jul-15,14-Jul-15,ARV,Adult,"Lamivudine 150mg, tablets, 60 Tabs",Tablet,60.0,15400.0,27720.0,1.8,0.03,Hetero Unit III Hyderabad IN,Yes,2486,3775.5,32.63,
82889,,FPQ-5523,,,Haiti,,,,,,N/A - From RDC,,,,,,SCMS from RDC,,Abacavir,Generic,20mg/ml,,,,,,,,,,,,106-HT-T30,SO-36740,DN-1847,PMO - US,From RDC,N/A - From RDC,Air,4/19/2010,30-Jun-10,9-Jun-10,9-Jun-10,ARV,Pediatric,"Abacavir 20mg/ml, oral solution, Bottle, 240 ml",Oral solution,240.0,480.0,6528.0,13.6,0.06,"Aurobindo Unit III, India",Yes,390,6438.38,14.07,
52364,,,,,Uganda,,,,,,6/23/2014,,,,,,ABBVIE LOGISTICS (FORMERLY ABBOTT LOGISTICS BV),,Lopinavir/Ritonavir,Generic,100/25mg,,,,,,,,,,,,114-UG-T30,SCMS-244450,ASN-28699,PMO - US,Direct Drop,FCA,Air,6/11/2014,6-Nov-14,6-Nov-14,7-Nov-14,ARV,Pediatric,"Lopinavir/Ritonavir 100/25mg [Aluvia], tablets, 60 Tabs",Tablet,60.0,724.0,4300.56,5.94,0.1,ABBVIE Ludwigshafen Germany,Yes,82,1042.36,4.42,FPQ-14407
85160,,FPQ-5925,,,Côte d'Ivoire,,,,,,N/A - From RDC,,,,,,SCMS from RDC,,Zidovudine,Generic,10mg/ml,,,,,,,,,,,,104-CI-T30,SO-37150,DN-2035,PMO - US,From RDC,N/A - From RDC,Truck,6/23/2010,30-Nov-10,26-Nov-10,26-Nov-10,ARV,Pediatric,"Zidovudine 10mg/ml, oral solution, Bottle, 240 ml",Oral solution,240.0,7483.0,15115.66,2.02,0.01,"Aurobindo Unit III, India",No,See DN-2035 (ID#:82356),See DN-2035 (ID#:82356),32.59,
84407,,FPQ-13679,,,Zambia,,,,,,N/A - From RDC,,,,,,SCMS from RDC,,Abacavir,Generic,300mg,,,,,,,,,,,,100-ZM-T30,SO-48010,DN-3860,PMO - US,From RDC,N/A - From RDC,Truck,2/2/2014,31-Jul-14,23-Sep-14,6-Oct-14,ARV,Adult,"Abacavir 300mg, tablets, 60 Tabs",Tablet,60.0,5432.0,61001.36,11.23,0.19,Mylan (formerly Matrix) Nashik,Yes,506,635.95,62.71,
14929,,,,,South Africa,,,,,,5/7/2015,,,,,,PHARMACY DIRECT,,Efavirenz/Emtricitabine/Tenofovir Disoproxil Fumarate,Generic,600/200/300mg,,,,,,,,,,,,116-ZA-T30,SCMS-278621,ASN-33339,PMO - US,Direct Drop,DDP,Truck,2/23/2015,15-Jul-15,15-Jul-15,15-Jul-15,ARV,Adult,"Efavirenz/Emtricitabine/Tenofovir Disoproxil Fumarate 600/200/300mg, tablets, 30 Tabs",Tablet - FDC,30.0,9.0,342.83,38.09,1.27,Mylan (formerly Matrix) Nashik,Yes,Weight Captured Separately,Freight Included in Commodity Cost,0.4,FPQ-15869
86499,,FPQ-9749,,,Côte d'Ivoire,,,,,,N/A - From RDC,,,,,,SCMS from RDC,,Lamivudine,Generic,150mg,,,,,,,,,,,,104-CI-T30,SO-42360,DN-2778,PMO - US,From RDC,N/A - From RDC,Truck,4/19/2012,15-Aug-12,15-Aug-12,15-Aug-12,ARV,Adult,"Lamivudine 150mg, tablets, 60 Tabs",Tablet,60.0,10080.0,22377.6,2.22,0.04,Hetero Unit III Hyderabad IN,No,See DN-2778 (ID#:85287),See DN-2778 (ID#:85287),31.37,
48826,111-MZ-T30,FPQ-4740,SCMS-62341,ASN-7342,Mozambique,PMO - US,Direct Drop,CIP,Air,12/23/09,1/29/10,23-Jun-10,23-Jun-10,23-Jun-10,ARV,Adult,INTERNATIONAL HEALTHCARE DISTRIBUTORS,"Ritonavir 100mg [Norvir], capsules, cool, 84 Caps",Ritonavir,Norvir,100mg,Capsule,84.0,320.0,3312.0,10.35,0.12,ABBVIE (Abbott) Logis. UK,Yes,Weight Captured Separately,Freight Included in Commodity Cost,7.14,,,,,,,,,,,,,,,,,,,,,,,,,,
84758,114-UG-T30,FPQ-10503,SO-43090,DN-2873,Uganda,PMO - US,From RDC,N/A - From RDC,Air,8/15/12,N/A - From RDC,25-Oct-12,22-Oct-12,22-Oct-12,ARV,Adult,SCMS from RDC,"Lamivudine/Zidovudine 150/300mg, tablets, 60 Tabs",Lamivudine/Zidovudine,Generic,150/300mg,Tablet - FDC,60.0,7126.0,55012.72,7.72,0.13,Mylan (formerly Matrix) Nashik,No,See DN-2873 (ID#:82515),See DN-2873 (ID#:82515),77.13,,,,,,,,,,,,,,,,,,,,,,,,,,
26996,,FPQ-14942,,,South Africa,,,,,,11/28/2014,,,,,,PHARMACY DIRECT,,Nevirapine,Generic,200mg,,,,,,,,,,,,116-ZA-T30,SCMS-259071,ASN-29597,PMO - US,Direct Drop,DDP,Truck,9/11/2014,28-Nov-14,28-Nov-14,28-Nov-14,ARV,Adult,"Nevirapine 200mg, tablets, 60 Tabs",Tablet,60.0,22.0,282.13,12.82,0.21,"Aurobindo Unit III, India",No,Weight Captured Separately,Freight Included in Commodity Cost,0.29,
5508,116-ZA-T01,Pre-PQ Process,SCMS-14050,ASN-1251,South Africa,PMO - US,Direct Drop,DDP,,Pre-PQ Process,11/12/07,29-Jan-08,29-Jan-08,29-Jan-08,ARV,Pediatric,"JSI R&T INSTITUTE, INC.","Ritonavir 80mg/ml [Norvir], oral solution, cool, Bottle, 90 ml",Ritonavir,Norvir,80mg/ml,Oral solution,90.0,3.0,28.95,9.65,0.11,ABBVIE (Abbott) France,No,Weight Captured Separately,Freight Included in Commodity Cost,0.05,,,,,,,,,,,,,,,,,,,,,,,,,,
12959,110-ZM-T30,FPQ-14827,SCMS-256500,ASN-31164,Zambia,PMO - US,Direct Drop,EXW,Air,8/19/14,9/19/14,12-May-15,12-May-15,14-May-15,HRDT,HIV test,"Orgenics, Ltd","HIV 1/2, Determine Complete HIV Kit, 100 Tests","HIV 1/2, Determine Complete HIV Kit",Determine,,Test kit,100.0,6280.0,502400.0,80.0,0.8,"Alere Medical Co., Ltd.",Yes,2548,28709.52,516.47,,,,,,,,,,,,,,,,,,,,,,,,,,
86102,100-ZM-T30,FPQ-13679,SO-48012,DN-3887,Zambia,PMO - US,From RDC,N/A - From RDC,Truck,2/2/14,N/A - From RDC,18-Sep-14,2-Oct-14,22-Oct-14,ARV,Adult,SCMS from RDC,"Abacavir 300mg, tablets, 60 Tabs",Abacavir,Generic,300mg,Tablet,60.0,323.0,3627.29,11.23,0.19,"Aurobindo Unit III, India",Yes,35,42.35,3.73,,,,,,,,,,,,,,,,,,,,,,,,,,
85784,,,,,Zambia,,,,,,N/A - From RDC,,,,,,SCMS from RDC,,Nevirapine,Generic,200mg,,,,,,,,,,,,110-ZM-T30,SO-38741,DN-2322,PMO - US,From RDC,N/A - From RDC,Truck,2/3/2011,29-Sep-11,29-Aug-11,29-Aug-11,ARV,Adult,"Nevirapine 200mg, tablets, 60 Tabs",Tablet,60.0,20927.0,52526.77,2.51,0.04,"Strides, Bangalore, India.",No,See DN-2322 (ID#:82973),See DN-2322 (ID#:82973),86.67,FPQ-7085
86465,113-ZW-T30,FPQ-8464,SO-40850,DN-2605,Zimbabwe,PMO - US,From RDC,N/A - From RDC,Truck,10/4/11,N/A - From RDC,13-Apr-12,10-Apr-12,10-Apr-12,ARV,Adult,SCMS from RDC,"Lamivudine/Nevirapine/Zidovudine 150/200/300mg, tablets, 60 Tabs",Lamivudine/Nevirapine/Zidovudine,Generic,150/300/200mg,Tablet - FDC,60.0,11574.0,127314.0,11.0,0.18,"Aurobindo Unit III, India",No,See DN-2605 (ID#:82467),See DN-2605 (ID#:82467),210.07,,,,,,,,,,,,,,,,,,,,,,,,,,
84160,113-ZW-T30,FPQ-8464,SO-40860,DN-2621,Zimbabwe,PMO - US,From RDC,N/A - From RDC,Truck,10/4/11,N/A - From RDC,17-Apr-12,7-May-12,7-May-12,ARV,Adult,SCMS from RDC,"Lamivudine/Nevirapine/Zidovudine 150/200/300mg, tablets, 60 Tabs",Lamivudine/Nevirapine/Zidovudine,Generic,150/300/200mg,Tablet - FDC,60.0,11574.0,127314.0,11.0,0.18,Mylan (formerly Matrix) Nashik,No,See DN-2621 (ID#:83583),See DN-2621 (ID#:83583),210.07,,,,,,,,,,,,,,,,,,,,,,,,,,
86498,,,,,Nigeria,,,,,,N/A - From RDC,,,,,,SCMS from RDC,,Efavirenz/Emtricitabine/Tenofovir Disoproxil Fumarate,Generic,600/200/300mg,,,,,,,,,,,,151-NG-T30,SO-42804,DN-2771,PMO - US,From RDC,N/A - From RDC,Air Charter,12/8/2011,30-Jul-12,24-Jul-12,24-Jul-12,ARV,Adult,"Efavirenz/Emtricitabine/Tenofovir Disoproxil Fumarate 600/200/300mg, tablets, 30 Tabs",Tablet - FDC,30.0,69356.0,1043114.24,15.04,0.5,Mylan (formerly Matrix) Nashik,Yes,8038,16532.5,1462.45,FPQ-8952
79081,103-SS-T30,FPQ-13172,SCMS-213410,ASN-22956,South Sudan,PMO - US,Direct Drop,EXW,Air,10/28/13,11/6/13,20-Feb-14,20-Feb-14,26-Feb-14,HRDT,HIV test,"Trinity Biotech, Plc","HIV 1/2, Uni-Gold HIV Kit, 20 Tests","HIV 1/2, Uni-Gold HIV Kit",Uni-Gold,,Test kit,20.0,444.0,14208.0,32.0,1.6,"Trinity Biotech, Plc",Yes,132,1847.97,14.61,,,,,,,,,,,,,,,,,,,,,,,,,,
75799,,,,,Ghana,,,,,,4/14/2014,,,,,,Aurobindo Pharma Limited,,Lopinavir/Ritonavir,Generic,200/50mg,,,,,,,,,,,,105-GH-T30,SCMS-234050,ASN-26436,PMO - US,Direct Drop,EXW,Air,3/7/2014,24-Jul-14,24-Jul-14,31-Jul-14,ARV,Adult,"Lopinavir/Ritonavir 200/50mg, tablets, 120 Tabs",Tablet,120.0,3393.0,73967.4,21.8,0.18,"Aurobindo Unit III, India",Yes,915,6006.37,76.04,FPQ-13809
21825,,FPQ-12290,,,Uganda,,,,,,6/13/2013,,,,,,ABBVIE LOGISTICS (FORMERLY ABBOTT LOGISTICS BV),,Ritonavir,Norvir,100mg,,,,,,,,,,,,114-UG-T30,SCMS-192060,ASN-22498,PMO - US,Direct Drop,FCA,Air,5/17/2013,15-Nov-13,15-Nov-13,15-Nov-13,ARV,Adult,"Ritonavir 100mg [Norvir], film coated tablets, 60 Tabs",Tablet,60.0,417.0,2856.45,6.85,0.11,ABBVIE Ludwigshafen Germany,Yes,65,887.67,3.53,
84252,151-NG-T30,FPQ-11022,SO-43843,DN-3130,Nigeria,PMO - US,From RDC,N/A - From RDC,Air Charter,11/15/12,N/A - From RDC,21-May-13,3-May-13,3-May-13,ARV,Adult,SCMS from RDC,"Lopinavir/Ritonavir 200/50mg, tablets, 120 Tabs",Lopinavir/Ritonavir,Generic,200/50mg,Tablet,120.0,7677.0,167205.06,21.78,0.18,Mylan (formerly Matrix) Nashik,Yes,16376,14547.55,206.83,,,,,,,,,,,,,,,,,,,,,,,,,,
67717,,FPQ-5317,,,Vietnam,,,,,,3/25/2010,,,,,,Aurobindo Pharma Limited,,Stavudine,Generic,30mg,,,,,,,,,,,,108-VN-T30,SCMS-69250,ASN-7661,PMO - US,Direct Drop,EXW,Air,3/22/2010,13-Aug-10,13-Aug-10,13-Aug-10,ARV,Adult,"Stavudine 30mg, capsules, 60 Caps",Capsule,60.0,21504.0,30105.6,1.4,0.02,"Aurobindo Unit III, India",No,See ASN-7661 (ID#:21752),See ASN-7661 (ID#:21752),64.91,
85955,,,,,Côte d'Ivoire,,,,,,N/A - From RDC,,,,,,SCMS from RDC,,Lamivudine/Zidovudine,Generic,150/300mg,,,,,,,,,,,,104-CI-T30,SO-43330,DN-3075,PMO - US,From RDC,N/A - From RDC,Truck,9/11/2012,28-Mar-13,30-Mar-13,30-Mar-13,ARV,Adult,"Lamivudine/Zidovudine 150/300mg, tablets, 60 Tabs",Tablet - FDC,60.0,43848.0,318774.96,7.27,0.12,"Cipla, Goa, India",No,See DN-3075 (ID#:83129),See DN-3075 (ID#:83129),446.92,FPQ-10633
83322,107-RW-T30,FPQ-14111,SO-48813,DN-4181,Rwanda,PMO - US,From RDC,N/A - From RDC,Truck,4/22/14,N/A - From RDC,30-Apr-15,27-Mar-15,7-Apr-15,ARV,Pediatric,SCMS from RDC,"Abacavir 20mg/ml, oral solution, Bottle, 240 ml",Abacavir,Generic,20mg/ml,Oral solution,240.0,503.0,3435.49,6.83,0.03,"Aurobindo Unit III, India",Yes,Weight Captured Separately,Invoiced Separately,3.53,,,,,,,,,,,,,,,,,,,,,,,,,,
86644,109-TZ-T30,FPQ-12587,SO-47520,DN-3500,Tanzania,PMO - US,From RDC,N/A - From RDC,Truck,7/4/13,N/A - From RDC,31-Jan-14,7-Mar-14,12-Mar-14,ARV,Pediatric,SCMS from RDC,"Efavirenz 200mg, scored tablets, 90 Tabs",Efavirenz,Generic,200mg,Tablet,90.0,21596.0,200842.8,9.3,0.1,"Strides, Bangalore, India.",Yes,1336,5033.8,248.44,,,,,,,,,,,,,,,,,,,,,,,,,,
81050,,,,,Uganda,,,,,,9/10/2013,,,,,,STRIDES ARCOLAB LIMITED,,Efavirenz,Generic,600mg,,,,,,,,,,,,114-UG-T30,SCMS-198701,ASN-21881,PMO - US,Direct Drop,EXW,Ocean,7/8/2013,7-Nov-13,7-Nov-13,13-Nov-13,ARV,Adult,"Efavirenz 600mg, tablets, 30 Tabs",Tablet,30.0,63652.0,203049.88,3.19,0.11,"Strides, Bangalore, India.",Yes,3963,12961.76,251.17,FPQ-12477
57590,,FPQ-12477,,,Uganda,,,,,,9/10/2013,,,,,,CIPLA LIMITED,,Lamivudine/Tenofovir Disoproxil Fumarate,Generic,300/300mg,,,,,,,,,,,,114-UG-T30,SCMS-198541,ASN-22495,PMO - US,Direct Drop,EXW,Air,7/8/2013,16-Nov-13,16-Nov-13,26-Nov-13,ARV,Adult,"Lamivudine/Tenofovir Disoproxil Fumarate 300/300mg, tablets, 30 Tabs",Tablet - FDC,30.0,40000.0,184000.0,4.6,0.15,"Cipla, Kurkumbh, India",Yes,4620,18550.93,227.61,
57218,,FPQ-4265,,,Vietnam,,,,,,11/13/2009,,,,,,Aurobindo Pharma Limited,,Lamivudine/Zidovudine,Generic,150/300mg,,,,,,,,,,,,108-VN-T30,SCMS-57130,ASN-6266,PMO - US,Direct Drop,EXW,Air,10/20/2009,19-Mar-10,19-Mar-10,19-Mar-10,ARV,Adult,"Lamivudine/Zidovudine 150/300mg, tablets, 60 Tabs",Tablet - FDC,60.0,15204.0,130906.44,8.61,0.14,"Aurobindo Unit III, India",No,See ASN-6266 (ID#:15368),See ASN-6266 (ID#:15368),256.58,
85072,,FPQ-4187,,,Côte d'Ivoire,,,,,,N/A - From RDC,,,,,,SCMS from RDC,,Nevirapine,Generic,10mg/ml,,,,,,,,,,,,104-CI-T30,SO-33490,DN-1526,PMO - US,From RDC,N/A - From RDC,Air,9/9/2009,4-Dec-09,2-Dec-09,2-Dec-09,ARV,Pediatric,"Nevirapine 10mg/ml, oral suspension, Bottle, 240 ml",Oral suspension,240.0,4464.0,8570.88,1.92,0.01,"Aurobindo Unit III, India",Yes,1655,1211.48,16.8,
45248,,,,,Mozambique,,,,,,11/12/2013,,,,,,"Trinity Biotech, Plc",,"HIV 1/2, Uni-Gold HIV Kit",Uni-Gold,,,,,,,,,,,,,111-MZ-T30,SCMS-211550,ASN-24474,PMO - US,Direct Drop,EXW,Air,10/15/2013,2-Apr-14,2-Apr-14,11-Apr-14,HRDT,HIV test,"HIV 1/2, Uni-Gold HIV Kit, 20 Tests",Test kit,20.0,5673.0,181536.0,32.0,1.6,"Trinity Biotech, Plc",Yes,1674,10780.63,186.62,FPQ-13093
46742,,,,,Vietnam,,,,,,10/7/2013,,,,,,EMCURE PHARMACEUTICALS LTD,,Nevirapine,Generic,200mg,,,,,,,,,,,,108-VN-T30,SCMS-210070,ASN-25784,PMO - US,Direct Drop,EXW,Air,10/4/2013,6-Jun-14,6-Jun-14,9-Jun-14,ARV,Adult,"Nevirapine 200mg, tablets, 60 Tabs",Tablet,60.0,12937.0,29755.1,2.3,0.04,"Emcure Plot No.P-2, I.T-B.T. Park, Phase II, MIDC, Hinjwadi, Pune, India",Yes,875,2181.91,36.81,FPQ-13034
82763,,FPQ-15217,,,Guyana,,,,,,N/A - From RDC,,,,,,SCMS from RDC,,Lopinavir/Ritonavir,Aluvia,200/50mg,,,,,,,,,,,,105-GY-T30,SO-50040,DN-4057,PMO - US,From RDC,N/A - From RDC,Air,10/22/2014,31-Mar-15,6-Jan-15,29-Jan-15,ARV,Adult,"Lopinavir/Ritonavir 200/50mg [Aluvia], tablets, 120 Tabs",Tablet,120.0,1184.0,22377.6,18.9,0.16,ABBVIE Ludwigshafen Germany,Yes,251,3247.35,26.34,
86564,,,,,South Sudan,,,,,,N/A - From RDC,,,,,,SCMS from RDC,,Efavirenz,Generic,600mg,,,,,,,,,,,,103-SS-T30,SO-44630,DN-3125,PMO - US,From RDC,N/A - From RDC,Air,1/16/2013,30-Apr-13,24-Apr-13,24-Apr-13,ARV,Adult,"Efavirenz 600mg, tablets, 30 Tabs",Tablet,30.0,2100.0,6993.0,3.33,0.11,"Strides, Bangalore, India.",No,See DN-3125 (ID#:82571),See DN-3125 (ID#:82571),8.65,FPQ-11489
84784,,,,,Nigeria,,,,,,N/A - From RDC,,,,,,SCMS from RDC,,Nevirapine,Generic,200mg,,,,,,,,,,,,151-NG-T30,SO-43044,DN-2996,PMO - US,From RDC,N/A - From RDC,Air Charter,8/9/2012,11-Feb-13,11-Feb-13,11-Feb-13,ARV,Adult,"Nevirapine 200mg, tablets, 60 Tabs",Tablet,60.0,49295.0,113871.45,2.31,0.04,"Aurobindo Unit III, India",Yes,12032,29780.5,159.65,FPQ-10477
82931,,FPQ-6243,,,Nigeria,,,,,,N/A - From RDC,,,,,,SCMS from RDC,,Nevirapine,Generic,200mg,,,,,,,,,,,,151-NG-T30,SO-38320,DN-2090,PMO - US,From RDC,N/A - From RDC,Air Charter,8/25/2010,22-Feb-11,16-Feb-11,16-Feb-11,ARV,Adult,"Nevirapine 200mg, tablets, 60 Tabs",Tablet,60.0,160786.0,414827.88,2.58,0.04,"Aurobindo Unit III, India",No,See DN-2090 (ID#:82366),See DN-2090 (ID#:82366),894.37,
84407,,,,,Zambia,,,,,,N/A - From RDC,,,,,,SCMS from RDC,,Abacavir,Generic,300mg,,,,,,,,,,,,100-ZM-T30,SO-48010,DN-3860,PMO - US,From RDC,N/A - From RDC,Truck,2/2/2014,31-Jul-14,23-Sep-14,6-Oct-14,ARV,Adult,"Abacavir 300mg, tablets, 60 Tabs",Tablet,60.0,5432.0,61001.36,11.23,0.19,Mylan (formerly Matrix) Nashik,Yes,506,635.95,62.71,FPQ-13679
11656,,,,,Zimbabwe,,,,,,N/A - From RDC,,,,,,SCMS from RDC,,Lamivudine/Stavudine,Generic,150/30mg,,,,,,,,,,,,113-ZW-T01,SO-21010,DN-1289,PMO - US,From RDC,N/A - From RDC,Truck,Pre-PQ Process,22-Jun-09,22-Jun-09,22-Jun-09,ARV,Adult,"Lamivudine/Stavudine 150/30mg, tablets, 60 Tabs",Tablet - FDC,60.0,4000.0,16000.0,4.0,0.07,"Cipla, Goa, India",No,See DN-1289 (ID#:11332),See DN-1289 (ID#:11332),31.36,Pre-PQ Process
41418,,,,,South Africa,,,,,,9/22/2009,,,,,,S. BUYS WHOLESALER,,Stavudine,Generic,1mg/ml,,,,,,,,,,,,116-ZA-T30,SCMS-50370,ASN-5461,PMO - US,Direct Drop,DDP,Truck,5/7/2009,28-Oct-09,28-Oct-09,28-Oct-09,ARV,Pediatric,"Stavudine 1mg/ml, powder for oral solution, 200 ml",Oral solution,200.0,4500.0,12317.21,2.74,0.01,"Aurobindo Unit III, India",Yes,Weight Captured Separately,Freight Included in Commodity Cost,24.14,FPQ-3596
86110,,FPQ-13812,,,Rwanda,,,,,,N/A - From RDC,,,,,,SCMS from RDC,,Nevirapine,Generic,200mg,,,,,,,,,,,,107-RW-T30,SO-48161,DN-3787,PMO - US,From RDC,N/A - From RDC,Truck,3/4/2014,19-Aug-14,13-Aug-14,14-Aug-14,ARV,Adult,"Nevirapine 200mg, tablets, 60 Tabs",Tablet,60.0,88809.0,200708.34,2.26,0.04,Hetero Unit III Hyderabad IN,No,See DN-3787 (ID#:83818),See DN-3787 (ID#:83818),206.33,
4190,,,,,South Africa,,,,,,11/12/2007,,,,,,"JSI R&T INSTITUTE, INC.",,Stavudine,Zerit,30mg,,,,,,,,,,,,116-ZA-T01,SCMS-14050,ASN-1252,PMO - US,Direct Drop,DDP,,Pre-PQ Process,29-Jan-08,24-Jan-07,24-Jan-08,ARV,Adult,"Stavudine 30mg [Zerit], capsules, 60 Caps",Capsule,60.0,800.0,4792.0,5.99,0.1,"BMS Meymac, France",Yes,Weight Captured Separately,Freight Included in Commodity Cost,7.67,Pre-PQ Process
11198,114-UG-T01,Pre-PQ Process,SO-1300,DN-435,Uganda,PMO - US,From RDC,N/A - From RDC,Air,Pre-PQ Process,N/A - From RDC,10-Dec-07,10-Dec-07,10-Dec-07,ARV,Adult,SCMS from RDC,"Lamivudine/Nevirapine/Zidovudine 150/200/300mg, tablets, 60 Tabs",Lamivudine/Nevirapine/Zidovudine,Generic,150/300/200mg,Tablet - FDC,60.0,3930.0,80565.0,20.5,0.34,"Aurobindo Unit III, India",No,See DN-435 (ID#:10908),See DN-435 (ID#:10908),128.9,,,,,,,,,,,,,,,,,,,,,,,,,,
86431,106-HT-T30,FPQ-7653,SO-39744,DN-2470,Haiti,PMO - US,From RDC,N/A - From RDC,Air,5/11/11,N/A - From RDC,31-Jan-12,17-Jan-12,17-Jan-12,ARV,Adult,SCMS from RDC,"Efavirenz 600mg, tablets, 30 Tabs",Efavirenz,Generic,600mg,Tablet,30.0,33600.0,141792.0,4.22,0.14,"Strides, Bangalore, India.",Yes,2047,20746.03,233.96,,,,,,,,,,,,,,,,,,,,,,,,,,
85639,,FPQ-4470,,,Uganda,,,,,,N/A - From RDC,,,,,,SCMS from RDC,,Nevirapine,Generic,200mg,,,,,,,,,,,,114-UG-T30,SO-34010,DN-1548,PMO - US,From RDC,N/A - From RDC,Air,8/17/2009,30-Nov-09,2-Dec-09,2-Dec-09,ARV,Adult,"Nevirapine 200mg, tablets, 60 Tabs",Tablet,60.0,2000.0,5800.0,2.9,0.05,"Aurobindo Unit III, India",No,See DN-1548 (ID#:85076),See DN-1548 (ID#:85076),11.37,
12056,,,,,Nigeria,,,,,,N/A - From RDC,,,,,,SCMS from RDC,,Nevirapine,Generic,10mg/ml,,,,,,,,,,,,112-NG-T01,SO-563,DN-209,PMO - US,From RDC,N/A - From RDC,,Pre-PQ Process,3-Jul-07,3-Jul-07,3-Jul-07,ARV,Pediatric,"Nevirapine 10mg/ml, oral suspension, Bottle, 240 ml",Oral suspension,240.0,313.0,1940.6,6.2,0.03,"Aurobindo Unit III, India",No,See DN-209 (ID#:11136),See DN-209 (ID#:11136),3.1,Pre-PQ Process
3049,104-CI-T01,Pre-PQ Process,SCMS-18420,ASN-1468,Côte d'Ivoire,PMO - US,Direct Drop,EXW,Air,Pre-PQ Process,2/28/08,8-Apr-08,8-Apr-08,8-Apr-08,HRDT,HIV test,"Orgenics, Ltd","HIV 1/2, Determine HIV Kit, without Lancets, 100 Tests","HIV 1/2, Determine HIV Kit, without Lancets",Determine,,Test kit,100.0,70.0,5039.3,71.99,0.72,Inverness Japan,Yes,16,515.48,8.06,,,,,,,,,,,,,,,,,,,,,,,,,,
50636,,FPQ-13973,,,South Africa,,,,,,4/28/2015,,,,,,PHARMACY DIRECT,,Zidovudine,Generic,300mg,,,,,,,,,,,,116-ZA-T30,SCMS-238556,ASN-31854,PMO - US,Direct Drop,DDP,Truck,4/30/2014,28-Apr-15,28-Apr-15,28-Apr-15,ARV,Adult,"Zidovudine 300mg, tablets, 60 Tabs",Tablet,60.0,7.0,174.67,24.95,0.42,"Aurobindo Unit III, India",No,Weight Captured Separately,Freight Included in Commodity Cost,0.18,
85103,,FPQ-5239,,,Uganda,,,,,,N/A - From RDC,,,,,,SCMS from RDC,,Lamivudine/Zidovudine,Generic,150/300mg,,,,,,,,,,,,114-UG-T30,SO-36110,DN-1772,PMO - US,From RDC,N/A - From RDC,Air,3/2/2010,2-Jun-10,22-Apr-10,22-Apr-10,ARV,Adult,"Lamivudine/Zidovudine 150/300mg, tablets, 60 Tabs",Tablet - FDC,60.0,1600.0,14016.0,8.76,0.15,Hetero Unit III Hyderabad IN,Yes,13,1758.6,30.22,
83019,111-MZ-T30,FPQ-8157,SO-40381,DN-2590,Mozambique,PMO - US,From RDC,N/A - From RDC,Truck,8/4/11,N/A - From RDC,7-May-12,24-May-12,24-May-12,ARV,Adult,SCMS from RDC,"Lamivudine/Nevirapine/Zidovudine 150/200/300mg, tablets, 60 Tabs",Lamivudine/Nevirapine/Zidovudine,Generic,150/300/200mg,Tablet - FDC,60.0,185875.0,2085517.5,11.22,0.19,"Aurobindo Unit III, India",Yes,26760,12405.54,3441.1,,,,,,,,,,,,,,,,,,,,,,,,,,
77772,114-UG-T30,FPQ-5277,SCMS-68320,ASN-6788,Uganda,PMO - US,Direct Drop,FCA,Air,3/12/10,3/18/10,12-May-10,12-May-10,12-May-10,ARV,Adult,ABBVIE LOGISTICS (FORMERLY ABBOTT LOGISTICS BV),"Lopinavir/Ritonavir 200/50mg [Aluvia], tablets, 120 Tabs",Lopinavir/Ritonavir,Aluvia,200/50mg,Tablet,120.0,160.0,5785.6,36.16,0.3,ABBVIE Ludwigshafen Germany,Yes,47,1238.94,12.47,,,,,,,,,,,,,,,,,,,,,,,,,,
24324,,FPQ-5303,,,South Africa,,,,,,3/19/2010,,,,,,STRIDES ARCOLAB LIMITED,,Lamivudine,Generic,150mg,,,,,,,,,,,,161-ZA-T30,SCMS-68790,ASN-6911,PMO - US,Direct Drop,DDP,Air,3/18/2010,7-Jul-10,7-Jul-10,7-Jul-10,ARV,Adult,"Lamivudine 150mg, tablets, 60 Tabs",Tablet,60.0,303125.0,779031.25,2.57,0.04,"Strides, Bangalore, India.",Yes,15006,20134.62,1679.59,
77925,116-ZA-T30,FPQ-12522,SCMS-199289,ASN-28034,South Africa,PMO - US,Direct Drop,DDP,Truck,7/11/13,8/29/14,29-Aug-14,29-Aug-14,29-Aug-14,ARV,Adult,S. BUYS WHOLESALER,"Tenofovir Disoproxil Fumarate 300mg, tablets, 30 Tabs",Tenofovir Disoproxil Fumarate,Generic,300mg,Tablet,30.0,472.0,9824.7,20.82,0.69,Hetero Unit III Hyderabad IN,No,Weight Captured Separately,Freight Included in Commodity Cost,12.15,,,,,,,,,,,,,,,,,,,,,,,,,,
85599,,,,,Rwanda,,,,,,N/A - From RDC,,,,,,SCMS from RDC,,Efavirenz/Lamivudine/Tenofovir Disoproxil Fumarate,Generic,600/300/300mg,,,,,,,,,,,,107-RW-T30,SO-50720,DN-4286,PMO - US,From RDC,N/A - From RDC,Truck,12/22/2014,30-Jun-15,17-Jun-15,29-Jun-15,ARV,Adult,"Efavirenz/Lamivudine/Tenofovir Disoproxil Fumarate 600/300/300mg, tablets, 30 Tabs",Tablet - FDC,30.0,294399.0,2826230.4,9.6,0.32,Mylan (formerly Matrix) Nashik,Yes,33500,Freight Included in Commodity Cost,3326.47,FPQ-15622
12863,,Pre-PQ Process,,,Nigeria,,,,,,N/A - From RDC,,,,,,SCMS from RDC,,Stavudine,Generic,30mg,,,,,,,,,,,,123-NG-T01,SO-13000,DN-1026,PMO - US,From RDC,N/A - From RDC,Air,Pre-PQ Process,17-Dec-08,17-Dec-08,17-Dec-08,ARV,Adult,"Stavudine 30mg, capsules, 60 Caps",Capsule,60.0,7876.0,12207.8,1.55,0.03,"Aurobindo Unit III, India",Yes,521,4608.92,23.93,
27938,,FPQ-8315,,,Zambia,,,,,,9/19/2011,,,,,,"Trinity Biotech, Plc",,"HIV 1/2, Uni-Gold HIV Kit",Uni-Gold,,,,,,,,,,,,,110-ZM-T30,SCMS-120581,ASN-12827,PMO - US,Direct Drop,EXW,Air,8/31/2011,30-Nov-11,30-Nov-11,30-Nov-11,HRDT,HIV test,"HIV 1/2, Uni-Gold HIV Kit, 20 Tests",Test kit,20.0,5920.0,189440.0,32.0,1.6,"Trinity Biotech, Plc",Yes,1896,25136.39,312.58,
6488,,,,,Nigeria,,,,,,4/10/2009,,,,,,MISSIONPHARMA A/S,,Artemether/Lumefantrine,Coartem,20/120mg,,,,,,,,,,,,123-NG-T01,SCMS-43910,ASN-4959,PMO - US,Direct Drop,EXW,Air,Pre-PQ Process,27-Oct-09,27-Oct-09,27-Oct-09,ACT,ACT,"Artemether/Lumefantrine 20/120mg [Coartem], scored tablets, Blister 30 x 18 Tabs",Tablet - FDC + blister,540.0,2000.0,70420.0,35.21,0.07,"Novartis Pharma Suffern, USA",Yes,10,14515.44,138.02,Pre-PQ Process
83890,,FPQ-14370,,,Côte d'Ivoire,,,,,,N/A - From RDC,,,,,,SCMS from RDC,,Lamivudine/Zidovudine,Generic,150/300mg,,,,,,,,,,,,104-CI-T30,SO-49050,DN-4138,PMO - US,From RDC,N/A - From RDC,Truck,5/23/2014,27-Feb-15,11-Mar-15,30-Mar-15,ARV,Adult,"Lamivudine/Zidovudine 150/300mg, tablets, 60 Tabs",Tablet - FDC,60.0,100000.0,652000.0,6.52,0.11,Hetero Unit III Hyderabad IN,Yes,8855,33900.99,670.26,
85164,,,,,Zambia,,,,,,N/A - From RDC,,,,,,SCMS from RDC,,Abacavir,Generic,300mg,,,,,,,,,,,,110-ZM-T30,SO-36851,DN-2053,PMO - US,From RDC,N/A - From RDC,Truck,5/20/2010,26-Nov-10,3-Dec-10,3-Dec-10,ARV,Adult,"Abacavir 300mg, tablets, 60 Tabs",Tablet,60.0,17045.0,270845.05,15.89,0.26,"Cipla, Patalganga, India",Yes,20752,17520.43,583.94,FPQ-5702
82541,151-NG-T30,FPQ-10477,SO-43042,DN-2994,Nigeria,PMO - US,From RDC,N/A - From RDC,Air Charter,8/9/12,N/A - From RDC,11-Feb-13,11-Feb-13,11-Feb-13,ARV,Adult,SCMS from RDC,"Emtricitabine/Tenofovir Disoproxil Fumarate 200/300mg, tablets, 30 Tabs",Emtricitabine/Tenofovir Disoproxil Fumarate,Generic,200/300mg,Tablet - FDC,30.0,100000.0,638000.0,6.38,0.21,Mylan (formerly Matrix) Nashik,Yes,8850,29780.5,894.48,,,,,,,,,,,,,,,,,,,,,,,,,,
15004,,,,,South Africa,,,,,,7/21/2009,,,,,,S. BUYS WHOLESALER,,Abacavir,Ziagen,20mg/ml,,,,,,,,,,,,116-ZA-T30,SCMS-49641,ASN-5136,PMO - US,Direct Drop,DDP,Truck,5/7/2009,5-Aug-09,5-Aug-09,5-Aug-09,ARV,Pediatric,"Abacavir 20mg/ml [Ziagen], oral solution, Bottle, 240 ml",Oral solution,240.0,599.0,11964.63,19.97,0.08,GSK Mississauga (Canada),Yes,Weight Captured Separately,Freight Included in Commodity Cost,23.45,FPQ-3560
85024,151-NG-T30,FPQ-14766,SO-51090,DN-4190,Nigeria,PMO - US,From RDC,N/A - From RDC,Air Charter,8/13/14,N/A - From RDC,30-Apr-15,18-Mar-15,20-Mar-15,ARV,Adult,SCMS from RDC,"Efavirenz/Lamivudine/Tenofovir Disoproxil Fumarate 600/300/300mg, tablets, 30 Tabs",Efavirenz/Lamivudine/Tenofovir Disoproxil Fumarate,Generic,600/300/300mg,Tablet - FDC,30.0,200000.0,1920000.0,9.6,0.32,Hetero Unit III Hyderabad IN,No,See DN-4190 (ID#:84461),See DN-4190 (ID#:84461),1973.76,,,,,,,,,,,,,,,,,,,,,,,,,,
7922,,Pre-PQ Process,,,Côte d'Ivoire,,,,,,Date Not Captured,,,,,,Abbott GmbH & Co. KG,,"HIV 1/2, Determine Complete HIV Kit",Determine,,,,,,,,,,,,,104-CI-T01,SCMS-21,ASN-15,PMO - US,Direct Drop,FCA,Air,Pre-PQ Process,16-Sep-06,16-Sep-06,16-Sep-06,HRDT,HIV test,"HIV 1/2, Determine Complete HIV Kit, 100 Tests",Test kit,100.0,500.0,40000.0,80.0,0.8,ABBVIE GmbH & Co.KG Wiesbaden,Yes,171,1275.12,,
82639,102-ZW-T30,FPQ-12085,SO-45110,DN-3496,Zimbabwe,PMO - US,From RDC,N/A - From RDC,Truck,4/19/13,N/A - From RDC,31-Jan-14,10-Feb-14,19-Mar-14,ARV,Adult,SCMS from RDC,"Efavirenz/Lamivudine/Tenofovir Disoproxil Fumarate 600/300/300mg, tablets, 30 Tabs",Efavirenz/Lamivudine/Tenofovir Disoproxil Fumarate,Generic,600/300/300mg,Tablet - FDC,30.0,90000.0,946800.0,10.52,0.35,"Aurobindo Unit VII, IN",Yes,24375,15847.18,1171.19,,,,,,,,,,,,,,,,,,,,,,,,,,
25752,161-ZA-T30,FPQ-5303,SCMS-68710,ASN-6750,South Africa,PMO - US,Direct Drop,DDP,Air,3/18/10,3/19/10,11-Jun-10,11-Jun-10,11-Jun-10,ARV,Adult,CIPLA LIMITED,"Tenofovir Disoproxil Fumarate 300mg, tablets, 30 Tabs",Tenofovir Disoproxil Fumarate,Generic,300mg,Tablet,30.0,38890.0,304119.8,7.82,0.26,"Cipla, Goa, India",Yes,2649,3908.55,655.68,,,,,,,,,,,,,,,,,,,,,,,,,,
86591,,,,,Uganda,,,,,,N/A - From RDC,,,,,,SCMS from RDC,,Efavirenz,Generic,600mg,,,,,,,,,,,,114-UG-T30,SO-45870,DN-3267,PMO - US,From RDC,N/A - From RDC,Air,6/11/2013,29-Aug-13,13-Sep-13,13-Sep-13,ARV,Adult,"Efavirenz 600mg, tablets, 30 Tabs",Tablet,30.0,7363.0,24518.79,3.33,0.11,"Strides, Bangalore, India.",No,See DN-3267 (ID#:83708),See DN-3267 (ID#:83708),30.33,FPQ-12473
84719,,,,,Rwanda,,,,,,N/A - From RDC,,,,,,SCMS from RDC,,Efavirenz,Generic,200mg,,,,,,,,,,,,107-RW-T30,SO-41430,DN-2625,PMO - US,From RDC,N/A - From RDC,Air,1/27/2012,29-Jun-12,17-Apr-12,17-Apr-12,ARV,Pediatric,"Efavirenz 200mg, capsule, 90 Caps",Capsule,90.0,487.0,4207.68,8.64,0.1,"Aurobindo Unit III, India",Yes,66,585.42,5.9,FPQ-9190
7276,,Pre-PQ Process,,,Ethiopia,,,,,,7/31/2008,,,,,,"Trinity Biotech, Plc",,"HIV 1/2, Uni-Gold HIV Kit",Uni-Gold,,,,,,,,,,,,,117-ET-T01,SCMS-27810,ASN-2591,PMO - US,Direct Drop,EXW,Air,Pre-PQ Process,6-Oct-08,6-Oct-08,6-Oct-08,HRDT,HIV test,"HIV 1/2, Uni-Gold HIV Kit, 20 Tests",Test kit,20.0,4200.0,134400.0,32.0,1.6,"Trinity Biotech, Plc",Yes,1413,18180.65,215.04,
82950,,,,,Zimbabwe,,,,,,N/A - From RDC,,,,,,SCMS from RDC,,Lamivudine/Nevirapine/Stavudine,Generic,150/200/30mg,,,,,,,,,,,,113-ZW-T30,SO-39510,DN-2205,PMO - US,From RDC,N/A - From RDC,Truck,10/13/2010,31-May-11,15-Jun-11,15-Jun-11,ARV,Adult,"Lamivudine/Nevirapine/Stavudine 150/200/30mg, tablets, 60 Tabs",Tablet - FDC,60.0,19512.0,104974.56,5.38,0.09,"Cipla, Goa, India",Yes,10589,15608.15,226.33,FPQ-6470
84573,,,,,Nigeria,,,,,,N/A - From RDC,,,,,,SCMS from RDC,,Lamivudine/Nevirapine/Zidovudine,Generic,150/300/200mg,,,,,,,,,,,,151-NG-T30,SO-36435,DN-1886,PMO - US,From RDC,N/A - From RDC,Air,2/10/2010,15-Jul-10,28-Jun-10,28-Jun-10,ARV,Adult,"Lamivudine/Nevirapine/Zidovudine 150/200/300mg, tablets, 60 Tabs",Tablet - FDC,60.0,1000.0,11220.0,11.22,0.19,"Aurobindo Unit III, India",Yes,117,Freight Included in Commodity Cost,24.19,FPQ-5023
39263,108-VN-T30,FPQ-6384,SCMS-87780,ASN-9408,Vietnam,PMO - US,Direct Drop,EXW,Air,9/30/10,10/18/10,16-Feb-11,16-Feb-11,16-Feb-11,ARV,Adult,HETERO LABS LIMITED,"Nevirapine 200mg, tablets, 60 Tabs",Nevirapine,Generic,200mg,Tablet,60.0,9023.0,21925.89,2.43,0.04,Hetero Unit III Hyderabad IN,Yes,5359,18473.57,47.27,,,,,,,,,,,,,,,,,,,,,,,,,,
83444,,,,,Uganda,,,,,,N/A - From RDC,,,,,,SCMS from RDC,,Lamivudine/Nevirapine/Zidovudine,Generic,150/300/200mg,,,,,,,,,,,,114-UG-T30,SO-36070,DN-1949,PMO - US,From RDC,N/A - From RDC,Air,3/2/2010,4-Aug-10,2-Aug-10,2-Aug-10,ARV,Adult,"Lamivudine/Nevirapine/Zidovudine 150/200/300mg, tablets, 60 Tabs",Tablet - FDC,60.0,8000.0,89760.0,11.22,0.19,Mylan (formerly Matrix) Nashik,Yes,1642,15347.04,193.52,FPQ-5238
3282,116-ZA-T01,Pre-PQ Process,SCMS-26820,ASN-2488,South Africa,PMO - US,Direct Drop,DDP,Truck,Pre-PQ Process,Date Not Captured,10-Jul-08,8-Jul-08,8-Jul-08,ARV,Adult,S. BUYS WHOLESALER,"Efavirenz 600mg, tablets, 30 Tabs",Efavirenz,Generic,600mg,Tablet,30.0,1000.0,16190.0,16.19,0.54,"Cipla, Goa, India",No,Weight Captured Separately,Freight Included in Commodity Cost,25.9,,,,,,,,,,,,,,,,,,,,,,,,,,
11186,,,,,Côte d'Ivoire,,,,,,N/A - From RDC,,,,,,SCMS from RDC,,"HIV 1/2, Determine HIV Kit, without Lancets",Determine,,,,,,,,,,,,,104-CI-T01,SO-1113,DN-385,PMO - US,From RDC,N/A - From RDC,Air,Pre-PQ Process,22-Oct-07,22-Oct-07,22-Oct-07,HRDT,HIV test,"HIV 1/2, Determine HIV Kit, without Lancets, 100 Tests",Test kit,100.0,595.0,42834.05,71.99,0.72,Inverness Japan,Yes,200,1642,68.53,Pre-PQ Process
83628,114-UG-T30,FPQ-9875,SO-42061,DN-2875,Uganda,PMO - US,From RDC,N/A - From RDC,Air,5/9/12,N/A - From RDC,17-Oct-12,11-Oct-12,11-Oct-12,ARV,Adult,SCMS from RDC,"Efavirenz 600mg, tablets, 30 Tabs",Efavirenz,Generic,600mg,Tablet,30.0,33373.0,121477.72,3.64,0.12,"Aurobindo Unit III, India",Yes,2870,14974.6,170.31,,,,,,,,,,,,,,,,,,,,,,,,,,
11091,,,,,Côte d'Ivoire,,,,,,N/A - From RDC,,,,,,SCMS from RDC,,Tenofovir Disoproxil Fumarate,Viread,300mg,,,,,,,,,,,,100-CI-T01,SO-373,DN-30,PMO - US,From RDC,N/A - From RDC,,Pre-PQ Process,15-Mar-07,15-Mar-07,15-Mar-07,ARV,Adult,"Tenofovir Disoproxil Fumarate 300mg [Viread], tablets, 30 Tabs",Tablet,30.0,528.0,8976.0,17.0,0.57,Gilead(Nycomed) Oranienburg DE,Yes,368,1619,,Pre-PQ Process
65675,,,,,Tanzania,,,,,,3/7/2014,,,,,,MYLAN LABORATORIES LTD (FORMERLY MATRIX LABORATORIES),,Abacavir,Generic,300mg,,,,,,,,,,,,109-TZ-T30,SCMS-231090,ASN-25332,PMO - US,Direct Drop,EXW,Air,2/28/2014,24-Jun-14,24-Jun-14,24-Jun-14,ARV,Adult,"Abacavir 300mg, tablets, 60 Tabs",Tablet,60.0,20000.0,221800.0,11.09,0.18,Mylan (formerly Matrix) Nashik,Yes,2069,9716.76,228.01,FPQ-13804
33807,106-HT-T30,FPQ-11287,SCMS-176360,ASN-21068,Haiti,PMO - US,Direct Drop,FCA,Air,1/16/13,2/5/13,11-Sep-13,11-Sep-13,11-Sep-13,ARV,Pediatric,ABBVIE LOGISTICS (FORMERLY ABBOTT LOGISTICS BV),"Lopinavir/Ritonavir 100/25mg [Aluvia], tablets, 60 Tabs",Lopinavir/Ritonavir,Generic,100/25mg,Tablet,60.0,612.0,3635.28,5.94,0.1,ABBVIE Ludwigshafen Germany,Yes,76,1259.05,4.5,,,,,,,,,,,,,,,,,,,,,,,,,,
11319,,,,,Uganda,,,,,,N/A - From RDC,,,,,,SCMS from RDC,,Emtricitabine/Tenofovir Disoproxil Fumarate,Truvada,300/200mg,,,,,,,,,,,,114-UG-T01,SO-30100,DN-1232,PMO - US,From RDC,N/A - From RDC,Air,Pre-PQ Process,1-Jun-09,1-Jun-09,1-Jun-09,ARV,Adult,"Emtricitabine/Tenofovir Disoproxil Fumarate 200/300mg [Truvada], tablets, 30 Tabs",Tablet - FDC,30.0,90.0,2362.5,26.25,0.88,"Aspen-OSD, Port Elizabeth, SA",No,See DN-1232 (ID#:10766),See DN-1232 (ID#:10766),4.63,Pre-PQ Process
12658,111-MZ-T01,Pre-PQ Process,SO-671,DN-189,Mozambique,PMO - US,From RDC,N/A - From RDC,Air,Pre-PQ Process,N/A - From RDC,20-Jun-07,20-Jun-07,20-Jun-07,ARV,Adult,SCMS from RDC,"Lamivudine/Nevirapine/Stavudine 150/200/30mg, tablets, 60 Tabs",Lamivudine/Nevirapine/Stavudine,Generic,150/200/30mg,Tablet - FDC,60.0,62000.0,458800.0,7.4,0.12,"Cipla, Goa, India",Yes,5778,20299,734.08,,,,,,,,,,,,,,,,,,,,,,,,,,
14743,,,,,South Africa,,,,,,9/24/2010,,,,,,Aurobindo Pharma Limited,,Zidovudine,Generic,300mg,,,,,,,,,,,,161-ZA-T30,SCMS-83730,ASN-9481,PMO - US,Direct Drop,DDP,Ocean,8/31/2010,4-Mar-11,4-Mar-11,4-Mar-11,ARV,Adult,"Zidovudine 300mg, tablets, 60 Tabs",Tablet,60.0,87500.0,641375.0,7.33,0.12,"Aurobindo Unit III, India",Yes,4416,7334.83,1382.8,FPQ-6262
13581,,FPQ-7936,,,Swaziland,,,,,,7/13/2011,,,,,,"Orgenics, Ltd",,"HIV 1/2, Determine Complete HIV Kit",Determine,,,,,,,,,,,,,102-SZ-T30,SCMS-113480,ASN-11824,PMO - US,Direct Drop,EXW,Air,6/21/2011,28-Sep-11,28-Sep-11,28-Sep-11,HRDT,HIV test,"HIV 1/2, Determine Complete HIV Kit, 100 Tests",Test kit,100.0,377.0,30160.0,80.0,0.8,Inverness Japan,Yes,172,4504.46,49.76,
84775,,,,,Côte d'Ivoire,,,,,,N/A - From RDC,,,,,,SCMS from RDC,,Efavirenz,Generic,600mg,,,,,,,,,,,,104-CI-T30,SO-42373,DN-2954,PMO - US,From RDC,N/A - From RDC,Truck,4/19/2012,31-Dec-12,6-Dec-12,6-Dec-12,ARV,Adult,"Efavirenz 600mg, tablets, 30 Tabs",Tablet,30.0,7640.0,27809.6,3.64,0.12,"Aurobindo Unit III, India",No,See DN-2954 (ID#:82534),See DN-2954 (ID#:82534),38.99,FPQ-9749
11933,,,,,Nigeria,,,,,,N/A - From RDC,,,,,,SCMS from RDC,,Emtricitabine/Tenofovir Disoproxil Fumarate,Truvada,300/200mg,,,,,,,,,,,,112-NG-T01,SO-2728,DN-917,PMO - US,From RDC,N/A - From RDC,Air,Pre-PQ Process,24-Sep-08,24-Sep-08,24-Sep-08,ARV,Adult,"Emtricitabine/Tenofovir Disoproxil Fumarate 200/300mg [Truvada], tablets, 30 Tabs",Tablet - FDC,30.0,4.0,105.0,26.25,0.88,"Aspen-OSD, Port Elizabeth, SA",No,See DN-917 (ID#:10745),See DN-917 (ID#:10745),0.17,Pre-PQ Process
32111,,FPQ-9210,,,Ethiopia,,,,,,1/23/2012,,,,,,"CHEMBIO DIAGNOSTIC SYSTEMS, INC.",,"HIV 1/2, Stat-Pak HIV, Kit",Stat-Pak,,,,,,,,,,,,,117-ET-T30,SCMS-134750,ASN-14234,PMO - US,Direct Drop,EXW,Air,1/18/2012,27-Mar-12,27-Mar-12,27-Mar-12,HRDT,HIV test,"HIV 1/2, Stat-Pak HIV, Kit, 20 Tests",Test kit,20.0,121.0,3509.0,29.0,1.45,Chembio Diagnostics Sys. Inc.,Yes,42,354.59,4.92,
12842,114-UG-T01,Pre-PQ Process,SO-17751,DN-1077,Uganda,PMO - US,From RDC,N/A - From RDC,Air,Pre-PQ Process,N/A - From RDC,19-Feb-09,19-Feb-09,19-Feb-09,ARV,Adult,SCMS from RDC,"Lamivudine/Nevirapine/Zidovudine 150/200/300mg, tablets, 60 Tabs",Lamivudine/Nevirapine/Zidovudine,Generic,150/300/200mg,Tablet - FDC,60.0,14600.0,172280.0,11.8,0.2,"Aurobindo Unit III, India",Yes,1657,9995.55,337.67,,,,,,,,,,,,,,,,,,,,,,,,,,
82524,,,,,Côte d'Ivoire,,,,,,N/A - From RDC,,,,,,SCMS from RDC,,Abacavir/Lamivudine,Generic,600/300mg,,,,,,,,,,,,104-CI-T30,SO-43280,DN-2895,PMO - US,From RDC,N/A - From RDC,Truck,9/6/2012,14-Dec-12,24-Oct-12,24-Oct-12,ARV,Adult,"Abacavir/Lamivudine 600/300mg, scored tablets, 30 Tabs",Tablet - FDC,30.0,2500.0,56250.0,22.5,0.75,"Aurobindo Unit III, India",Yes,2147,8211.03,78.86,FPQ-10626
3261,,Pre-PQ Process,,,Vietnam,,,,,,7/1/2008,,,,,,MYLAN LABORATORIES LTD (FORMERLY MATRIX LABORATORIES),,Tenofovir Disoproxil Fumarate,Generic,300mg,,,,,,,,,,,,108-VN-T01,SCMS-26380,ASN-2338,PMO - US,Direct Drop,EXW,Air,Pre-PQ Process,20-Sep-08,20-Sep-08,20-Sep-08,ARV,Adult,"Tenofovir Disoproxil Fumarate 300mg, tablets, 30 Tabs",Tablet,30.0,2016.0,24917.76,12.36,0.41,Mylan (formerly Matrix) Nashik,Yes,120,5921.97,39.87,
78090,,,,,South Africa,,,,,,9/24/2010,,,,,,Aurobindo Pharma Limited,,Efavirenz,Generic,50mg,,,,,,,,,,,,161-ZA-T30,SCMS-83790,ASN-9182,PMO - US,Direct Drop,DDP,Ocean,8/31/2010,31-Dec-10,31-Dec-10,31-Dec-10,ARV,Pediatric,"Efavirenz 50mg, capsule, 30 Caps",Capsule,30.0,22920.0,54778.8,2.39,0.08,"Aurobindo Unit III, India",Yes,1291,4429.37,118.1,FPQ-6262
5280,108-VN-T01,Pre-PQ Process,SCMS-476,ASN-387,Vietnam,PMO - US,Direct Drop,EXW,Air,Pre-PQ Process,11/14/06,14-Mar-07,16-May-07,16-May-07,ARV,Pediatric,Aurobindo Pharma Limited,"Didanosine 100mg, chewable/dispersible tablets, 60 Tabs",Didanosine,Generic,100mg,Chewable/dispersible tablet,60.0,1700.0,17850.0,10.5,0.18,"Aurobindo Unit III, India",Yes,356,14982.1,,,,,,,,,,,,,,,,,,,,,,,,,,,
35323,104-CI-T30,FPQ-12150,SCMS-191960,ASN-22107,Côte d'Ivoire,PMO - US,Direct Drop,FCA,Air,4/29/13,6/12/13,17-Oct-13,17-Oct-13,28-Oct-13,ARV,Adult,ABBVIE LOGISTICS (FORMERLY ABBOTT LOGISTICS BV),"Ritonavir 100mg [Norvir], film coated tablets, 60 Tabs",Ritonavir,Norvir,100mg,Tablet,60.0,780.0,5343.0,6.85,0.11,ABBVIE Ludwigshafen Germany,Yes,102,1743.84,6.61,,,,,,,,,,,,,,,,,,,,,,,,,,
82627,,,,,Tanzania,,,,,,N/A - From RDC,,,,,,SCMS from RDC,,Lopinavir/Ritonavir,Aluvia,200/50mg,,,,,,,,,,,,109-TZ-T30,SO-45998,DN-3505,PMO - US,From RDC,N/A - From RDC,Truck,7/4/2013,31-Jan-14,19-Feb-14,24-Feb-14,ARV,Adult,"Lopinavir/Ritonavir 200/50mg [Aluvia], tablets, 120 Tabs",Tablet,120.0,909.0,17743.68,19.52,0.16,ABBVIE Ludwigshafen Germany,Yes,8820,3541.59,21.95,FPQ-12587
12233,110-ZM-T01,Pre-PQ Process,SO-2477,DN-854,Zambia,PMO - US,From RDC,N/A - From RDC,Truck,Pre-PQ Process,N/A - From RDC,20-Aug-08,20-Aug-08,20-Aug-08,ARV,Pediatric,SCMS from RDC,"Didanosine 100mg, chewable/dispersible tablets, 60 Tabs",Didanosine,Generic,100mg,Chewable/dispersible tablet,60.0,3600.0,27900.0,7.75,0.13,"Aurobindo Unit III, India",Yes,750,813.75,44.64,,,,,,,,,,,,,,,,,,,,,,,,,,
86263,,,,,Uganda,,,,,,N/A - From RDC,,,,,,SCMS from RDC,,Lamivudine/Nevirapine/Zidovudine,Generic,150/300/200mg,,,,,,,,,,,,114-UG-T30,SO-35610,DN-1638,PMO - US,From RDC,N/A - From RDC,Truck,9/17/2009,25-Feb-10,18-Feb-10,18-Feb-10,ARV,Adult,"Lamivudine/Nevirapine/Zidovudine 150/200/300mg, tablets, 60 Tabs",Tablet - FDC,60.0,29.0,325.38,11.22,0.19,"Aurobindo Unit III, India",No,See DN-1638 (ID#:84526),See DN-1638 (ID#:84526),0.64,FPQ-4275
86374,104-CI-T30,FPQ-6891,SO-38540,DN-2153,Côte d'Ivoire,PMO - US,From RDC,N/A - From RDC,Air,12/21/10,N/A - From RDC,20-Apr-11,10-Jun-11,10-Jun-11,ARV,Adult,SCMS from RDC,"Emtricitabine/Tenofovir Disoproxil Fumarate 200/300mg, tablets, 30 Tabs",Emtricitabine/Tenofovir Disoproxil Fumarate,Generic,200/300mg,Tablet - FDC,30.0,14440.0,157684.8,10.92,0.36,Mylan (formerly Matrix) Nashik,No,See DN-2153 (ID#:82374),See DN-2153 (ID#:82374),260.18,,,,,,,,,,,,,,,,,,,,,,,,,,
84658,,,,,Ghana,,,,,,N/A - From RDC,,,,,,SCMS from RDC,,Tenofovir Disoproxil Fumarate,Generic,300mg,,,,,,,,,,,,100-GH-T30,SO-39980,DN-2262,PMO - US,From RDC,N/A - From RDC,Air,6/6/2011,4-Jul-11,9-Jun-11,9-Jun-11,ARV,Adult,"Tenofovir Disoproxil Fumarate 300mg, tablets, 30 Tabs",Tablet,30.0,1086.0,6972.12,6.42,0.21,"Aurobindo Unit III, India",Yes,90,226.25,11.5,FPQ-7799
86097,110-ZM-T30,FPQ-12066,SO-45090,DN-3755,Zambia,PMO - US,From RDC,N/A - From RDC,Truck,4/19/13,N/A - From RDC,30-Jun-14,17-Jun-14,9-Jul-14,ARV,Adult,SCMS from RDC,"Nevirapine 200mg, tablets, 60 Tabs",Nevirapine,Generic,200mg,Tablet,60.0,77187.0,168267.66,2.18,0.04,Hetero Unit III Hyderabad IN,Yes,4800,10982.2,208.15,,,,,,,,,,,,,,,,,,,,,,,,,,
84137,101-CD-T30,FPQ-8840,SO-41137,DN-2499,"Congo, DRC",PMO - US,From RDC,N/A - From RDC,Air,11/21/11,N/A - From RDC,16-Mar-12,14-Feb-12,14-Feb-12,ARV,Adult,SCMS from RDC,"Lopinavir/Ritonavir 200/50mg, tablets, 120 Tabs",Lopinavir/Ritonavir,Generic,200/50mg,Tablet,120.0,50.0,1687.0,33.74,0.28,"Aurobindo Unit III, India",No,See DN-2499 (ID#:83004),See DN-2499 (ID#:83004),2.37,,,,,,,,,,,,,,,,,,,,,,,,,,
12849,113-ZW-T01,Pre-PQ Process,SO-18100,DN-1115,Zimbabwe,PMO - US,From RDC,N/A - From RDC,Truck,Pre-PQ Process,N/A - From RDC,6-Apr-09,6-Apr-09,6-Apr-09,ARV,Adult,SCMS from RDC,"Lamivudine/Stavudine 150/30mg, tablets, 30 Tabs",Lamivudine/Stavudine,Generic,150/30mg,Tablet - FDC,30.0,8000.0,16000.0,2.0,0.07,"Cipla, Goa, India",No,See DN-1115 (ID#:11008),See DN-1115 (ID#:11008),31.36,,,,,,,,,,,,,,,,,,,,,,,,,,
82438,,FPQ-8840,,,"Congo, DRC",,,,,,N/A - From RDC,,,,,,SCMS from RDC,,Nevirapine,Generic,200mg,,,,,,,,,,,,101-CD-T30,SO-41138,DN-2500,PMO - US,From RDC,N/A - From RDC,Air,11/21/2011,10-Feb-12,14-Feb-12,14-Feb-12,ARV,Adult,"Nevirapine 200mg, tablets, 60 Tabs",Tablet,60.0,341.0,879.78,2.58,0.04,"Strides, Bangalore, India.",No,See DN-2500 (ID#:82436),See DN-2500 (ID#:82436),1.23,
2647,,Pre-PQ Process,,,Côte d'Ivoire,,,,,,Date Not Captured,,,,,,BIO-RAD LABORATORIES (FRANCE),,"HIV, Genie II HIV-1/HIV-2 Kit",Genie,,,,,,,,,,,,,104-CI-T01,SCMS-28,ASN-16,PMO - US,Direct Drop,EXW,Air,Pre-PQ Process,6-Sep-06,6-Sep-06,6-Sep-06,HRDT,HIV test,"#108853** HIV, Genie II HIV-1/HIV-2 Kit, 40 Tests",Test kit,40.0,100.0,7535.0,75.35,1.88,Bio-Rad Laboratories,Yes,107,1845.74,,
78714,,,,,Vietnam,,,,,,11/7/2012,,,,,,HETERO LABS LIMITED,,Abacavir,Generic,300mg,,,,,,,,,,,,108-VN-T30,SCMS-164580,ASN-18662,PMO - US,Direct Drop,EXW,Air,10/15/2012,3-Apr-13,3-Apr-13,3-Apr-13,ARV,Adult,"Abacavir 300mg, tablets, 60 Tabs",Tablet,60.0,327.0,4218.3,12.9,0.22,Hetero Unit III Hyderabad IN,No,See ASN-18662 (ID#:38299),See ASN-18662 (ID#:38299),5.22,FPQ-10811
68577,,FPQ-10044,,,"Congo, DRC",,,,,,6/27/2012,,,,,,"Orgenics, Ltd",,"HIV 1/2, Determine Complete HIV Kit",Determine,,,,,,,,,,,,,101-CD-T30,SCMS-149140,ASN-15986,PMO - US,Direct Drop,EXW,Air,6/5/2012,27-Feb-13,27-Feb-13,27-Feb-13,HRDT,HIV test,"HIV 1/2, Determine Complete HIV Kit, 100 Tests",Test kit,100.0,1505.0,120400.0,80.0,0.8,"Alere Medical Co., Ltd.",Yes,746,13037.01,168.8,
12673,,,,,Mozambique,,,,,,N/A - From RDC,,,,,,SCMS from RDC,,Abacavir,Generic,20mg/ml,,,,,,,,,,,,111-MZ-T01,SO-502,DN-282,PMO - US,From RDC,N/A - From RDC,Air,Pre-PQ Process,10-Oct-07,10-Oct-07,10-Oct-07,ARV,Pediatric,"Abacavir 20mg/ml, oral solution, Bottle, 240 ml",Oral solution,240.0,1020.0,21930.0,21.5,0.09,"Aurobindo Unit III, India",No,See DN-282 (ID#:11144),See DN-282 (ID#:11144),35.09,Pre-PQ Process
83436,,FPQ-5201,,,Côte d'Ivoire,,,,,,N/A - From RDC,,,,,,SCMS from RDC,,Zidovudine,Generic,10mg/ml,,,,,,,,,,,,104-CI-T30,SO-36340,DN-1873,PMO - US,From RDC,N/A - From RDC,Air,3/3/2010,12-Jul-10,30-Jun-10,30-Jun-10,ARV,Pediatric,"Zidovudine 10mg/ml, oral solution, Bottle, 240 ml",Oral solution,240.0,7284.0,14713.68,2.02,0.01,"Aurobindo Unit III, India",No,See DN-1873 (ID#:82329),See DN-1873 (ID#:82329),31.72,
84102,106-HT-T30,FPQ-6801,SO-38211,DN-2283,Haiti,PMO - US,From RDC,N/A - From RDC,Air,12/14/10,N/A - From RDC,19-Jul-11,21-Jul-11,21-Jul-11,ARV,Pediatric,SCMS from RDC,"Didanosine 200mg, chewable/dispersible tablets, 60 Tabs",Didanosine,Generic,200mg,Chewable/dispersible tablet,60.0,180.0,2700.0,15.0,0.25,"Aurobindo Unit III, India",Yes,38,1128.54,4.46,,,,,,,,,,,,,,,,,,,,,,,,,,
28204,,,,,South Africa,,,,,,6/17/2010,,,,,,Aurobindo Pharma Limited,,Tenofovir Disoproxil Fumarate,Generic,300mg,,,,,,,,,,,,161-ZA-T30,SCMS-75980,ASN-8698,PMO - US,Direct Drop,DDP,Ocean,6/2/2010,20-Dec-10,20-Dec-10,20-Dec-10,ARV,Adult,"Tenofovir Disoproxil Fumarate 300mg, tablets, 30 Tabs",Tablet,30.0,88289.0,610076.99,6.91,0.23,"Aurobindo Unit III, India",Yes,7540,5460.48,1315.33,FPQ-5648
24440,,,,,South Africa,,,,,,8/13/2014,,,,,,S. BUYS WHOLESALER,,Lopinavir/Ritonavir,Kaletra,80/20mg/ml,,,,,,,,,,,,116-ZA-T30,SCMS-199287,ASN-27748,PMO - US,Direct Drop,DDP,Truck,7/11/2013,13-Aug-14,13-Aug-14,13-Aug-14,ARV,Pediatric,"Lopinavir/Ritonavir 80/20mg/ml [Kaletra], oral solution, cool, Bottle 5 x 60 ml",Oral solution,300.0,2.0,46.9,23.45,0.08,ABBVIE (Abbott) Logis. UK,Yes,Weight Captured Separately,Freight Included in Commodity Cost,0.06,FPQ-12522
84713,,FPQ-9229,,,Burundi,,,,,,N/A - From RDC,,,,,,SCMS from RDC,,Lamivudine,Generic,10mg/ml,,,,,,,,,,,,102-BI-T30,SO-41540,DN-2595,PMO - US,From RDC,N/A - From RDC,Air,1/25/2012,26-Apr-12,9-Apr-12,9-Apr-12,ARV,Pediatric,"Lamivudine 10mg/ml, oral solution w/syringe, Bottle, 240 ml",Oral solution,240.0,240.0,444.0,1.85,0.01,"Aurobindo Unit III, India",No,See DN-2595 (ID#:83577),See DN-2595 (ID#:83577),0.62,
81627,,,,,Vietnam,,,,,,4/14/2011,,,,,,HETERO LABS LIMITED,,Efavirenz,Generic,600mg,,,,,,,,,,,,108-VN-T30,SCMS-105510,ASN-11735,PMO - US,Direct Drop,EXW,Air,3/31/2011,13-Sep-11,13-Sep-11,13-Sep-11,ARV,Adult,"Efavirenz 600mg, tablets, 30 Tabs",Tablet,30.0,30000.0,123900.0,4.13,0.14,Hetero Unit III Hyderabad IN,Yes,2957,14589.33,204.44,FPQ-7427
65579,,,,,Tanzania,,,,,,3/12/2010,,,,,,ABBVIE LOGISTICS (FORMERLY ABBOTT LOGISTICS BV),,Lopinavir/Ritonavir,Aluvia,200/50mg,,,,,,,,,,,,109-TZ-T30,SCMS-66920,ASN-7251,PMO - US,Direct Drop,FCA,Air,3/1/2010,28-Jul-10,28-Jul-10,28-Jul-10,ARV,Adult,"Lopinavir/Ritonavir 200/50mg [Aluvia], tablets, 120 Tabs",Tablet,120.0,9007.0,325693.12,36.16,0.3,ABBVIE Ludwigshafen Germany,Yes,2020,9169.63,702.19,FPQ-5174
56331,,FPQ-9635,,,Haiti,,,,,,6/28/2012,,,,,,MYLAN LABORATORIES LTD (FORMERLY MATRIX LABORATORIES),,Lopinavir/Ritonavir,Generic,200/50mg,,,,,,,,,,,,106-HT-T30,SCMS-148440,ASN-15571,PMO - US,Direct Drop,EXW,Ocean,5/14/2012,22-Oct-12,22-Oct-12,22-Oct-12,ARV,Adult,"Lopinavir/Ritonavir 200/50mg, tablets, 120 Tabs",Tablet,120.0,2160.0,54000.0,25.0,0.21,Mylan (formerly Matrix) Nashik,No,See ASN-15571 (ID#:21091),See ASN-15571 (ID#:21091),75.71,
85003,,FPQ-14396,,,Uganda,,,,,,N/A - From RDC,,,,,,SCMS from RDC,,Lopinavir/Ritonavir,Aluvia,200/50mg,,,,,,,,,,,,114-UG-T30,SO-48993,DN-4041,PMO - US,From RDC,N/A - From RDC,Truck,6/4/2014,16-Feb-15,24-Jan-15,3-Feb-15,ARV,Adult,"Lopinavir/Ritonavir 200/50mg [Aluvia], tablets, 120 Tabs",Tablet,120.0,3663.0,69230.7,18.9,0.16,ABBVIE Ludwigshafen Germany,No,See DN-4041 (ID#:83291),See DN-4041 (ID#:83291),71.17,
83210,103-ZW-T30,FPQ-12086,SO-45123,DN-3549,Zimbabwe,PMO - US,From RDC,N/A - From RDC,Truck,4/19/13,N/A - From RDC,31-Mar-14,11-Feb-14,4-Mar-14,ARV,Pediatric,SCMS from RDC,"Efavirenz 200mg, scored tablets, 90 Tabs",Efavirenz,Generic,200mg,Tablet,90.0,266.0,2473.8,9.3,0.1,"Strides, Bangalore, India.",Yes,17,1200,3.06,,,,,,,,,,,,,,,,,,,,,,,,,,
2680,,,,,Zambia,,,,,,Date Not Captured,,,,,,Aurobindo Pharma Limited,,Abacavir,Generic,20mg/ml,,,,,,,,,,,,110-ZM-T01,SCMS-137,ASN-95,PMO - US,Direct Drop,EXW,Air,Pre-PQ Process,29-Jan-07,29-Jan-07,29-Jan-07,ARV,Pediatric,"Abacavir 20mg/ml, oral solution, Bottle, 240 ml",Oral solution,240.0,906.0,19071.3,21.05,0.09,"Aurobindo Unit III, India",Yes,316,3850.8,,Pre-PQ Process
85913,,,,,Rwanda,,,,,,N/A - From RDC,,,,,,SCMS from RDC,,Lamivudine/Stavudine,Generic,150/30mg,,,,,,,,,,,,107-RW-T30,SO-42700,DN-2915,PMO - US,From RDC,N/A - From RDC,Air,6/18/2012,16-Jan-13,16-Jan-13,16-Jan-13,ARV,Adult,"Lamivudine/Stavudine 150/30mg, tablets, 60 Tabs",Tablet - FDC,60.0,5468.0,16130.6,2.95,0.05,Hetero Unit III Hyderabad IN,Yes,437,2928.4,22.62,FPQ-10119
12151,,Pre-PQ Process,,,Haiti,,,,,,N/A - From RDC,,,,,,SCMS from RDC,,Stavudine,Generic,1mg/ml,,,,,,,,,,,,106-HT-T01,SO-1287,DN-614,PMO - US,From RDC,N/A - From RDC,Air,Pre-PQ Process,4-Mar-08,21-Feb-08,21-Feb-08,ARV,Pediatric,"Stavudine 1mg/ml, powder for oral solution, 200 ml",Oral solution,200.0,300.0,420.0,1.4,0.01,"Aurobindo Unit III, India",No,See DN-614 (ID#:11219),See DN-614 (ID#:11219),0.67,
83587,,FPQ-9229,,,Burundi,,,,,,N/A - From RDC,,,,,,SCMS from RDC,,Lamivudine/Zidovudine,Generic,150/300mg,,,,,,,,,,,,102-BI-T30,SO-41531,DN-2636,PMO - US,From RDC,N/A - From RDC,Air,1/25/2012,26-Apr-12,4-May-12,4-May-12,ARV,Adult,"Lamivudine/Zidovudine 150/300mg, tablets, 60 Tabs",Tablet - FDC,60.0,1728.0,13824.0,8.0,0.13,Hetero Unit III Hyderabad IN,Yes,Weight Captured Separately,Invoiced Separately,19.38,
11141,104-CI-T01,Pre-PQ Process,SO-817,DN-274,Côte d'Ivoire,PMO - US,From RDC,N/A - From RDC,,Pre-PQ Process,N/A - From RDC,14-Aug-07,14-Aug-07,14-Aug-07,ARV,Adult,SCMS from RDC,"Lamivudine/Nevirapine/Stavudine 150/200/30mg, tablets, 60 Tabs",Lamivudine/Nevirapine/Stavudine,Generic,150/200/30mg,Tablet - FDC,60.0,32436.0,243270.0,7.5,0.12,"Cipla, Goa, India",Yes,3203,8258,389.23,,,,,,,,,,,,,,,,,,,,,,,,,,
85771,,FPQ-7799,,,Ghana,,,,,,N/A - From RDC,,,,,,SCMS from RDC,,Nevirapine,Generic,200mg,,,,,,,,,,,,100-GH-T30,SO-39930,DN-2260,PMO - US,From RDC,N/A - From RDC,Air,6/6/2011,4-Jul-11,20-Jul-11,20-Jul-11,ARV,Adult,"Nevirapine 200mg, tablets, 60 Tabs",Tablet,60.0,25509.0,64027.59,2.51,0.04,Hetero Unit III Hyderabad IN,Yes,2216,226.25,105.65,
83663,114-UG-T30,FPQ-11143,SO-43960,DN-3042,Uganda,PMO - US,From RDC,N/A - From RDC,Air,12/13/12,N/A - From RDC,9-Mar-13,7-Mar-13,7-Mar-13,ARV,Adult,SCMS from RDC,"Efavirenz/Lamivudine/Tenofovir Disoproxil Fumarate 600/300/300mg, tablets, 30 Tabs",Efavirenz/Lamivudine/Tenofovir Disoproxil Fumarate,Generic,600/300/300mg,Tablet - FDC,30.0,5277.0,63904.47,12.11,0.4,Mylan (formerly Matrix) Nashik,Yes,1366,8507.01,79.05,,,,,,,,,,,,,,,,,,,,,,,,,,
83534,,,,,Zimbabwe,,,,,,N/A - From RDC,,,,,,SCMS from RDC,,Lamivudine/Tenofovir Disoproxil Fumarate,Generic,300/300mg,,,,,,,,,,,,113-ZW-T30,SO-40281,DN-2367,PMO - US,From RDC,N/A - From RDC,Truck,6/28/2011,25-Oct-11,21-Oct-11,21-Oct-11,ARV,Adult,"Lamivudine/Tenofovir Disoproxil Fumarate 300/300mg, tablets, 30 Tabs",Tablet - FDC,30.0,42444.0,366291.72,8.63,0.29,Mylan (formerly Matrix) Nashik,Yes,1423,6623.46,604.38,FPQ-7934
25220,,FPQ-10765,,,Nigeria,,,,,,10/16/2012,,,,,,"Orgenics, Ltd",,"HIV 1/2, Determine Complete HIV Kit",Determine,,,,,,,,,,,,,133-NG-T30,SCMS-162440,ASN-17647,PMO - US,Direct Drop,EXW,Air,10/5/2012,9-Jan-13,28-Jan-13,28-Jan-13,HRDT,HIV test,"HIV 1/2, Determine Complete HIV Kit, 100 Tests",Test kit,100.0,2352.0,209328.0,89.0,0.89,"Alere Medical Co., Ltd.",Yes,1058,21683.23,293.48,
2147,,Pre-PQ Process,,,Ethiopia,,,,,,10/27/2008,,,,,,"SHANGHAI KEHUA BIOENGINEERING CO.,LTD.  (KHB)",,"HIV 1/2, Colloidal Gold, Diagnostic Kit, Antibody",Colloidal Gold,,,,,,,,,,,,,117-ET-T01,SCMS-32640,ASN-2935,PMO - US,Direct Drop,EXW,Air,Pre-PQ Process,3-Dec-08,3-Dec-08,3-Dec-08,HRDT,HIV test,"HIV 1/2, SKB Colloidal Gold, Diagnostic Kit, Antibody, 50 Tests",Test kit,1.0,3510.0,80730.0,23.0,23.0,"KHB Test Kit Facility, Shanghai China",Yes,2535,22433.91,158.23,
74492,107-RW-T30,FPQ-8742,SCMS-137540,ASN-14799,Rwanda,PMO - US,Direct Drop,EXW,Ocean,12/7/11,4/3/12,16-Jul-12,16-Jul-12,16-Jul-12,ARV,Adult,MYLAN LABORATORIES LTD (FORMERLY MATRIX LABORATORIES),"Efavirenz/Lamivudine/Tenofovir Disoproxil Fumarate 600/300/300mg, tablets, 30 Tabs",Efavirenz/Lamivudine/Tenofovir Disoproxil Fumarate,Generic,600/300/300mg,Tablet - FDC,30.0,39330.0,511290.0,13.0,0.43,Mylan (formerly Matrix) Nashik,Yes,4426,66916.5,716.83,,,,,,,,,,,,,,,,,,,,,,,,,,
83418,,FPQ-4537,,,Nigeria,,,,,,N/A - From RDC,,,,,,SCMS from RDC,,Stavudine,Generic,20mg,,,,,,,,,,,,151-NG-T30,SO-35130,DN-1788,PMO - US,From RDC,N/A - From RDC,Air Charter,11/6/2009,31-May-10,18-May-10,18-May-10,ARV,Adult,"Stavudine 20mg, capsules, 60 Caps",Capsule,60.0,3250.0,4647.5,1.43,0.02,"Aurobindo Unit III, India",Yes,216,9736.1,10.02,
84160,,,,,Zimbabwe,,,,,,N/A - From RDC,,,,,,SCMS from RDC,,Lamivudine/Nevirapine/Zidovudine,Generic,150/300/200mg,,,,,,,,,,,,113-ZW-T30,SO-40860,DN-2621,PMO - US,From RDC,N/A - From RDC,Truck,10/4/2011,17-Apr-12,7-May-12,7-May-12,ARV,Adult,"Lamivudine/Nevirapine/Zidovudine 150/200/300mg, tablets, 60 Tabs",Tablet - FDC,60.0,11574.0,127314.0,11.0,0.18,Mylan (formerly Matrix) Nashik,No,See DN-2621 (ID#:83583),See DN-2621 (ID#:83583),210.07,FPQ-8464
45143,,,,,South Africa,,,,,,8/29/2014,,,,,,S. BUYS WHOLESALER,,Didanosine,Generic,400mg,,,,,,,,,,,,116-ZA-T30,SCMS-199289,ASN-28033,PMO - US,Direct Drop,DDP,Truck,7/11/2013,29-Aug-14,29-Aug-14,29-Aug-14,ARV,Adult,"Didanosine 400mg, delayed-release capsules, 30 Caps",Delayed-release capsules,30.0,17.0,368.99,21.71,0.72,"Aurobindo Unit III, India",No,Weight Captured Separately,Freight Included in Commodity Cost,0.46,FPQ-12522
84177,,FPQ-10046,,,"Congo, DRC",,,,,,N/A - From RDC,,,,,,SCMS from RDC,,"HIV 1/2, Determine Complete HIV Kit",Determine,,,,,,,,,,,,,102-CD-T30,SO-42450,DN-2720,PMO - US,From RDC,N/A - From RDC,Air,4/26/2012,9-Sep-12,9-Sep-12,9-Sep-12,HRDT,HIV test,"HIV 1/2, Determine Complete HIV Kit, 100 Tests",Test kit,100.0,1500.0,120000.0,80.0,0.8,"Alere Medical Co., Ltd.",Yes,448,2757.4,168.24,
45400,,FPQ-4302,,,Vietnam,,,,,,9/24/2009,,,,,,ABBVIE LOGISTICS (FORMERLY ABBOTT LOGISTICS BV),,Ritonavir,Norvir,100mg,,,,,,,,,,,,108-VN-T30,SCMS-53720,ASN-5183,PMO - US,Direct Drop,FCA,Air,9/18/2009,3-Nov-09,3-Nov-09,3-Nov-09,ARV,Adult,"Ritonavir 100mg [Norvir], capsules, cool, 4 x 84 Caps",Capsule,336.0,40.0,3068.8,76.72,0.23,ABBVIE (Abbott) Logis. UK,Yes,114,4410.73,6.01,
84149,109-TZ-T30,FPQ-8303,SO-40531,DN-2572,Tanzania,PMO - US,From RDC,N/A - From RDC,Truck,8/22/11,N/A - From RDC,11-Apr-12,11-Apr-12,11-Apr-12,ARV,Pediatric,SCMS from RDC,"Nevirapine 10mg/ml, oral suspension w/syringe, Bottle, 240 ml",Nevirapine,Generic,10mg/ml,Oral suspension,240.0,19026.0,37100.7,1.95,0.01,"Aurobindo Unit III, India",Yes,7096,3279.29,61.22,,,,,,,,,,,,,,,,,,,,,,,,,,
45793,,FPQ-15869,,,South Africa,,,,,,5/7/2015,,,,,,PHARMACY DIRECT,,Efavirenz/Emtricitabine/Tenofovir Disoproxil Fumarate,Generic,600/200/300mg,,,,,,,,,,,,116-ZA-T30,SCMS-278620,ASN-32073,PMO - US,Direct Drop,DDP,Truck,2/23/2015,7-May-15,7-May-15,7-May-15,ARV,Adult,"Efavirenz/Emtricitabine/Tenofovir Disoproxil Fumarate 600/200/300mg, tablets, 30 Tabs",Tablet - FDC,30.0,5000.0,177172.11,35.43,1.18,Mylan (formerly Matrix) Nashik,Yes,Weight Captured Separately,Freight Included in Commodity Cost,208.53,
46170,116-ZA-T30,FPQ-7176,SCMS-104390,ASN-11198,South Africa,PMO - US,Direct Drop,DDP,Ocean,3/10/11,4/1/11,14-Sep-11,14-Sep-11,14-Sep-11,ARV,Adult,Aurobindo Pharma Limited,"Lamivudine/Zidovudine 150/300mg, tablets, 60 Tabs",Lamivudine/Zidovudine,Generic,150/300mg,Tablet - FDC,60.0,19836.0,167019.12,8.42,0.14,"Aurobindo Unit III, India",Yes,1820,698,275.58,,,,,,,,,,,,,,,,,,,,,,,,,,
11250,,Pre-PQ Process,,,Côte d'Ivoire,,,,,,N/A - From RDC,,,,,,SCMS from RDC,,Efavirenz,Generic,200mg,,,,,,,,,,,,104-CI-T01,SO-2705,DN-786,PMO - US,From RDC,N/A - From RDC,Air,Pre-PQ Process,27-Jun-08,27-Jun-08,27-Jun-08,ARV,Pediatric,"Efavirenz 200mg, capsule, 90 Caps",Capsule,90.0,3885.0,62160.0,16.0,0.18,"Aurobindo Unit III, India",Yes,467,6299.56,99.46,
65799,,FPQ-12522,,,South Africa,,,,,,8/29/2014,,,,,,S. BUYS WHOLESALER,,Lamivudine/Zidovudine,Generic,150/300mg,,,,,,,,,,,,116-ZA-T30,SCMS-199289,ASN-28033,PMO - US,Direct Drop,DDP,Truck,7/11/2013,29-Aug-14,29-Aug-14,29-Aug-14,ARV,Adult,"Lamivudine/Zidovudine 150/300mg, tablets, 60 Tabs",Tablet - FDC,60.0,206.0,6746.05,32.75,0.55,Hetero Unit III Hyderabad IN,No,Weight Captured Separately,Freight Included in Commodity Cost,8.34,
82618,,,,,Guyana,,,,,,N/A - From RDC,,,,,,SCMS from RDC,,Zidovudine,Generic,300mg,,,,,,,,,,,,105-GY-T30,SO-46090,DN-3425,PMO - US,From RDC,N/A - From RDC,Air,7/16/2013,31-Dec-13,2-Dec-13,20-Dec-13,ARV,Adult,"Zidovudine 300mg, tablets, 60 Tabs",Tablet,60.0,1016.0,5669.28,5.58,0.09,"Aurobindo Unit III, India",Yes,615,8420.68,7.01,FPQ-12619
84055,151-NG-T30,FPQ-6243,SO-37430,DN-2080,Nigeria,PMO - US,From RDC,N/A - From RDC,Air Charter,8/25/10,N/A - From RDC,30-Mar-11,9-Jan-11,9-Jan-11,ARV,Adult,SCMS from RDC,"Lamivudine/Tenofovir Disoproxil Fumarate 300/300mg, tablets, 30 Tabs",Lamivudine/Tenofovir Disoproxil Fumarate,Generic,300/300mg,Tablet - FDC,30.0,50000.0,441000.0,8.82,0.29,Mylan (formerly Matrix) Nashik,Yes,4502,27457,950.8,,,,,,,,,,,,,,,,,,,,,,,,,,
12138,117-ET-T01,Pre-PQ Process,SO-1524,DN-521,Ethiopia,PMO - US,From RDC,N/A - From RDC,Air,Pre-PQ Process,N/A - From RDC,20-Dec-07,20-Dec-07,20-Dec-07,ARV,Adult,SCMS from RDC,"Lamivudine/Zidovudine 150/300mg, tablets, 60 Tabs",Lamivudine/Zidovudine,Generic,150/300mg,Tablet - FDC,60.0,1797.0,17071.5,9.5,0.16,"Aurobindo Unit III, India",Yes,170,892,27.31,,,,,,,,,,,,,,,,,,,,,,,,,,
50514,,FPQ-13494,,,Haiti,,,,,,2/19/2014,,,,,,"Orgenics, Ltd",,"HIV 1/2, Determine Complete HIV Kit",Determine,,,,,,,,,,,,,106-HT-T30,SCMS-225412,ASN-26564,PMO - US,Direct Drop,EXW,Air,1/21/2014,7-Aug-14,7-Aug-14,12-Aug-14,HRDT,HIV test,"HIV 1/2, Determine Complete HIV Kit, 100 Tests",Test kit,100.0,4500.0,450000.0,100.0,1.0,"Alere Medical Co., Ltd.",Yes,1825,17758.82,462.6,
48870,,FPQ-11550,,,Guyana,,,,,,3/8/2013,,,,,,ABBVIE LOGISTICS (FORMERLY ABBOTT LOGISTICS BV),,Lopinavir/Ritonavir,Kaletra,80/20mg/ml,,,,,,,,,,,,105-GY-T30,SCMS-177920,ASN-19123,PMO - US,Direct Drop,FCA,Air,2/7/2013,31-May-13,31-May-13,31-May-13,ARV,Pediatric,"Lopinavir/Ritonavir 80/20mg/ml [Kaletra], oral solution, cool, Bottle 5 x 60 ml",Oral solution,300.0,20.0,1216.4,60.82,0.2,ABBVIE (Abbott) Logis. UK,Yes,52,1152.9,1.5,
28306,,,,,South Sudan,,,,,,4/1/2013,,,,,,"Orgenics, Ltd",,"HIV 1/2, Determine Complete HIV Kit",Determine,,,,,,,,,,,,,105-SS-T30,SCMS-181401,ASN-20649,PMO - US,Direct Drop,EXW,Air,2/22/2013,13-Sep-13,13-Sep-13,13-Sep-13,HRDT,HIV test,"HIV 1/2, Determine Complete HIV Kit, 100 Tests",Test kit,100.0,90.0,8010.0,89.0,0.89,"Alere Medical Co., Ltd.",Yes,39,1405.56,9.91,FPQ-11754
86069,,,,,Nigeria,,,,,,N/A - From RDC,,,,,,SCMS from RDC,,Lamivudine/Nevirapine/Zidovudine,Generic,150/300/200mg,,,,,,,,,,,,151-NG-T30,SO-45660,DN-3619,PMO - US,From RDC,N/A - From RDC,Air Charter,5/6/2013,15-Apr-14,17-Apr-14,2-May-14,ARV,Adult,"Lamivudine/Nevirapine/Zidovudine 150/200/300mg, tablets, 60 Tabs",Tablet - FDC,60.0,15.0,123.9,8.26,0.14,"Cipla, Goa, India",Yes,5416,29674.92,0.15,FPQ-12248
11994,,Pre-PQ Process,,,Zambia,,,,,,N/A - From RDC,,,,,,SCMS from RDC,,Efavirenz,Generic,600mg,,,,,,,,,,,,110-ZM-T01,SO-17641,DN-1326,PMO - US,From RDC,N/A - From RDC,Truck,Date Not Captured,4-Sep-09,4-Sep-09,4-Sep-09,ARV,Adult,"Efavirenz 600mg, tablets, 30 Tabs",Tablet,30.0,12740.0,140140.0,11.0,0.37,Hetero Unit III Hyderabad IN,Yes,987,2448.71,274.67,
84271,151-NG-T30,FPQ-11022,SO-43840,DN-3197,Nigeria,PMO - US,From RDC,N/A - From RDC,Air Charter,11/15/12,N/A - From RDC,31-May-13,28-May-13,28-May-13,ARV,Adult,SCMS from RDC,"Lopinavir/Ritonavir 200/50mg, tablets, 120 Tabs",Lopinavir/Ritonavir,Generic,200/50mg,Tablet,120.0,7014.0,152764.92,21.78,0.18,"Aurobindo Unit III, India",Yes,7733,20761,188.97,,,,,,,,,,,,,,,,,,,,,,,,,,
83140,114-UG-T30,FPQ-11133,SO-43873,DN-3153,Uganda,PMO - US,From RDC,N/A - From RDC,Truck,12/13/12,N/A - From RDC,28-Jun-13,7-Jun-13,7-Jun-13,ARV,Adult,SCMS from RDC,"Lamivudine/Zidovudine 150/300mg, tablets, 60 Tabs",Lamivudine/Zidovudine,Generic,150/300mg,Tablet - FDC,60.0,18547.0,129829.0,7.0,0.12,Hetero Unit III Hyderabad IN,No,See DN-3153 (ID#:82575),See DN-3153 (ID#:82575),160.6,,,,,,,,,,,,,,,,,,,,,,,,,,
9151,,Pre-PQ Process,,,Vietnam,,,,,,4/29/2009,,,,,,CIPLA LIMITED,,Lamivudine/Nevirapine/Stavudine,Generic,150/200/30mg,,,,,,,,,,,,108-VN-T01,SCMS-45010,ASN-4303,PMO - US,Direct Drop,EXW,Air,Pre-PQ Process,11-Jul-09,11-Jul-09,11-Jul-09,ARV,Adult,"Lamivudine/Nevirapine/Stavudine 150/200/30mg, tablets, 60 Tabs",Tablet - FDC,60.0,19392.0,130896.0,6.75,0.11,"Cipla, Goa, India",Yes,1899,5209.46,256.56,
12074,,,,,Côte d'Ivoire,,,,,,N/A - From RDC,,,,,,SCMS from RDC,,Lamivudine/Zidovudine,Generic,150/300mg,,,,,,,,,,,,104-CI-T01,SO-524,DN-268,PMO - US,From RDC,N/A - From RDC,,Pre-PQ Process,14-Aug-07,14-Aug-07,14-Aug-07,ARV,Adult,"Lamivudine/Zidovudine 150/300mg, tablets, 60 Tabs",Tablet - FDC,60.0,7426.0,79309.68,10.68,0.18,"Aurobindo Unit III, India",Yes,3073,7947,126.9,Pre-PQ Process
139,,Pre-PQ Process,,,Tanzania,,,,,,Date Not Captured,,,,,,"Standard Diagnostics, Inc.",,"HIV 1/2, Bioline 3.0 Kit, Lancets, Capillary pipets, Alcohol swabs included",Bioline,,,,,,,,,,,,,109-TZ-T01,SCMS-10290,ASN-788,PMO - US,Direct Drop,EXW,Air,Pre-PQ Process,22-Nov-07,22-Nov-07,22-Nov-07,HRDT,HIV test,"HIV 1/2, Bioline 3.0 Kit, Lancets, Capillary pipets, Alcohol swabs included, 25 Tests",Test kit,25.0,10000.0,200000.0,20.0,0.8,"Standard Diagnostics, Korea",Yes,3335,28461.1,320.0,
10690,,Pre-PQ Process,,,Zambia,,,,,,N/A - From RDC,,,,,,SCMS from RDC,,Lamivudine/Stavudine,Generic,150/30mg,,,,,,,,,,,,110-ZM-T01,SO-2546,DN-769,PMO - US,From RDC,N/A - From RDC,Truck,Pre-PQ Process,17-Jun-08,17-Jun-08,17-Jun-08,ARV,Adult,"Lamivudine/Stavudine 150/30mg, tablets, 30 Tabs",Tablet - FDC,30.0,42768.0,85536.0,2.0,0.07,"Cipla, Goa, India",Yes,2493,4887.18,136.86,
85990,111-MZ-T30,FPQ-11884,SO-44850,DN-3288,Mozambique,PMO - US,From RDC,N/A - From RDC,Truck,3/19/13,N/A - From RDC,27-Sep-13,27-Sep-13,27-Sep-13,ARV,Pediatric,SCMS from RDC,"Zidovudine 10mg/ml, oral solution w/syringe, Bottle, 240 ml",Zidovudine,Generic,10mg/ml,Oral solution,240.0,13100.0,27510.0,2.1,0.01,"Aurobindo Unit III, India",Yes,5291,4044.33,34.03,,,,,,,,,,,,,,,,,,,,,,,,,,
12289,,,,,Nigeria,,,,,,N/A - From RDC,,,,,,SCMS from RDC,,Lamivudine/Zidovudine,Generic,150/300mg,,,,,,,,,,,,112-NG-T01,SO-21052,DN-1257,PMO - US,From RDC,N/A - From RDC,Air,Pre-PQ Process,5-Jun-09,5-Jun-09,5-Jun-09,ARV,Adult,"Lamivudine/Zidovudine 150/300mg, tablets, 60 Tabs",Tablet - FDC,60.0,1747.0,15303.72,8.76,0.15,Mylan (formerly Matrix) Nashik,Yes,148,1012.18,30.0,Pre-PQ Process
82965,106-HT-T30,FPQ-6801,SO-40150,DN-2277,Haiti,PMO - US,From RDC,N/A - From RDC,Air,12/14/10,N/A - From RDC,19-Jul-11,21-Jul-11,21-Jul-11,ARV,Adult,SCMS from RDC,"Efavirenz 600mg, tablets, 30 Tabs",Efavirenz,Generic,600mg,Tablet,30.0,49425.0,208573.5,4.22,0.14,"Aurobindo Unit III, India",Yes,4235,29352.17,344.15,,,,,,,,,,,,,,,,,,,,,,,,,,
82965,,,,,Haiti,,,,,,N/A - From RDC,,,,,,SCMS from RDC,,Efavirenz,Generic,600mg,,,,,,,,,,,,106-HT-T30,SO-40150,DN-2277,PMO - US,From RDC,N/A - From RDC,Air,12/14/2010,19-Jul-11,21-Jul-11,21-Jul-11,ARV,Adult,"Efavirenz 600mg, tablets, 30 Tabs",Tablet,30.0,49425.0,208573.5,4.22,0.14,"Aurobindo Unit III, India",Yes,4235,29352.17,344.15,FPQ-6801
71712,,,,,Haiti,,,,,,11/5/2014,,,,,,"Orgenics, Ltd",,"HIV 1/2, Determine Complete HIV Kit",Determine,,,,,,,,,,,,,106-HT-T30,SCMS-260780,ASN-31453,PMO - US,Direct Drop,EXW,Air,10/10/2014,5-May-15,22-Apr-15,23-Apr-15,HRDT,HIV test,"HIV 1/2, Determine Complete HIV Kit, 100 Tests",Test kit,100.0,5698.0,569800.0,100.0,1.0,"Alere Medical Co., Ltd.",Yes,2314,22194.09,670.65,FPQ-15102
84165,,,,,Libya,,,,,,N/A - From RDC,,,,,,SCMS from RDC,,Zidovudine,Generic,300mg,,,,,,,,,,,,102-LY-T30,SO-41900,DN-2641,PMO - US,From RDC,N/A - From RDC,Air,4/4/2012,23-May-12,23-May-12,23-May-12,ARV,Adult,"Zidovudine 300mg, tablets, 60 Tabs",Tablet,60.0,4166.0,29245.32,7.02,0.12,Hetero Unit III Hyderabad IN,No,See DN-2641 (ID#:83029),See DN-2641 (ID#:83029),41.0,FPQ-9665
76144,,FPQ-15324,,,Mozambique,,,,,,11/19/2014,,,,,,"Orgenics, Ltd",,"HIV 1/2, Determine Kit without Lancets, Buffer or Capillary Tubes, 100 Tests",Determine,,,,,,,,,,,,,111-MZ-T30,SCMS-264780,ASN-30261,PMO - US,Direct Drop,EXW,Air,11/12/2014,10-Feb-15,10-Feb-15,18-Feb-15,HRDT,HIV test,"HIV 1/2, Determine Kit without Lancets, Buffer or Caplillary Tubes, 100 Tests",Test kit,100.0,18.0,1298.7,72.15,0.72,"Alere Medical Co., Ltd.",No,See ASN-30261 (ID#:19627),See ASN-30261 (ID#:19627),1.53,
12742,106-HT-T01,Pre-PQ Process,SO-1286,DN-458,Haiti,PMO - US,From RDC,N/A - From RDC,Air,Pre-PQ Process,N/A - From RDC,5-Dec-07,5-Dec-07,5-Dec-07,ARV,Pediatric,SCMS from RDC,"Zidovudine 100mg, capsules, 100 Caps",Zidovudine,Generic,100mg,Capsule,100.0,480.0,2635.2,5.49,0.05,"Aurobindo Unit III, India",No,See DN-458 (ID#:11814),See DN-458 (ID#:11814),4.22,,,,,,,,,,,,,,,,,,,,,,,,,,
85161,,,,,Mozambique,,,,,,N/A - From RDC,,,,,,SCMS from RDC,,Lamivudine/Stavudine,Generic,150/30mg,,,,,,,,,,,,111-MZ-T30,SO-37610,DN-2037,PMO - US,From RDC,N/A - From RDC,Air,9/23/2010,30-Nov-10,13-Dec-10,13-Dec-10,ARV,Adult,"Lamivudine/Stavudine 150/30mg, tablets, 60 Tabs",Tablet - FDC,60.0,8556.0,28063.68,3.28,0.05,Mylan (formerly Matrix) Nashik,Yes,643,4156.94,60.51,FPQ-6426
34143,116-ZA-T30,FPQ-14942,SCMS-259075,ASN-32122,South Africa,PMO - US,Direct Drop,DDP,Truck,9/11/14,5/11/15,12-May-15,12-May-15,12-May-15,ARV,Pediatric,PHARMACY DIRECT,"Lamivudine 10mg/ml, oral solution, Bottle, 240 ml",Lamivudine,Generic,10mg/ml,Oral solution,240.0,6.0,31.01,5.17,0.02,"Aurobindo Unit III, India",No,Weight Captured Separately,Freight Included in Commodity Cost,0.03,,,,,,,,,,,,,,,,,,,,,,,,,,
30615,,,,,Zambia,,,,,,9/22/2011,,,,,,"Orgenics, Ltd",,"HIV 1/2, Determine Complete HIV Kit",Determine,,,,,,,,,,,,,110-ZM-T30,SCMS-120570,ASN-13034,PMO - US,Direct Drop,EXW,Air,8/31/2011,20-Dec-11,20-Dec-11,20-Dec-11,HRDT,HIV test,"HIV 1/2, Determine Complete HIV Kit, 100 Tests",Test kit,100.0,2604.0,208320.0,80.0,0.8,"Alere Medical Co., Ltd.",Yes,1239,22650.58,343.73,FPQ-8315
16255,,FPQ-10018,,,Kenya,,,,,,6/14/2012,,,,,,"Orgenics, Ltd",,"HIV 1/2, Determine Complete HIV Kit",Determine,,,,,,,,,,,,,103-KE-T30,SCMS-149610,ASN-15367,PMO - US,Direct Drop,EXW,Air,6/5/2012,9-Jul-12,9-Jul-12,9-Jul-12,HRDT,HIV test,"HIV 1/2, Determine Complete HIV Kit, 100 Tests",Test kit,100.0,7999.0,711911.0,89.0,0.89,"Alere Medical Co., Ltd.",Yes,1378,14842.19,998.1,
45723,105-SS-T30,FPQ-12623,SCMS-200911,ASN-22749,South Sudan,PMO - US,Direct Drop,EXW,Air,7/18/13,8/5/13,24-Jan-14,24-Jan-14,24-Jan-14,HRDT,HIV test - Ancillary,"Orgenics, Ltd","Capillary Tubes, for Determine, EDTA, 50uL,100 Pcs","HIV, Capillary Tubes, for Determine, EDTA, 50uL,100 Pcs",Determine,,Test kit - Ancillary,100.0,115.0,920.0,8.0,0.08,"Alere Medical Co., Ltd.",Yes,149,3256.76,1.14,,,,,,,,,,,,,,,,,,,,,,,,,,
83482,104-CI-T30,FPQ-6495,SO-37710,DN-2098,Côte d'Ivoire,PMO - US,From RDC,N/A - From RDC,Truck,10/4/10,N/A - From RDC,31-Jan-11,22-Feb-11,22-Feb-11,ARV,Adult,SCMS from RDC,"Lamivudine 150mg, tablets, 60 Tabs",Lamivudine,Generic,150mg,Tablet,60.0,17320.0,40355.6,2.33,0.04,"Aurobindo Unit III, India",Yes,1721,8758.37,87.01,,,,,,,,,,,,,,,,,,,,,,,,,,
82946,,FPQ-6483,,,Zimbabwe,,,,,,N/A - From RDC,,,,,,SCMS from RDC,,Lamivudine/Stavudine,Generic,30/6mg,,,,,,,,,,,,200-ZW-T30,SO-39280,DN-2179,PMO - US,From RDC,N/A - From RDC,Truck,10/13/2010,4-Apr-11,20-May-11,20-May-11,ARV,Pediatric,"Lamivudine/Stavudine 30/6mg, dispersible tablets, 60 Tabs",Chewable/dispersible tablet - FDC,60.0,3453.0,6560.7,1.9,0.03,"Cipla, Goa, India",Yes,687,3403.99,14.14,
5047,116-ZA-T01,Pre-PQ Process,SCMS-41140,ASN-3752,South Africa,PMO - US,Direct Drop,DDP,Air,Pre-PQ Process,Date Not Captured,31-Mar-09,21-Nov-08,21-Nov-08,ARV,Adult,S. BUYS WHOLESALER,"Emtricitabine/Tenofovir Disoproxil Fumarate 200/300mg [Truvada], tablets, 30 Tabs",Emtricitabine/Tenofovir Disoproxil Fumarate,Truvada,300/200mg,Tablet - FDC,30.0,80.0,2336.0,29.2,0.97,"Aspen-OSD, Port Elizabeth, SA",No,Weight Captured Separately,Freight Included in Commodity Cost,4.58,,,,,,,,,,,,,,,,,,,,,,,,,,
83659,114-UG-T30,FPQ-11143,SO-43920,DN-3035,Uganda,PMO - US,From RDC,N/A - From RDC,Air,12/13/12,N/A - From RDC,15-Mar-13,1-Mar-13,1-Mar-13,ARV,Adult,SCMS from RDC,"Abacavir/Lamivudine 600/300mg, scored tablets, 30 Tabs",Abacavir/Lamivudine,Generic,600/300mg,Tablet - FDC,30.0,5009.0,69925.64,13.96,0.47,Mylan (formerly Matrix) Nashik,Yes,467,6637.16,86.5,,,,,,,,,,,,,,,,,,,,,,,,,,
9656,,Pre-PQ Process,,,South Africa,,,,,,2/20/2008,,,,,,S. BUYS WHOLESALER,,Ritonavir,Norvir,100mg,,,,,,,,,,,,116-ZA-T01,SCMS-19800,ASN-1665,PMO - US,Direct Drop,DDP,Truck,Pre-PQ Process,24-Apr-08,24-Apr-08,24-Apr-08,ARV,Adult,"Ritonavir 100mg [Norvir], capsules, cool, 84 Caps",Capsule,84.0,10.0,91.9,9.19,0.11,ABBVIE (Abbott) Logis. UK,No,Weight Captured Separately,Freight Included in Commodity Cost,0.15,
60105,,FPQ-14942,,,South Africa,,,,,,5/11/2015,,,,,,PHARMACY DIRECT,,Emtricitabine/Tenofovir Disoproxil Fumarate,Generic,200/300mg,,,,,,,,,,,,116-ZA-T30,SCMS-259075,ASN-32138,PMO - US,Direct Drop,DDP,Truck,9/11/2014,12-May-15,12-May-15,12-May-15,ARV,Adult,"Emtricitabine/Tenofovir Disoproxil Fumarate 200/300mg, tablets, 30 Tabs",Tablet - FDC,30.0,3.0,65.49,21.83,0.73,"Aurobindo Unit III, India",No,Weight Captured Separately,Freight Included in Commodity Cost,0.07,
85478,104-CI-T30,FPQ-13142,SO-47152,DN-3731,Côte d'Ivoire,PMO - US,From RDC,N/A - From RDC,Truck,10/22/13,N/A - From RDC,16-Jun-14,16-Jun-14,10-Jul-14,ARV,Adult,SCMS from RDC,"Lamivudine/Nevirapine/Zidovudine 150/200/300mg, tablets, 60 Tabs",Lamivudine/Nevirapine/Zidovudine,Generic,150/300/200mg,Tablet - FDC,60.0,24765.0,200844.15,8.11,0.14,"Strides, Bangalore, India.",Yes,2751,11438.93,206.47,,,,,,,,,,,,,,,,,,,,,,,,,,
84049,,,,,Nigeria,,,,,,N/A - From RDC,,,,,,SCMS from RDC,,Lamivudine/Nevirapine/Stavudine,Generic,150/200/30mg,,,,,,,,,,,,151-NG-T30,SO-37500,DN-2025,PMO - US,From RDC,N/A - From RDC,Air,5/27/2010,22-Oct-10,10-Nov-10,10-Nov-10,ARV,Adult,"Lamivudine/Nevirapine/Stavudine 150/200/30mg, tablets, 60 Tabs",Tablet - FDC,60.0,2000.0,11460.0,5.73,0.1,"Cipla, Goa, India",No,See DN-2025 (ID#:83460),See DN-2025 (ID#:83460),24.71,FPQ-5688
44,110-ZM-T01,Pre-PQ Process,SCMS-139,ASN-130,Zambia,PMO - US,Direct Drop,DDU,Air,Pre-PQ Process,Date Not Captured,8-Jan-07,8-Jan-07,8-Jan-07,ARV,Pediatric,MERCK SHARP & DOHME IDEA GMBH (FORMALLY MERCK SHARP & DOHME B.V.),"Efavirenz 200mg [Stocrin/Sustiva], capsule, 90 Caps",Efavirenz,Stocrin/Sustiva,200mg,Capsule,90.0,135.0,4374.0,32.4,0.36,MSD South Granville Australia,Yes,328,Freight Included in Commodity Cost,,,,,,,,,,,,,,,,,,,,,,,,,,,
56836,,,,,Vietnam,,,,,,2/17/2015,,,,,,HETERO LABS LIMITED,,Nevirapine,Generic,200mg,,,,,,,,,,,,108-VN-T30,SCMS-274390,ASN-32265,PMO - US,Direct Drop,EXW,Air,1/28/2015,10-Jul-15,10-Jul-15,10-Jul-15,ARV,Adult,"Nevirapine 200mg, tablets, 60 Tabs",Tablet,60.0,6000.0,12960.0,2.16,0.04,Hetero Unit III Hyderabad IN,No,See ASN-32265 (ID#:56716),See ASN-32265 (ID#:56716),15.25,FPQ-15692
35067,,FPQ-10765,,,Nigeria,,,,,,10/16/2012,,,,,,"Orgenics, Ltd",,"HIV 1/2, Determine Complete HIV Kit",Determine,,,,,,,,,,,,,133-NG-T30,SCMS-162440,ASN-17527,PMO - US,Direct Drop,EXW,Air,10/5/2012,9-Jan-13,9-Jan-13,9-Jan-13,HRDT,HIV test,"HIV 1/2, Determine Complete HIV Kit, 100 Tests",Test kit,100.0,2744.0,244216.0,89.0,0.89,"Alere Medical Co., Ltd.",Yes,1186,24927.19,342.39,
85929,,,,,Nigeria,,,,,,N/A - From RDC,,,,,,SCMS from RDC,,Nevirapine,Generic,200mg,,,,,,,,,,,,151-NG-T30,SO-43044,DN-2996,PMO - US,From RDC,N/A - From RDC,Air Charter,8/9/2012,11-Feb-13,11-Feb-13,11-Feb-13,ARV,Adult,"Nevirapine 200mg, tablets, 60 Tabs",Tablet,60.0,107500.0,248325.0,2.31,0.04,"Strides, Bangalore, India.",No,See DN-2996 (ID#:84784),See DN-2996 (ID#:84784),348.15,FPQ-10477
30982,107-RW-T30,FPQ-8263,SCMS-119641,ASN-13528,Rwanda,PMO - US,Direct Drop,EXW,Air,8/19/11,8/29/11,13-Feb-12,13-Feb-12,13-Feb-12,HRDT,HIV test,"Orgenics, Ltd","HIV 1/2, Determine HIV Kit, without Lancets, 100 Tests","HIV 1/2, Determine HIV Kit, without Lancets",Determine,,Test kit,100.0,6000.0,466200.0,77.7,0.78,Inverness Japan,Yes,1362,62458.88,769.23,,,,,,,,,,,,,,,,,,,,,,,,,,
86265,,,,,Côte d'Ivoire,,,,,,N/A - From RDC,,,,,,SCMS from RDC,,Nevirapine,Generic,200mg,,,,,,,,,,,,104-CI-T30,SO-35810,DN-1641,PMO - US,From RDC,N/A - From RDC,Air,12/8/2009,10-May-10,15-Feb-10,15-Feb-10,ARV,Adult,"Nevirapine 200mg, tablets, 60 Tabs",Tablet,60.0,4149.0,11326.77,2.73,0.05,"Aurobindo Unit III, India",Yes,394,1083.3,24.42,FPQ-4659
68993,,FPQ-5303,,,South Africa,,,,,,3/19/2010,,,,,,Aurobindo Pharma Limited,,Zidovudine,Generic,300mg,,,,,,,,,,,,161-ZA-T30,SCMS-69000,ASN-7022,PMO - US,Direct Drop,DDP,Air,3/18/2010,8-Jun-10,8-Jun-10,8-Jun-10,ARV,Adult,"Zidovudine 300mg, tablets, 60 Tabs",Tablet,60.0,57494.0,427180.42,7.43,0.12,"Aurobindo Unit III, India",Yes,3085,4885.2,921.0,
83337,,FPQ-14989,,,Nigeria,,,,,,N/A - From RDC,,,,,,SCMS from RDC,,Lamivudine/Nevirapine/Zidovudine,Generic,150/300/200mg,,,,,,,,,,,,151-NG-T30,SO-51423,DN-4275,PMO - US,From RDC,N/A - From RDC,Air Charter,9/19/2014,30-Jun-15,15-May-15,22-May-15,ARV,Adult,"Lamivudine/Nevirapine/Zidovudine 150/200/300mg, tablets, 60 Tabs",Tablet - FDC,60.0,140000.0,1080800.0,7.72,0.13,"Cipla, Goa, India",Yes,42830,79132,1111.06,
11458,,,,,Zambia,,,,,,N/A - From RDC,,,,,,SCMS from RDC,,Efavirenz,Generic,600mg,,,,,,,,,,,,110-ZM-T01,SO-978,DN-397,PMO - US,From RDC,N/A - From RDC,,Pre-PQ Process,26-Nov-07,26-Nov-07,26-Nov-07,ARV,Adult,"Efavirenz 600mg, tablets, 30 Tabs",Tablet,30.0,44135.0,548156.7,12.42,0.41,"Aurobindo Unit III, India",Yes,4082,13484.72,877.05,Pre-PQ Process
85664,,,,,Nigeria,,,,,,N/A - From RDC,,,,,,SCMS from RDC,,Efavirenz,Generic,600mg,,,,,,,,,,,,151-NG-T30,SO-34919,DN-1712,PMO - US,From RDC,N/A - From RDC,Air Charter,11/6/2009,19-Apr-10,31-Mar-10,31-Mar-10,ARV,Adult,"Efavirenz 600mg, tablets, 30 Tabs",Tablet,30.0,751.0,3852.63,5.13,0.17,"Aurobindo Unit III, India",Yes,65,Freight Included in Commodity Cost,8.31,FPQ-4537
83548,,FPQ-8364,,,Nigeria,,,,,,N/A - From RDC,,,,,,SCMS from RDC,,Lamivudine/Zidovudine,Generic,150/300mg,,,,,,,,,,,,151-NG-T30,SO-40655,DN-2463,PMO - US,From RDC,N/A - From RDC,Air Charter,8/29/2011,2-Mar-12,18-Dec-11,18-Dec-11,ARV,Adult,"Lamivudine/Zidovudine 150/300mg, tablets, 60 Tabs",Tablet - FDC,60.0,85919.0,709690.94,8.26,0.14,"Aurobindo Unit III, India",Yes,8754,15322.73,1170.99,
56495,133-NG-T30,FPQ-7553,SCMS-108700,ASN-12000,Nigeria,PMO - US,Direct Drop,EXW,Air,4/28/11,5/18/11,12-Sep-11,12-Sep-11,12-Sep-11,HRDT,HIV test,"Trinity Biotech, Plc","HIV 1/2, Uni-Gold HIV Kit, 20 Tests","HIV 1/2, Uni-Gold HIV Kit",Uni-Gold,,Test kit,20.0,5791.0,185312.0,32.0,1.6,"Trinity Biotech, Plc",Yes,1918,24147.39,305.76,,,,,,,,,,,,,,,,,,,,,,,,,,
82481,113-ZW-T30,FPQ-8464,SO-40883,DN-2693,Zimbabwe,PMO - US,From RDC,N/A - From RDC,Truck,10/4/11,N/A - From RDC,14-Aug-12,27-Jun-12,27-Jun-12,ARV,Adult,SCMS from RDC,"Lamivudine/Zidovudine 150/300mg, tablets, 60 Tabs",Lamivudine/Zidovudine,Generic,150/300mg,Tablet - FDC,60.0,3345.0,26024.1,7.78,0.13,Mylan (formerly Matrix) Nashik,Yes,7095,5530.11,42.94,,,,,,,,,,,,,,,,,,,,,,,,,,
84628,106-HT-T30,FPQ-6484,SO-38240,DN-2136,Haiti,PMO - US,From RDC,N/A - From RDC,Air,10/13/10,N/A - From RDC,14-Mar-11,20-Apr-11,20-Apr-11,ARV,Adult,SCMS from RDC,"Lopinavir/Ritonavir 200/50mg [Aluvia], tablets, 120 Tabs",Lopinavir/Ritonavir,Aluvia,200/50mg,Tablet,120.0,1320.0,47731.2,36.16,0.3,ABBVIE Ludwigshafen Germany,Yes,276,2080.2,102.91,,,,,,,,,,,,,,,,,,,,,,,,,,
35250,,,,,Vietnam,,,,,,3/10/2014,,,,,,ABBVIE LOGISTICS (FORMERLY ABBOTT LOGISTICS BV),,Ritonavir,Norvir,100mg,,,,,,,,,,,,108-VN-T30,SCMS-226190,ASN-27099,PMO - US,Direct Drop,FCA,Air,2/6/2014,18-Aug-14,18-Aug-14,25-Aug-14,ARV,Adult,"Ritonavir 100mg [Norvir], film coated tablets, 30 Tabs",Tablet,30.0,300.0,6978.0,23.26,0.78,ABBVIE Ludwigshafen Germany,Yes,38,1779.09,7.17,FPQ-13524
25083,,,,,Swaziland,,,,,,9/12/2012,,,,,,"Trinity Biotech, Plc",,"HIV 1/2, Uni-Gold HIV Kit",Uni-Gold,,,,,,,,,,,,,102-SZ-T30,SCMS-159080,ASN-16585,PMO - US,Direct Drop,EXW,Air,8/23/2012,18-Jun-13,18-Jun-13,18-Jun-13,HRDT,HIV test,"HIV 1/2, Uni-Gold HIV Kit, 20 Tests",Test kit,20.0,150.0,4800.0,32.0,1.6,"Trinity Biotech, Plc",Yes,54,752.58,6.73,FPQ-10537
84875,109-TZ-T30,FPQ-12587,SO-45995,DN-3458,Tanzania,PMO - US,From RDC,N/A - From RDC,Truck,7/4/13,N/A - From RDC,31-Dec-13,25-Feb-14,13-Mar-14,ARV,Pediatric,SCMS from RDC,"Lamivudine/Nevirapine/Stavudine 60/100/12mg, dispersible tablets, 60 Tabs",Lamivudine/Nevirapine/Stavudine,Generic,60/100/12mg,Chewable/dispersible tablet - FDC,60.0,7894.0,33944.2,4.3,0.07,"Cipla, Goa, India",No,See DN-3458 (ID#:83196),See DN-3458 (ID#:83196),41.99,,,,,,,,,,,,,,,,,,,,,,,,,,
84618,106-HT-T30,FPQ-6484,SO-38120,DN-2113,Haiti,PMO - US,From RDC,N/A - From RDC,Air,10/13/10,N/A - From RDC,28-Feb-11,14-Feb-11,14-Feb-11,ARV,Adult,SCMS from RDC,"Lamivudine 150mg, tablets, 60 Tabs",Lamivudine,Generic,150mg,Tablet,60.0,5980.0,13933.4,2.33,0.04,"Aurobindo Unit III, India",No,See DN-2113 (ID#:82937),See DN-2113 (ID#:82937),30.04,,,,,,,,,,,,,,,,,,,,,,,,,,
33379,106-HT-T30,FPQ-14083,SCMS-240202,ASN-28246,Haiti,PMO - US,Direct Drop,EXW,Ocean,5/11/14,7/31/14,17-Nov-14,17-Nov-14,17-Nov-14,ARV,Adult,MYLAN LABORATORIES LTD (FORMERLY MATRIX LABORATORIES),"Lamivudine/Nevirapine/Zidovudine 150/200/300mg, tablets, 60 Tabs",Lamivudine/Nevirapine/Zidovudine,Generic,150/300/200mg,Tablet - FDC,60.0,33624.0,272354.4,8.1,0.13,Mylan (formerly Matrix) Nashik,Yes,Weight Captured Separately,Invoiced Separately,279.98,,,,,,,,,,,,,,,,,,,,,,,,,,
68662,,FPQ-12837,,,Cameroon,,,,,,8/23/2013,,,,,,Aurobindo Pharma Limited,,Lamivudine/Nevirapine/Zidovudine,Generic,150/300/200mg,,,,,,,,,,,,901-CM-T30,SCMS-204300,ASN-21703,PMO - US,Direct Drop,EXW,Air,8/19/2013,18-Oct-13,11-Oct-13,14-Oct-13,ARV,Adult,"Lamivudine/Nevirapine/Zidovudine 150/200/300mg, tablets, 60 Tabs",Tablet - FDC,60.0,34910.0,283818.3,8.13,0.14,"Aurobindo Unit III, India",Yes,4426,37479.21,351.08,
67203,,,,,South Africa,,,,,,2/12/2015,,,,,,PHARMACY DIRECT,,Abacavir,Generic,20mg/ml,,,,,,,,,,,,116-ZA-T30,SCMS-259073,ASN-30671,PMO - US,Direct Drop,DDP,Truck,9/11/2014,12-Feb-15,12-Feb-15,12-Feb-15,ARV,Pediatric,"Abacavir 20mg/ml, oral solution, Bottle, 240 ml",Oral solution,240.0,23.0,407.34,17.71,0.07,"Aurobindo Unit III, India",No,Weight Captured Separately,Freight Included in Commodity Cost,0.42,FPQ-14942
85283,109-TZ-T30,FPQ-9303,SO-41560,DN-2762,Tanzania,PMO - US,From RDC,N/A - From RDC,Truck,2/15/12,N/A - From RDC,4-Sep-12,22-Aug-12,22-Aug-12,ARV,Pediatric,SCMS from RDC,"Lamivudine/Zidovudine 30/60mg, tablets, 60 Tabs",Lamivudine/Zidovudine,Generic,30/60mg,Tablet - FDC,60.0,38347.0,105837.72,2.76,0.05,Mylan (formerly Matrix) Nashik,Yes,1502,6900.62,148.38,,,,,,,,,,,,,,,,,,,,,,,,,,
12877,,Pre-PQ Process,,,Nigeria,,,,,,N/A - From RDC,,,,,,SCMS from RDC,,Nevirapine,Generic,200mg,,,,,,,,,,,,123-NG-T01,SO-22831,DN-1172,PMO - US,From RDC,N/A - From RDC,Air,Pre-PQ Process,30-Apr-09,30-Apr-09,30-Apr-09,ARV,Adult,"Nevirapine 200mg, tablets, 60 Tabs",Tablet,60.0,248.0,793.6,3.2,0.05,"Aurobindo Unit III, India",Yes,24,1547.94,1.56,
73724,,FPQ-14895,,,Haiti,,,,,,11/14/2014,,,,,,EMCURE PHARMACEUTICALS LTD,,Atazanavir/Ritonavir,Generic,300/100mg,,,,,,,,,,,,106-HT-T30,SCMS-261013,ASN-33599,PMO - US,Direct Drop,EXW,Air,9/24/2014,2-Sep-15,2-Sep-15,3-Sep-15,ARV,Adult,"Atazanavir/Ritonavir 300/100mg, tablets, 30 Tabs",Tablet,30.0,3320.0,59760.0,18.0,0.6,"Emcure Plot No.P-2, I.T-B.T. Park, Phase II, MIDC, Hinjwadi, Pune, India",Yes,Weight Captured Separately,Invoiced Separately,61.43,
47048,,FPQ-7619,,,Guyana,,,,,,6/15/2011,,,,,,ABBVIE LOGISTICS (FORMERLY ABBOTT LOGISTICS BV),,Lopinavir/Ritonavir,Aluvia,200/50mg,,,,,,,,,,,,105-GY-T30,SCMS-111220,ASN-11550,PMO - US,Direct Drop,FCA,Air,5/30/2011,5-Aug-11,5-Aug-11,5-Aug-11,ARV,Adult,"Lopinavir/Ritonavir 200/50mg [Aluvia], tablets, 120 Tabs",Tablet,120.0,1324.0,108832.8,82.2,0.68,ABBVIE Ludwigshafen Germany,Yes,334,2171.57,179.57,
10631,,,,,Nigeria,,,,,,N/A - From RDC,,,,,,SCMS from RDC,,Stavudine,Generic,30mg,,,,,,,,,,,,112-NG-T01,SO-1225,DN-411,PMO - US,From RDC,N/A - From RDC,Air,Pre-PQ Process,1-Nov-07,1-Nov-07,1-Nov-07,ARV,Adult,"Stavudine 30mg, capsules, 60 Caps",Capsule,60.0,1500.0,2280.0,1.52,0.03,"Aurobindo Unit III, India",Yes,178,1621,3.65,Pre-PQ Process
59894,,FPQ-14942,,,South Africa,,,,,,1/14/2015,,,,,,PHARMACY DIRECT,,Lopinavir/Ritonavir,Kaletra,80/20mg/ml,,,,,,,,,,,,116-ZA-T30,SCMS-259081,ASN-30228,PMO - US,Direct Drop,DDP,Truck,9/11/2014,14-Jan-15,14-Jan-15,14-Jan-15,ARV,Pediatric,"Lopinavir/Ritonavir 80/20mg/ml [Kaletra], oral solution, cool, Bottle 5 x 60 ml",Oral solution,300.0,4.0,63.78,15.94,0.05,ABBVIE (Abbott) Logis. UK,Yes,Weight Captured Separately,Freight Included in Commodity Cost,0.07,
86406,111-MZ-T30,FPQ-7053,SO-38691,DN-2330,Mozambique,PMO - US,From RDC,N/A - From RDC,Truck,1/24/11,N/A - From RDC,30-Nov-11,30-Nov-11,30-Nov-11,ARV,Pediatric,SCMS from RDC,"Zidovudine 10mg/ml, oral solution w/syringe, Bottle, 240 ml",Zidovudine,Generic,10mg/ml,Oral solution,240.0,1822.0,3680.44,2.02,0.01,"Aurobindo Unit III, India",Yes,707,826.26,6.07,,,,,,,,,,,,,,,,,,,,,,,,,,
46156,,FPQ-9211,,,Tanzania,,,,,,2/17/2012,,,,,,"Orgenics, Ltd",,"HIV 1/2, Determine Complete HIV Kit",Determine,,,,,,,,,,,,,109-TZ-T30,SCMS-136930,ASN-14645,PMO - US,Direct Drop,EXW,Air,1/25/2012,25-May-12,25-May-12,25-May-12,HRDT,HIV test,"HIV 1/2, Determine Complete HIV Kit, 100 Tests",Test kit,100.0,2926.0,234080.0,80.0,0.8,"Alere Medical Co., Ltd.",Yes,1394,24596.33,328.18,
11144,,Pre-PQ Process,,,Mozambique,,,,,,N/A - From RDC,,,,,,SCMS from RDC,,Efavirenz,Generic,200mg,,,,,,,,,,,,111-MZ-T01,SO-502,DN-282,PMO - US,From RDC,N/A - From RDC,Air,Pre-PQ Process,10-Oct-07,10-Oct-07,10-Oct-07,ARV,Pediatric,"Efavirenz 200mg, capsule, 90 Caps",Capsule,90.0,400.0,6780.0,16.95,0.19,"Aurobindo Unit III, India",Yes,3340,3438.84,10.85,
76855,,,,,South Africa,,,,,,5/5/2010,,,,,,S. BUYS WHOLESALER,,Zidovudine,Retrovir,10mg/ml,,,,,,,,,,,,116-ZA-T30,SCMS-72760,ASN-7111,PMO - US,Direct Drop,DDP,Truck,4/30/2010,12-May-10,12-May-10,12-May-10,ARV,Pediatric,"Zidovudine 10mg/ml [Retrovir], oral solution, Bottle, 200 ml",Oral solution,200.0,100.0,698.98,6.99,0.03,GSK Mississauga (Canada),No,Weight Captured Separately,Freight Included in Commodity Cost,1.51,FPQ-5630
21045,,FPQ-12518,,,Rwanda,,,,,,8/12/2013,,,,,,"SHANGHAI KEHUA BIOENGINEERING CO.,LTD.  (KHB)",,"HIV 1/2, Colloidal Gold, Diagnostic Kit, Antibody",Colloidal Gold,,,,,,,,,,,,,107-RW-T30,SCMS-198222,ASN-24718,PMO - US,Direct Drop,EXW,Air,6/21/2013,27-Mar-14,27-Mar-14,27-Mar-14,HRDT,HIV test,"HIV 1/2, SKB Colloidal Gold, Diagnostic Kit, Antibody, 50 Tests",Test kit,1.0,2988.0,73206.0,24.5,24.5,"KHB Test Kit Facility, Shanghai China",Yes,1992,26266.34,90.56,
11474,,,,,Zimbabwe,,,,,,N/A - From RDC,,,,,,SCMS from RDC,,Efavirenz,Generic,600mg,,,,,,,,,,,,100-ZW-T01,SO-706,DN-401,PMO - US,From RDC,N/A - From RDC,Air,Pre-PQ Process,25-Nov-07,25-Nov-07,25-Nov-07,ARV,Adult,"Efavirenz 600mg, tablets, 30 Tabs",Tablet,30.0,1860.0,23101.2,12.42,0.41,"Cipla, Goa, India",Yes,4256,5145.86,36.96,Pre-PQ Process
1162,,Pre-PQ Process,,,Côte d'Ivoire,,,,,,4/15/2009,,,,,,BIO-RAD LABORATORIES (FRANCE),,"HIV, Genie II HIV-1/HIV-2 Kit",Genie,,,,,,,,,,,,,104-CI-T01,SCMS-44130,ASN-4791,PMO - US,Direct Drop,EXW,Air,Pre-PQ Process,15-Sep-09,15-Sep-09,15-Sep-09,HRDT,HIV test,"#108853** HIV, Genie II HIV-1/HIV-2 Kit, 40 Tests",Test kit,40.0,1000.0,110000.0,110.0,2.75,Bio-Rad Laboratories,Yes,1101,8074.03,215.6,
12471,,,,,Côte d'Ivoire,,,,,,N/A - From RDC,,,,,,SCMS from RDC,,Lamivudine/Nevirapine/Stavudine,Generic,150/200/30mg,,,,,,,,,,,,104-CI-T01,SO-1284,DN-610,PMO - US,From RDC,N/A - From RDC,Air,Pre-PQ Process,5-Feb-08,19-Feb-08,19-Feb-08,ARV,Adult,"Lamivudine/Nevirapine/Stavudine 150/200/30mg, tablets, 60 Tabs",Tablet - FDC,60.0,35600.0,263440.0,7.4,0.12,"Cipla, Goa, India",Yes,3731,6778.91,421.5,Pre-PQ Process
6440,,,,,South Africa,,,,,,4/2/2009,,,,,,S. BUYS WHOLESALER,,Stavudine,Zerit,20mg,,,,,,,,,,,,116-ZA-T01,SCMS-42450,ASN-4772,PMO - US,Direct Drop,DDP,Truck,Pre-PQ Process,15-May-09,17-Jul-09,17-Jul-09,ARV,Adult,"Stavudine 20mg [Zerit], capsules, 60 Caps",Capsule,60.0,24.0,94.8,3.95,0.07,"BMS Meymac, France",Yes,Weight Captured Separately,Freight Included in Commodity Cost,0.19,Pre-PQ Process
85176,109-TZ-T30,FPQ-5436,SO-36610,DN-2102,Tanzania,PMO - US,From RDC,N/A - From RDC,Air,4/1/10,N/A - From RDC,28-Feb-11,28-Feb-11,28-Feb-11,ARV,Pediatric,SCMS from RDC,"Didanosine 100mg, chewable/dispersible tablets, 60 Tabs",Didanosine,Generic,100mg,Chewable/dispersible tablet,60.0,2292.0,17694.24,7.72,0.13,"Aurobindo Unit III, India",Yes,617,1647,38.15,,,,,,,,,,,,,,,,,,,,,,,,,,
76263,,FPQ-12522,,,South Africa,,,,,,8/29/2014,,,,,,S. BUYS WHOLESALER,,Lopinavir/Ritonavir,Generic,100/25mg,,,,,,,,,,,,116-ZA-T30,SCMS-199289,ASN-28034,PMO - US,Direct Drop,DDP,Truck,7/11/2013,29-Aug-14,29-Aug-14,29-Aug-14,ARV,Pediatric,"Lopinavir/Ritonavir 100/25mg [Aluvia], tablets, 60 Tabs",Tablet,60.0,3.0,19.32,6.44,0.11,ABBVIE Ludwigshafen Germany,No,Weight Captured Separately,Freight Included in Commodity Cost,0.02,
82888,117-ET-T30,FPQ-5624,SO-36710,DN-1843,Ethiopia,PMO - US,From RDC,N/A - From RDC,Air,5/4/10,N/A - From RDC,15-Jun-10,1-Jun-10,1-Jun-10,ARV,Adult,SCMS from RDC,"Abacavir 300mg, tablets, 60 Tabs",Abacavir,Generic,300mg,Tablet,60.0,4000.0,68560.0,17.14,0.29,"Aurobindo Unit III, India",Yes,400,961.46,147.82,,,,,,,,,,,,,,,,,,,,,,,,,,
81018,,,,,Zimbabwe,,,,,,7/18/2012,,,,,,ABBVIE LOGISTICS (FORMERLY ABBOTT LOGISTICS BV),,Lopinavir/Ritonavir,Kaletra,80/20mg/ml,,,,,,,,,,,,103-ZW-T30,SCMS-149120,ASN-19611,PMO - US,Direct Drop,FCA,Air,5/29/2012,19-Jun-13,19-Jun-13,19-Jun-13,ARV,Pediatric,"Lopinavir/Ritonavir 80/20mg/ml [Kaletra], oral solution, cool, Bottle 5 x 60 ml",Oral solution,300.0,2346.0,72303.72,30.82,0.1,ABBVIE (Abbott) Logis. UK,Yes,2172,31073.95,101.37,FPQ-9905
10816,,Pre-PQ Process,,,Mozambique,,,,,,N/A - From RDC,,,,,,SCMS from RDC,,Efavirenz,Stocrin/Sustiva,200mg,,,,,,,,,,,,111-MZ-T01,SO-533,DN-123,PMO - US,From RDC,N/A - From RDC,Air,Pre-PQ Process,18-May-07,18-May-07,18-May-07,ARV,Pediatric,"Efavirenz 200mg [Stocrin/Sustiva], capsule, 90 Caps",Capsule,90.0,409.0,13251.6,32.4,0.36,"MSD Manati, Puerto Rico, (USA)",Yes,45,348.09,,
60818,,FPQ-7680,,,Tanzania,,,,,,6/22/2011,,,,,,ABBVIE LOGISTICS (FORMERLY ABBOTT LOGISTICS BV),,Ritonavir,Norvir,100mg,,,,,,,,,,,,109-TZ-T30,SCMS-111650,ASN-13770,PMO - US,Direct Drop,FCA,Air,6/6/2011,9-Mar-12,9-Mar-12,9-Mar-12,ARV,Adult,"Ritonavir 100mg [Norvir], film coated tablets, 60 Tabs",Tablet,60.0,2145.0,14693.25,6.85,0.11,ABBVIE Ludwigshafen Germany,Yes,309,2383.65,24.24,
4531,116-ZA-T01,Pre-PQ Process,SCMS-25540,ASN-2295,South Africa,PMO - US,Direct Drop,DDP,Truck,Pre-PQ Process,Date Not Captured,12-Jun-08,9-Jun-08,9-Jun-08,ARV,Adult,S. BUYS WHOLESALER,"Tenofovir Disoproxil Fumarate 300mg [Viread], tablets, 30 Tabs",Tenofovir Disoproxil Fumarate,Viread,300mg,Tablet,30.0,400.0,9536.0,23.84,0.79,"Aspen-OSD, Port Elizabeth, SA",No,Weight Captured Separately,Freight Included in Commodity Cost,15.26,,,,,,,,,,,,,,,,,,,,,,,,,,
70029,108-VN-T30,FPQ-5094,SCMS-68530,ASN-7300,Vietnam,PMO - US,Direct Drop,EXW,Air,3/15/10,3/24/10,29-Jul-10,29-Jul-10,29-Jul-10,ARV,Adult,Aurobindo Pharma Limited,"Lamivudine/Zidovudine 150/300mg, tablets, 60 Tabs",Lamivudine/Zidovudine,Generic,150/300mg,Tablet - FDC,60.0,9072.0,77565.6,8.55,0.14,"Aurobindo Unit III, India",Yes,902,7421.81,167.23,,,,,,,,,,,,,,,,,,,,,,,,,,
55138,,FPQ-15569,,,South Sudan,,,,,,2/20/2015,,,,,,"Trinity Biotech, Plc",,"HIV 1/2, Uni-Gold HIV Kit",Uni-Gold,,,,,,,,,,,,,105-SS-T30,SCMS-272140,ASN-31129,PMO - US,Direct Drop,EXW,Air,12/29/2014,8-May-15,8-May-15,11-May-15,HRDT,HIV test,"HIV 1/2, Uni-Gold HIV Kit, 20 Tests",Test kit,20.0,450.0,14400.0,32.0,1.6,"Trinity Biotech, Plc",No,See ASN-31129 (ID#:40205),See ASN-31129 (ID#:40205),16.95,
420,108-VN-T01,Pre-PQ Process,SCMS-19490,ASN-1753,Vietnam,PMO - US,Direct Drop,EXW,Air,Pre-PQ Process,3/31/08,3-Jun-08,3-Jun-08,3-Jun-08,ARV,Adult,MYLAN LABORATORIES LTD (FORMERLY MATRIX LABORATORIES),"Efavirenz 600mg, tablets, 30 Tabs",Efavirenz,Generic,600mg,Tablet,30.0,8400.0,96432.0,11.48,0.38,Mylan (formerly Matrix) Nashik,Yes,654,4051.34,154.29,,,,,,,,,,,,,,,,,,,,,,,,,,
83429,,FPQ-4384,,,Haiti,,,,,,N/A - From RDC,,,,,,SCMS from RDC,,Lamivudine/Zidovudine,Generic,150/300mg,,,,,,,,,,,,106-HT-T30,SO-34660,DN-1837,PMO - US,From RDC,N/A - From RDC,Air,10/23/2009,31-May-10,1-Jun-10,1-Jun-10,ARV,Adult,"Lamivudine/Zidovudine 150/300mg, tablets, 60 Tabs",Tablet - FDC,60.0,34769.0,304576.44,8.76,0.15,Hetero Unit III Hyderabad IN,Yes,4176,1005.2,656.67,
39850,,,,,"Congo, DRC",,,,,,12/7/2012,,,,,,ACTION MEDEOR E.V.,,Sulfadoxine/Pyrimethamine,Generic,500/25mg,,,,,,,,,,,,101-CD-T30,SCMS-169010,ASN-17635,PMO - US,Direct Drop,EXW,Air,11/26/2012,30-Apr-13,30-Apr-13,30-Apr-13,ANTM,Malaria,"Sulfadoxine/Pyrimethamine 500/25mg, tablets, 1000 Tabs",Tablet - FDC,1000.0,415.0,10026.4,24.16,0.02,"Micro Labs, Hosur, India",Yes,329,1731.89,12.4,FPQ-11081
85029,104-CI-T30,FPQ-15259,SO-50100,DN-4255,Côte d'Ivoire,PMO - US,From RDC,N/A - From RDC,Truck,10/24/14,N/A - From RDC,19-Jun-15,8-Jun-15,19-Jun-15,ARV,Adult,SCMS from RDC,"Efavirenz/Lamivudine/Tenofovir Disoproxil Fumarate 600/300/300mg, tablets, 30 Tabs",Efavirenz/Lamivudine/Tenofovir Disoproxil Fumarate,Generic,600/300/300mg,Tablet - FDC,30.0,100000.0,960000.0,9.6,0.32,Hetero Unit III Hyderabad IN,No,See DN-4255 (ID#:83911),See DN-4255 (ID#:83911),1129.92,,,,,,,,,,,,,,,,,,,,,,,,,,
43635,108-VN-T30,FPQ-12539,SCMS-199820,ASN-23647,Vietnam,PMO - US,Direct Drop,EXW,Air,7/11/13,8/2/13,13-Jun-14,13-Jun-14,31-Jul-14,ARV,Adult,MYLAN LABORATORIES LTD (FORMERLY MATRIX LABORATORIES),"Efavirenz/Lamivudine/Tenofovir Disoproxil Fumarate 600/300/300mg, tablets, 30 Tabs",Efavirenz/Lamivudine/Tenofovir Disoproxil Fumarate,Generic,600/300/300mg,Tablet - FDC,30.0,13907.0,155063.05,11.15,0.37,Mylan (formerly Matrix) Nashik,Yes,1578,2689.85,191.81,,,,,,,,,,,,,,,,,,,,,,,,,,
39156,,FPQ-4720,,,Vietnam,,,,,,1/12/2010,,,,,,MYLAN LABORATORIES LTD (FORMERLY MATRIX LABORATORIES),,Zidovudine,Generic,300mg,,,,,,,,,,,,108-VN-T30,SCMS-62470,ASN-6341,PMO - US,Direct Drop,EXW,Air,1/4/2009,1-Apr-10,1-Apr-10,1-Apr-10,ARV,Adult,"Zidovudine 300mg, tablets, 60 Tabs",Tablet,60.0,168.0,1260.0,7.5,0.12,Mylan (formerly Matrix) Nashik,No,See ASN-6341 (ID#:29298),See ASN-6341 (ID#:29298),2.72,
51895,,,,,Tanzania,,,,,,4/29/2014,,,,,,"Orgenics, Ltd",,"HIV 1/2, Determine Complete HIV Kit",Determine,,,,,,,,,,,,,109-TZ-T30,SCMS-235420,ASN-26517,PMO - US,Direct Drop,EXW,Air,3/27/2014,29-Aug-14,29-Aug-14,3-Sep-14,HRDT,HIV test,"HIV 1/2, Determine Complete HIV Kit, 100 Tests",Test kit,100.0,672.0,53760.0,80.0,0.8,"Alere Medical Co., Ltd.",Yes,277,4379.48,55.27,FPQ-13945
10706,106-HT-T01,Pre-PQ Process,SO-2055,DN-690,Haiti,PMO - US,From RDC,N/A - From RDC,Air,Pre-PQ Process,N/A - From RDC,14-Apr-08,14-Apr-08,14-Apr-08,ARV,Adult,SCMS from RDC,"Lopinavir/Ritonavir 200/50mg [Aluvia], tablets, 120 Tabs",Lopinavir/Ritonavir,Aluvia,200/50mg,Tablet,120.0,389.0,15987.9,41.1,0.34,ABBVIE Ludwigshafen Germany,Yes,4639,47525.69,25.58,,,,,,,,,,,,,,,,,,,,,,,,,,
81495,106-HT-T30,FPQ-6194,SCMS-85980,ASN-8600,Haiti,PMO - US,Direct Drop,EXW,Air,8/7/10,9/24/10,12-Nov-10,12-Nov-10,12-Nov-10,HRDT,HIV test,"SHANGHAI KEHUA BIOENGINEERING CO.,LTD.  (KHB)","HIV 1/2, SKB Colloidal Gold, Diagnostic Kit, Antibody, 50 Tests","HIV 1/2, Colloidal Gold, Diagnostic Kit, Antibody",Colloidal Gold,,Test kit,1.0,40.0,920.0,23.0,23.0,"KHB Test Kit Facility, Shanghai China",Yes,30,835.01,1.98,,,,,,,,,,,,,,,,,,,,,,,,,,
12181,,Pre-PQ Process,,,Nigeria,,,,,,N/A - From RDC,,,,,,SCMS from RDC,,Abacavir,Generic,300mg,,,,,,,,,,,,112-NG-T01,SO-10030,DN-840,PMO - US,From RDC,N/A - From RDC,Air,Pre-PQ Process,3-Aug-08,3-Aug-08,3-Aug-08,ARV,Adult,"Abacavir 300mg, tablets, 60 Tabs",Tablet,60.0,4.0,105.2,26.3,0.44,Mylan (formerly Matrix) Nashik,No,See DN-840 (ID#:12179),See DN-840 (ID#:12179),0.17,
26117,,,,,South Africa,,,,,,8/24/2015,,,,,,PHARMACY DIRECT,,Lamivudine/Zidovudine,Generic,150/300mg,,,,,,,,,,,,116-ZA-T30,SCMS-295800,ASN-33865,PMO - US,Direct Drop,DDP,Truck,9/11/2014,24-Aug-15,24-Aug-15,24-Aug-15,ARV,Adult,"Lamivudine/Zidovudine 150/300mg, tablets, 60 Tabs",Tablet - FDC,60.0,24.0,551.92,23.0,0.38,"Aurobindo Unit III, India",No,Weight Captured Separately,Freight Included in Commodity Cost,0.57,FPQ-14942
54965,,,,,Kenya,,,,,,8/27/2010,,,,,,"Orgenics, Ltd",,"HIV 1/2, Determine Complete HIV Kit",Determine,,,,,,,,,,,,,102-KE-T30,SCMS-80820,ASN-8590,PMO - US,Direct Drop,EXW,Air,7/23/2010,12-Nov-10,12-Nov-10,12-Nov-10,HRDT,HIV test,"HIV 1/2, Determine Complete HIV Kit, 100 Tests",Test kit,100.0,1.0,89.0,89.0,0.89,Inverness Japan,Yes,1233,13753.58,0.19,FPQ-6114
14404,161-ZA-T30,FPQ-7175,SCMS-103970,ASN-11255,South Africa,PMO - US,Direct Drop,DDP,Ocean,3/10/11,3/28/11,2-Sep-11,2-Sep-11,2-Sep-11,ARV,Adult,STRIDES ARCOLAB LIMITED,"Nevirapine 200mg, tablets, 60 Tabs",Nevirapine,Generic,200mg,Tablet,60.0,150000.0,430500.0,2.87,0.05,"Strides, Bangalore, India.",Yes,9306,10511.33,710.32,,,,,,,,,,,,,,,,,,,,,,,,,,
71753,,,,,South Africa,,,,,,8/28/2014,,,,,,PHARMACY DIRECT,,Didanosine,Generic,400mg,,,,,,,,,,,,116-ZA-T30,SCMS-238553,ASN-28021,PMO - US,Direct Drop,DDP,Truck,4/30/2014,28-Aug-14,28-Aug-14,28-Aug-14,ARV,Adult,"Didanosine 400mg, delayed-release capsules, 30 Caps",Delayed-release capsules,30.0,7.0,137.73,19.68,0.66,"Aurobindo Unit III, India",No,Weight Captured Separately,Freight Included in Commodity Cost,0.14,FPQ-13973
84596,,,,,Tanzania,,,,,,N/A - From RDC,,,,,,SCMS from RDC,,Didanosine,Generic,100mg,,,,,,,,,,,,109-TZ-T30,SO-36600,DN-2039,PMO - US,From RDC,N/A - From RDC,Air,4/1/2010,3-Dec-10,3-Dec-10,3-Dec-10,ARV,Pediatric,"Didanosine 100mg, chewable/dispersible tablets, 60 Tabs",Chewable/dispersible tablet,60.0,2864.0,22110.08,7.72,0.13,"Aurobindo Unit III, India",Yes,612,1979.75,47.67,FPQ-5436
84689,,,,,Zambia,,,,,,N/A - From RDC,,,,,,SCMS from RDC,,Emtricitabine/Tenofovir Disoproxil Fumarate,Generic,200/300mg,,,,,,,,,,,,110-ZM-T30,SO-40740,DN-2476,PMO - US,From RDC,N/A - From RDC,Truck,9/11/2011,19-Jan-12,23-Dec-11,23-Dec-11,ARV,Adult,"Emtricitabine/Tenofovir Disoproxil Fumarate 200/300mg, tablets, 30 Tabs",Tablet - FDC,30.0,113925.0,1021907.25,8.97,0.3,Mylan (formerly Matrix) Nashik,Yes,9875,14325.71,1686.15,FPQ-8383
13148,,,,,Dominican Republic,,,,,,6/23/2014,,,,,,"ABBVIE, SRL (FORMALLY ABBOTT LABORATORIES INTERNATIONAL CO.)",,Lopinavir/Ritonavir,Kaletra,80/20mg/ml,,,,,,,,,,,,103-DO-T30,SCMS-244720,ASN-26962,PMO - US,Direct Drop,DDP,Air,6/13/2014,14-Jan-14,14-Jan-14,7-Feb-14,ARV,Pediatric,"Lopinavir/Ritonavir 80/20mg/ml [Kaletra], oral solution, cool, Bottle, 160 ml",Oral solution,160.0,4570.0,148250.8,32.44,0.2,ABBVIE Labs North Chicago US,Yes,Weight Captured Separately,Freight Included in Commodity Cost,152.4,FPQ-14469
47831,,FPQ-4265,,,Vietnam,,,,,,11/5/2009,,,,,,ABBVIE LOGISTICS (FORMERLY ABBOTT LOGISTICS BV),,Lopinavir/Ritonavir,Aluvia,200/50mg,,,,,,,,,,,,108-VN-T30,SCMS-56210,ASN-5539,PMO - US,Direct Drop,FCA,Air,10/20/2009,11-Dec-09,11-Dec-09,11-Dec-09,ARV,Adult,"Lopinavir/Ritonavir 200/50mg [Aluvia], tablets, 120 Tabs",Tablet,120.0,1720.0,141384.0,82.2,0.68,ABBVIE Ludwigshafen Germany,Yes,424,10296.99,277.11,
12170,,,,,Haiti,,,,,,N/A - From RDC,,,,,,SCMS from RDC,,Abacavir,Generic,20mg/ml,,,,,,,,,,,,106-HT-T01,SO-2047,DN-742,PMO - US,From RDC,N/A - From RDC,Air,Pre-PQ Process,2-Jun-08,2-Jun-08,2-Jun-08,ARV,Pediatric,"Abacavir 20mg/ml, oral solution, Bottle, 240 ml",Oral solution,240.0,160.0,2640.0,16.5,0.07,"Aurobindo Unit III, India",No,See DN-742 (ID#:11537),See DN-742 (ID#:11537),4.22,Pre-PQ Process
19788,,FPQ-7175,,,South Africa,,,,,,3/24/2011,,,,,,Aurobindo Pharma Limited,,Efavirenz,Generic,50mg,,,,,,,,,,,,161-ZA-T30,SCMS-103360,ASN-11433,PMO - US,Direct Drop,DDP,Ocean,3/10/2011,2-Sep-11,14-Sep-11,14-Sep-11,ARV,Pediatric,"Efavirenz 50mg, capsule, 30 Caps",Capsule,30.0,2247.0,5482.68,2.44,0.08,"Aurobindo Unit III, India",Yes,Weight Captured Separately,Freight Included in Commodity Cost,9.05,
80002,,FPQ-12590,,,Haiti,,,,,,10/22/2013,,,,,,MERCK SHARP & DOHME IDEA GMBH (FORMALLY MERCK SHARP & DOHME B.V.),,Raltegravir,Isentress,400mg,,,,,,,,,,,,106-HT-T30,SCMS-210420,ASN-23851,PMO - US,Direct Drop,CIP,Air,8/21/2013,12-Feb-14,12-Feb-14,14-Feb-14,ARV,Adult,"Raltegravir 400mg [Isentress], tablets, 60 Tabs",Tablet,60.0,17.0,943.5,55.5,0.92,"MSD, Haarlem, NL",Yes,Weight Captured Separately,Freight Included in Commodity Cost,1.17,
10919,104-CI-T01,Pre-PQ Process,SO-971,DN-421,Côte d'Ivoire,PMO - US,From RDC,N/A - From RDC,Air,Pre-PQ Process,N/A - From RDC,17-Jan-08,17-Jan-08,17-Jan-08,ARV,Adult,SCMS from RDC,"Lopinavir/Ritonavir 200/50mg [Aluvia], tablets, 120 Tabs",Lopinavir/Ritonavir,Aluvia,200/50mg,Tablet,120.0,479.0,19686.9,41.1,0.34,ABBVIE Ludwigshafen Germany,Yes,421,5947.88,31.5,,,,,,,,,,,,,,,,,,,,,,,,,,
60004,,FPQ-6262,,,South Africa,,,,,,9/21/2010,,,,,,STRIDES ARCOLAB LIMITED,,Lamivudine,Generic,150mg,,,,,,,,,,,,161-ZA-T30,SCMS-84230,ASN-9456,PMO - US,Direct Drop,DDP,Ocean,8/31/2010,14-Feb-11,14-Feb-11,14-Feb-11,ARV,Adult,"Lamivudine 150mg, tablets, 60 Tabs",Tablet,60.0,189137.0,467168.39,2.47,0.04,"Strides, Bangalore, India.",Yes,9173,13677.67,1007.22,
28773,,,,,Haiti,,,,,,2/2/2011,,,,,,"Orgenics, Ltd",,"HIV 1/2, Determine HIV Kit, without Lancets",Determine,,,,,,,,,,,,,106-HT-T30,SCMS-98580,ASN-10062,PMO - US,Direct Drop,FCA,Air,1/14/2011,6-Apr-11,6-Apr-11,6-Apr-11,HRDT,HIV test,"HIV 1/2, Determine HIV Kit, without Lancets, 100 Tests",Test kit,100.0,2000.0,195360.0,97.68,0.98,Inverness Japan,Yes,453,7030.94,322.34,FPQ-7040
9054,,,,,South Africa,,,,,,3/27/2009,,,,,,S. BUYS WHOLESALER,,Lamivudine,Epivir,150mg,,,,,,,,,,,,116-ZA-T01,SCMS-41585,ASN-4386,PMO - US,Direct Drop,DDP,Air,Pre-PQ Process,25-Jun-09,21-Apr-09,21-Apr-09,ARV,Adult,"Lamivudine 150mg [Epivir], tablets, 60 Tabs",Tablet,60.0,3000.0,16080.0,5.36,0.09,GSK Cape Town Factory (South Africa),No,Weight Captured Separately,Freight Included in Commodity Cost,31.52,Pre-PQ Process
85839,109-TZ-T30,FPQ-8303,SO-40502,DN-2593,Tanzania,PMO - US,From RDC,N/A - From RDC,Truck,8/22/11,N/A - From RDC,30-Apr-12,11-Apr-12,11-Apr-12,ARV,Pediatric,SCMS from RDC,"Lamivudine/Zidovudine 30/60mg, tablets, 60 Tabs",Lamivudine/Zidovudine,Generic,30/60mg,Tablet - FDC,60.0,34054.0,101821.46,2.99,0.05,Mylan (formerly Matrix) Nashik,Yes,1309,3279.25,168.01,,,,,,,,,,,,,,,,,,,,,,,,,,
37052,,,,,South Africa,,,,,,8/27/2014,,,,,,S. BUYS WHOLESALER,,Didanosine,Generic,250mg,,,,,,,,,,,,116-ZA-T30,SCMS-199283,ASN-27979,PMO - US,Direct Drop,DDP,Truck,7/11/2013,27-Aug-14,27-Aug-14,27-Aug-14,ARV,Adult,"Didanosine 250mg, delayed-release capsules, 30 Caps",Delayed-release capsules,30.0,7.0,119.16,17.02,0.57,"Aurobindo Unit III, India",No,Weight Captured Separately,Freight Included in Commodity Cost,0.15,FPQ-12522
62980,106-HT-T30,FPQ-9635,SCMS-148700,ASN-15789,Haiti,PMO - US,Direct Drop,EXW,Ocean,5/14/12,6/28/12,22-Oct-12,22-Oct-12,22-Oct-12,ARV,Adult,HETERO LABS LIMITED,"Lamivudine/Tenofovir Disoproxil Fumarate 300/300mg, tablets, 30 Tabs",Lamivudine/Tenofovir Disoproxil Fumarate,Generic,300/300mg,Tablet - FDC,30.0,19776.0,100857.6,5.1,0.17,Hetero Unit III Hyderabad IN,Yes,2122,9272.18,141.4,,,,,,,,,,,,,,,,,,,,,,,,,,
83278,,FPQ-13566,,,Tanzania,,,,,,N/A - From RDC,,,,,,SCMS from RDC,,Lamivudine/Zidovudine,Generic,30/60mg,,,,,,,,,,,,109-TZ-T30,SO-47654,DN-3932,PMO - US,From RDC,N/A - From RDC,Truck,1/15/2014,31-Oct-14,22-Oct-14,4-Nov-14,ARV,Pediatric,"Lamivudine/Zidovudine 30/60mg, dispersible tablets, 60 Tabs",Chewable/dispersible tablet - FDC,60.0,11688.0,25129.2,2.15,0.04,"Cipla, Goa, India",Yes,1673,5364.61,25.83,
82857,,FPQ-3964,,,Côte d'Ivoire,,,,,,N/A - From RDC,,,,,,SCMS from RDC,,Didanosine,Generic,200mg,,,,,,,,,,,,104-CI-T30,SO-33171,DN-1629,PMO - US,From RDC,N/A - From RDC,Air,7/24/2009,11-Feb-10,2-Feb-10,2-Feb-10,ARV,Pediatric,"Didanosine 200mg, chewable/dispersible tablets, 60 Tabs",Chewable/dispersible tablet,60.0,23.0,356.5,15.5,0.26,"Aurobindo Unit III, India",Yes,379,1945.66,0.7,
84509,,,,,Haiti,,,,,,N/A - From RDC,,,,,,SCMS from RDC,,Stavudine,Generic,15mg,,,,,,,,,,,,106-HT-T30,SO-34240,DN-1530,PMO - US,From RDC,N/A - From RDC,Air,9/23/2009,30-Nov-09,30-Nov-09,30-Nov-09,ARV,Adult,"Stavudine 15mg, capsules, 60 Caps",Capsule,60.0,108.0,162.0,1.5,0.02,"Aurobindo Unit III, India",No,See DN-1530 (ID#:83964),See DN-1530 (ID#:83964),0.35,FPQ-4469
84418,111-MZ-T30,FPQ-14226,SO-48885,DN-3957,Mozambique,PMO - US,From RDC,N/A - From RDC,Truck,5/2/14,N/A - From RDC,31-Dec-14,1-Dec-14,1-Dec-14,ARV,Adult,SCMS from RDC,"Lamivudine/Tenofovir Disoproxil Fumarate 300/300mg, tablets, 30 Tabs",Lamivudine/Tenofovir Disoproxil Fumarate,Generic,300/300mg,Tablet - FDC,30.0,20673.0,95922.72,4.64,0.15,Hetero Unit III Hyderabad IN,No,See DN-3957 (ID#:83283),See DN-3957 (ID#:83283),98.61,,,,,,,,,,,,,,,,,,,,,,,,,,
85137,,FPQ-5623,,,Côte d'Ivoire,,,,,,N/A - From RDC,,,,,,SCMS from RDC,,Lamivudine/Stavudine,Generic,150/30mg,,,,,,,,,,,,104-CI-T30,SO-36890,DN-1984,PMO - US,From RDC,N/A - From RDC,Air,5/7/2010,31-Aug-10,23-Aug-10,23-Aug-10,ARV,Adult,"Lamivudine/Stavudine 150/30mg, tablets, 60 Tabs",Tablet - FDC,60.0,11994.0,39340.32,3.28,0.05,Mylan (formerly Matrix) Nashik,No,See DN-1984 (ID#:83453),See DN-1984 (ID#:83453),84.82,
86605,105-GY-T30,FPQ-12047,SO-45050,DN-3331,Guyana,PMO - US,From RDC,N/A - From RDC,Air,4/15/13,N/A - From RDC,30-Sep-13,4-Oct-13,22-Oct-13,ARV,Adult,SCMS from RDC,"Lopinavir/Ritonavir 200/50mg [Aluvia], tablets, 120 Tabs",Lopinavir/Ritonavir,Aluvia,200/50mg,Tablet,120.0,1634.0,33039.48,20.22,0.17,ABBVIE Ludwigshafen Germany,No,See DN-3331 (ID#:82603),See DN-3331 (ID#:82603),40.87,,,,,,,,,,,,,,,,,,,,,,,,,,
86144,,FPQ-14112,,,Burundi,,,,,,N/A - From RDC,,,,,,SCMS from RDC,,Lamivudine/Nevirapine/Zidovudine,Generic,150/300/200mg,,,,,,,,,,,,102-BI-T30,SO-48620,DN-4003,PMO - US,From RDC,N/A - From RDC,Air,4/18/2014,20-Nov-14,20-Nov-14,24-Nov-14,ARV,Adult,"Lamivudine/Nevirapine/Zidovudine 150/200/300mg, tablets, 60 Tabs",Tablet - FDC,60.0,1536.0,12456.96,8.11,0.14,Mylan (formerly Matrix) Nashik,No,See DN-4003 (ID#:84425),See DN-4003 (ID#:84425),12.81,
85752,,,,,Nigeria,,,,,,N/A - From RDC,,,,,,SCMS from RDC,,Nevirapine,Generic,200mg,,,,,,,,,,,,151-NG-T30,SO-39210,DN-2171,PMO - US,From RDC,N/A - From RDC,Air Charter,12/7/2010,21-Jun-11,10-May-11,10-May-11,ARV,Adult,"Nevirapine 200mg, tablets, 60 Tabs",Tablet,60.0,129557.0,325188.07,2.51,0.04,"Aurobindo Unit III, India",Yes,14710,12601.07,536.56,FPQ-6800
86310,,FPQ-5623,,,Côte d'Ivoire,,,,,,N/A - From RDC,,,,,,SCMS from RDC,,Lamivudine/Stavudine,Generic,150/30mg,,,,,,,,,,,,104-CI-T30,SO-36861,DN-1872,PMO - US,From RDC,N/A - From RDC,Air,5/7/2010,5-Jul-10,30-Jun-10,30-Jun-10,ARV,Adult,"Lamivudine/Stavudine 150/30mg, tablets, 60 Tabs",Tablet - FDC,60.0,8021.0,26308.88,3.28,0.05,"Cipla, Goa, India",Yes,611,17117.51,56.72,
11113,100-CI-T01,Pre-PQ Process,SO-394,DN-61,Côte d'Ivoire,PMO - US,From RDC,N/A - From RDC,,Pre-PQ Process,N/A - From RDC,4-May-07,4-May-07,4-May-07,ARV,Adult,SCMS from RDC,"Lamivudine/Zidovudine 150/300mg, tablets, 60 Tabs",Lamivudine/Zidovudine,Generic,150/300mg,Tablet - FDC,60.0,10000.0,102500.0,10.25,0.17,"Aurobindo Unit III, India",Yes,980,3179,,,,,,,,,,,,,,,,,,,,,,,,,,,
3851,,Pre-PQ Process,,,Vietnam,,,,,,4/29/2009,,,,,,Aurobindo Pharma Limited,,Stavudine,Generic,30mg,,,,,,,,,,,,108-VN-T01,SCMS-45070,ASN-4419,PMO - US,Direct Drop,EXW,Air,Pre-PQ Process,10-Jul-09,10-Jul-09,10-Jul-09,ARV,Adult,"Stavudine 30mg, capsules, 60 Caps",Capsule,60.0,15960.0,23142.0,1.45,0.02,"Aurobindo Unit III, India",Yes,1815,9931.49,45.36,
85073,106-HT-T30,FPQ-4469,SO-34240,DN-1530,Haiti,PMO - US,From RDC,N/A - From RDC,Air,9/23/09,N/A - From RDC,30-Nov-09,30-Nov-09,30-Nov-09,ARV,Pediatric,SCMS from RDC,"Nevirapine 10mg/ml, oral suspension, Bottle, 240 ml",Nevirapine,Generic,10mg/ml,Oral suspension,240.0,4704.0,9031.68,1.92,0.01,"Aurobindo Unit III, India",No,See DN-1530 (ID#:83964),See DN-1530 (ID#:83964),19.47,,,,,,,,,,,,,,,,,,,,,,,,,,
84678,,FPQ-7052,,,Zimbabwe,,,,,,N/A - From RDC,,,,,,SCMS from RDC,,Lamivudine/Stavudine,Generic,150/30mg,,,,,,,,,,,,113-ZW-T30,SO-38513,DN-2410,PMO - US,From RDC,N/A - From RDC,Truck,1/19/2011,14-Nov-11,21-Nov-11,21-Nov-11,ARV,Adult,"Lamivudine/Stavudine 150/30mg, tablets, 60 Tabs",Tablet - FDC,60.0,76.0,224.2,2.95,0.05,"Cipla, Goa, India",Yes,248,481.71,0.37,
63047,116-ZA-T30,FPQ-13973,SCMS-238553,ASN-28021,South Africa,PMO - US,Direct Drop,DDP,Truck,4/30/14,8/28/14,28-Aug-14,28-Aug-14,28-Aug-14,ARV,Adult,PHARMACY DIRECT,"Zidovudine 300mg, tablets, 60 Tabs",Zidovudine,Generic,300mg,Tablet,60.0,11.0,274.5,24.95,0.42,"Aurobindo Unit III, India",No,Weight Captured Separately,Freight Included in Commodity Cost,0.28,,,,,,,,,,,,,,,,,,,,,,,,,,
80363,,FPQ-13116,,,Uganda,,,,,,12/27/2013,,,,,,Aurobindo Pharma Limited,,Nevirapine,Generic,50mg,,,,,,,,,,,,114-UG-T30,SCMS-220810,ASN-24339,PMO - US,Direct Drop,EXW,Air,10/23/2013,27-Feb-14,27-Feb-14,10-Mar-14,ARV,Pediatric,"Nevirapine 50mg, dispersible tablets (tablets for oral suspension), 30 Tabs",Chewable/dispersible tablet,30.0,1200.0,1500.0,1.25,0.04,"Aurobindo Unit III, India",Yes,64,896.35,1.54,
11204,,Pre-PQ Process,,,Côte d'Ivoire,,,,,,N/A - From RDC,,,,,,SCMS from RDC,,Abacavir/Lamivudine/Zidovudine,Trizivir,300/150/300mg,,,,,,,,,,,,104-CI-T01,SO-604,DN-446,PMO - US,From RDC,N/A - From RDC,Air,Pre-PQ Process,30-Nov-07,30-Nov-07,30-Nov-07,ARV,Adult,"Abacavir/Lamivudine/Zidovudine 300/150/300mg [Trizivir], tablets, 60 Tabs",Tablet - FDC,60.0,995.0,69650.0,70.0,1.17,GSK Ware (UK),Yes,219,1392,111.44,
84820,151-NG-T30,FPQ-11022,SO-44261,DN-3163,Nigeria,PMO - US,From RDC,N/A - From RDC,Air Charter,11/15/12,N/A - From RDC,28-May-13,3-May-13,3-May-13,ARV,Adult,SCMS from RDC,"Efavirenz/Lamivudine/Tenofovir Disoproxil Fumarate 600/300/300mg, tablets, 30 Tabs",Efavirenz/Lamivudine/Tenofovir Disoproxil Fumarate,Generic,600/300/300mg,Tablet - FDC,30.0,100000.0,1052000.0,10.52,0.35,Hetero Unit III Hyderabad IN,Yes,14783,14547.55,1301.32,,,,,,,,,,,,,,,,,,,,,,,,,,
35488,,,,,Nigeria,,,,,,10/29/2014,,,,,,"Orgenics, Ltd",,"HIV 1/2, Determine Complete HIV Kit",Determine,,,,,,,,,,,,,133-NG-T30,SCMS-260700,ASN-29930,PMO - US,Direct Drop,EXW,Air,9/22/2014,19-Jan-15,16-Jan-15,22-Jan-15,HRDT,HIV test,"HIV 1/2, Determine Complete HIV Kit, 100 Tests",Test kit,100.0,3054.0,271806.0,89.0,0.89,"Alere Medical Co., Ltd.",Yes,1241,15994.73,279.42,FPQ-14995
86334,,FPQ-6226,,,Tanzania,,,,,,N/A - From RDC,,,,,,SCMS from RDC,,Efavirenz,Generic,600mg,,,,,,,,,,,,109-TZ-T30,SO-37300,DN-2008,PMO - US,From RDC,N/A - From RDC,Air,8/16/2010,30-Sep-10,10-Sep-10,10-Sep-10,ARV,Adult,"Efavirenz 600mg, tablets, 30 Tabs",Tablet,30.0,44669.0,198777.05,4.45,0.15,Mylan (formerly Matrix) Nashik,No,See DN-2008 (ID#:84038),See DN-2008 (ID#:84038),428.56,
27938,110-ZM-T30,FPQ-8315,SCMS-120581,ASN-12827,Zambia,PMO - US,Direct Drop,EXW,Air,8/31/11,9/19/11,30-Nov-11,30-Nov-11,30-Nov-11,HRDT,HIV test,"Trinity Biotech, Plc","HIV 1/2, Uni-Gold HIV Kit, 20 Tests","HIV 1/2, Uni-Gold HIV Kit",Uni-Gold,,Test kit,20.0,5920.0,189440.0,32.0,1.6,"Trinity Biotech, Plc",Yes,1896,25136.39,312.58,,,,,,,,,,,,,,,,,,,,,,,,,,
84617,,,,,Côte d'Ivoire,,,,,,N/A - From RDC,,,,,,SCMS from RDC,,Emtricitabine/Tenofovir Disoproxil Fumarate,Generic,200/300mg,,,,,,,,,,,,104-CI-T30,SO-37710,DN-2098,PMO - US,From RDC,N/A - From RDC,Truck,10/4/2010,31-Jan-11,22-Feb-11,22-Feb-11,ARV,Adult,"Emtricitabine/Tenofovir Disoproxil Fumarate 200/300mg, tablets, 30 Tabs",Tablet - FDC,30.0,9920.0,108326.4,10.92,0.36,Mylan (formerly Matrix) Nashik,No,See DN-2098 (ID#:83482),See DN-2098 (ID#:83482),233.55,FPQ-6495
85093,,,,,Haiti,,,,,,N/A - From RDC,,,,,,SCMS from RDC,,Stavudine,Generic,20mg,,,,,,,,,,,,106-HT-T30,SO-35920,DN-1667,PMO - US,From RDC,N/A - From RDC,Air,10/23/2009,10-Mar-10,3-Mar-10,3-Mar-10,ARV,Adult,"Stavudine 20mg, capsules, 60 Caps",Capsule,60.0,106.0,151.58,1.43,0.02,"Aurobindo Unit III, India",No,See DN-1667 (ID#:82861),See DN-1667 (ID#:82861),0.33,FPQ-4384
72639,,FPQ-5207,,,Côte d'Ivoire,,,,,,6/7/2010,,,,,,"CHEMBIO DIAGNOSTIC SYSTEMS, INC.",,"HIV 1/2, Stat-Pak HIV, Kit",Stat-Pak,,,,,,,,,,,,,104-CI-T30,SCMS-75361,ASN-7945,PMO - US,Direct Drop,EXW,Air,2/25/2010,27-Aug-10,27-Aug-10,27-Aug-10,HRDT,HIV test,"HIV 1/2, Stat-Pak HIV, Kit, 20 Tests",Test kit,20.0,2068.0,55836.0,27.0,1.35,Chembio Diagnostics Sys. Inc.,Yes,685,5557.27,120.38,
10345,,Pre-PQ Process,,,South Africa,,,,,,Date Not Captured,,,,,,S. BUYS WHOLESALER,,Zidovudine,Generic,300mg,,,,,,,,,,,,116-ZA-T01,SCMS-40870,ASN-3582,PMO - US,Direct Drop,DDP,Air,Pre-PQ Process,30-Jun-09,30-Jan-09,30-Jan-09,ARV,Adult,"Zidovudine 300mg, tablets, 60 Tabs",Tablet,60.0,5550.0,68098.5,12.27,0.2,"Aurobindo Unit III, India",No,Weight Captured Separately,Freight Included in Commodity Cost,133.47,
85529,,FPQ-13566,,,Tanzania,,,,,,N/A - From RDC,,,,,,SCMS from RDC,,Efavirenz/Emtricitabine/Tenofovir Disoproxil Fumarate,Generic,600/200/300mg,,,,,,,,,,,,109-TZ-T30,SO-47650,DN-3933,PMO - US,From RDC,N/A - From RDC,Truck,1/15/2014,3-Nov-14,17-Oct-14,7-Nov-14,ARV,Adult,"Efavirenz/Emtricitabine/Tenofovir Disoproxil Fumarate 600/200/300mg, tablets, 30 Tabs",Tablet - FDC,30.0,17851.0,212248.39,11.89,0.4,"Cipla, Goa, India",Yes,2117,1663.18,218.19,
49085,102-SD-T30,FPQ-8264,SCMS-121840,ASN-12828,Sudan,PMO - US,Direct Drop,EXW,Air,9/7/11,9/14/11,6-Jan-12,6-Jan-12,6-Jan-12,HRDT,HIV test - Ancillary,"Orgenics, Ltd","Capillary Tubes, for Determine, EDTA, 50uL,100 Pcs","HIV, Capillary Tubes, for Determine, EDTA, 50uL,100 Pcs",Determine,,Test kit - Ancillary,100.0,4.0,32.0,8.0,0.08,"Alere Medical Co., Ltd.",Yes,2,942.64,0.05,,,,,,,,,,,,,,,,,,,,,,,,,,
83305,114-UG-T30,FPQ-15638,SO-50640,DN-4105,Uganda,PMO - US,From RDC,N/A - From RDC,Truck,12/22/14,N/A - From RDC,27-Feb-15,25-Feb-15,5-Mar-15,ARV,Adult,SCMS from RDC,"Lopinavir/Ritonavir 200/50mg [Aluvia], tablets, 120 Tabs",Lopinavir/Ritonavir,Aluvia,200/50mg,Tablet,120.0,9833.0,185843.7,18.9,0.16,ABBVIE Ludwigshafen Germany,Yes,2033,9482.19,218.74,,,,,,,,,,,,,,,,,,,,,,,,,,
2661,112-NG-T01,Pre-PQ Process,SCMS-87,ASN-57,Nigeria,PMO - US,Direct Drop,EXW,Air,Pre-PQ Process,Date Not Captured,28-Sep-06,28-Sep-06,28-Sep-06,ARV,Pediatric,Aurobindo Pharma Limited,"Lamivudine 10mg/ml, oral solution, Bottle, 240 ml",Lamivudine,Generic,10mg/ml,Oral solution,240.0,416.0,1809.6,4.35,0.02,"Aurobindo Unit III, India",No,See ASN-57 (ID#:23),See ASN-57 (ID#:23),,,,,,,,,,,,,,,,,,,,,,,,,,,
52465,114-UG-T30,FPQ-12309,SCMS-192030,ASN-20922,Uganda,PMO - US,Direct Drop,EXW,Air,5/17/13,6/14/13,16-Aug-13,16-Aug-13,16-Aug-13,ARV,Adult,MYLAN LABORATORIES LTD (FORMERLY MATRIX LABORATORIES),"Lamivudine/Nevirapine/Zidovudine 150/200/300mg, tablets, 60 Tabs",Lamivudine/Nevirapine/Zidovudine,Generic,150/300/200mg,Tablet - FDC,60.0,60678.0,491491.8,8.1,0.13,Mylan (formerly Matrix) Nashik,Yes,8402,28304.85,607.98,,,,,,,,,,,,,,,,,,,,,,,,,,
38951,,,,,South Africa,,,,,,10/9/2014,,,,,,PHARMACY DIRECT,,Didanosine,Generic,400mg,,,,,,,,,,,,116-ZA-T30,SCMS-259079,ASN-33852,PMO - US,Direct Drop,DDP,Truck,9/11/2014,24-Aug-15,24-Aug-15,24-Aug-15,ARV,Adult,"Didanosine 400mg, delayed-release capsules, 30 Caps",Delayed-release capsules,30.0,9.0,137.45,15.27,0.51,"Aurobindo Unit III, India",No,Weight Captured Separately,Freight Included in Commodity Cost,0.14,FPQ-14942
83277,107-RW-T30,FPQ-14111,SO-48780,DN-3931,Rwanda,PMO - US,From RDC,N/A - From RDC,Air,4/22/14,N/A - From RDC,31-Oct-14,24-Sep-14,25-Sep-14,ARV,Pediatric,SCMS from RDC,"Lamivudine/Nevirapine/Zidovudine 30/50/60mg, dispersible tablets, 60 Tabs",Lamivudine/Nevirapine/Zidovudine,Generic,30/50/60mg,Chewable/dispersible tablet - FDC,60.0,2196.0,8235.0,3.75,0.06,"Strides, Bangalore, India.",Yes,98,993.2,8.47,,,,,,,,,,,,,,,,,,,,,,,,,,
10884,,,,,Côte d'Ivoire,,,,,,N/A - From RDC,,,,,,SCMS from RDC,,Lopinavir/Ritonavir,Aluvia,200/50mg,,,,,,,,,,,,104-CI-T01,SO-956,DN-350,PMO - US,From RDC,N/A - From RDC,,Pre-PQ Process,17-Sep-07,17-Sep-07,17-Sep-07,ARV,Adult,"Lopinavir/Ritonavir 200/50mg [Aluvia], tablets, 120 Tabs",Tablet,120.0,3200.0,131520.0,41.1,0.34,ABBVIE Ludwigshafen Germany,Yes,749,2717,210.43,Pre-PQ Process
39223,,,,,Kenya,,,,,,6/14/2012,,,,,,"Orgenics, Ltd",,"HIV 1/2, Determine Complete HIV Kit",Determine,,,,,,,,,,,,,103-KE-T30,SCMS-149610,ASN-15669,PMO - US,Direct Drop,EXW,Air,6/5/2012,9-Jul-12,28-Jul-12,28-Jul-12,HRDT,HIV test,"HIV 1/2, Determine Complete HIV Kit, 100 Tests",Test kit,100.0,4440.0,395160.0,89.0,0.89,"Alere Medical Co., Ltd.",Yes,1445,10719.64,554.01,FPQ-10018
45150,,FPQ-11623,,,South Sudan,,,,,,2/27/2013,,,,,,"Orgenics, Ltd",,"Chase Buffer, Determine, 100 Tests, 2.5ml x 1 Vial",Determine,,,,,,,,,,,,,900-SS-T30,SCMS-178030,ASN-19143,PMO - US,Direct Drop,EXW,Air,2/8/2013,16-Aug-13,16-Aug-13,16-Aug-13,HRDT,HIV test - Ancillary,"Chase Buffer, Determine, 100 Tests, 2.5ml x 1 Vial",Test kit - Ancillary,1.0,116.0,580.0,5.0,5.0,"Alere Medical Co., Ltd.",No,See ASN-19143 (ID#:26345),See ASN-19143 (ID#:26345),0.72,
81200,,,,,South Africa,,,,,,5/5/2010,,,,,,S. BUYS WHOLESALER,,Abacavir,Ziagen,300mg,,,,,,,,,,,,116-ZA-T30,SCMS-72760,ASN-7111,PMO - US,Direct Drop,DDP,Truck,4/30/2010,12-May-10,12-May-10,12-May-10,ARV,Adult,"Abacavir 300mg [Ziagen], tablets, Blister 6 x 10 Tabs",Tablet - blister,60.0,200.0,7781.51,38.91,0.65,GSK Ware (UK),No,Weight Captured Separately,Freight Included in Commodity Cost,16.78,FPQ-5630
76840,161-ZA-T30,FPQ-6708,SCMS-93540,ASN-10568,South Africa,PMO - US,Direct Drop,DDP,Ocean,11/26/10,12/14/10,31-May-11,13-Jun-11,13-Jun-11,ARV,Adult,Aurobindo Pharma Limited,"Tenofovir Disoproxil Fumarate 300mg, tablets, 30 Tabs",Tenofovir Disoproxil Fumarate,Generic,300mg,Tablet,30.0,77473.0,515195.45,6.65,0.22,"Aurobindo Unit III, India",Yes,7228,8809.08,850.07,,,,,,,,,,,,,,,,,,,,,,,,,,
10981,111-MZ-T01,Pre-PQ Process,SO-1882,DN-817,Mozambique,PMO - US,From RDC,N/A - From RDC,Air,Pre-PQ Process,N/A - From RDC,7-Aug-08,7-Aug-08,7-Aug-08,ARV,Adult,SCMS from RDC,"Lamivudine/Nevirapine/Stavudine 150/200/30mg, tablets, 60 Tabs",Lamivudine/Nevirapine/Stavudine,Generic,150/200/30mg,Tablet - FDC,60.0,38975.0,280620.0,7.2,0.12,"Strides, Bangalore, India.",Yes,13123,9161.95,448.99,,,,,,,,,,,,,,,,,,,,,,,,,,
86337,,FPQ-5523,,,Haiti,,,,,,N/A - From RDC,,,,,,SCMS from RDC,,Efavirenz,Generic,50mg,,,,,,,,,,,,106-HT-T30,SO-36741,DN-2015,PMO - US,From RDC,N/A - From RDC,Air,4/19/2010,30-Sep-10,7-Oct-10,7-Oct-10,ARV,Pediatric,"Efavirenz 50mg, capsule, 30 Caps",Capsule,30.0,70.0,156.8,2.24,0.07,"Aurobindo Unit III, India",No,See DN-2015 (ID#:82917),See DN-2015 (ID#:82917),0.34,
32559,106-HT-T30,FPQ-11304,SCMS-176450,ASN-19219,Haiti,PMO - US,Direct Drop,DAP,Truck,1/22/13,2/12/13,15-Mar-13,15-Mar-13,15-Mar-13,HRDT,HIV test,REINBOLD EXPORT IMPORT,"HIV 1/2, Determine Complete HIV Kit, 100 Tests","HIV 1/2, Determine Complete HIV Kit",Determine,,Test kit,100.0,25.0,3125.0,125.0,1.25,"Alere Medical Co., Ltd.",Yes,Weight Captured Separately,Freight Included in Commodity Cost,3.87,,,,,,,,,,,,,,,,,,,,,,,,,,
11787,100-ZW-T01,Pre-PQ Process,SO-705,DN-355,Zimbabwe,PMO - US,From RDC,N/A - From RDC,Truck,Pre-PQ Process,N/A - From RDC,20-Sep-07,20-Sep-07,20-Sep-07,ARV,Adult,SCMS from RDC,"Efavirenz 600mg, tablets, 30 Tabs",Efavirenz,Generic,600mg,Tablet,30.0,1860.0,23101.2,12.42,0.41,"Cipla, Goa, India",Yes,3951,13788.25,36.96,,,,,,,,,,,,,,,,,,,,,,,,,,
84026,117-ET-T30,FPQ-5967,SO-37100,DN-1951,Ethiopia,PMO - US,From RDC,N/A - From RDC,Air,6/28/10,N/A - From RDC,21-Sep-10,19-Jul-10,19-Jul-10,ARV,Adult,SCMS from RDC,"Lamivudine/Nevirapine/Stavudine 150/200/30mg, tablets, 60 Tabs",Lamivudine/Nevirapine/Stavudine,Generic,150/200/30mg,Tablet - FDC,60.0,29315.0,167974.95,5.73,0.1,"Cipla, Goa, India",Yes,3931,13215.67,362.15,,,,,,,,,,,,,,,,,,,,,,,,,,
39065,,FPQ-13973,,,South Africa,,,,,,8/28/2014,,,,,,PHARMACY DIRECT,,Nevirapine,Generic,200mg,,,,,,,,,,,,116-ZA-T30,SCMS-238553,ASN-28021,PMO - US,Direct Drop,DDP,Truck,4/30/2014,28-Aug-14,28-Aug-14,28-Aug-14,ARV,Adult,"Nevirapine 200mg, tablets, 60 Tabs",Tablet,60.0,27.0,479.17,17.75,0.3,"Aurobindo Unit III, India",No,Weight Captured Separately,Freight Included in Commodity Cost,0.49,
85126,151-NG-T30,FPQ-5023,SO-36444,DN-1902,Nigeria,PMO - US,From RDC,N/A - From RDC,Air,2/10/10,N/A - From RDC,15-Jul-10,28-Jun-10,28-Jun-10,ARV,Adult,SCMS from RDC,"Efavirenz 600mg, tablets, 30 Tabs",Efavirenz,Generic,600mg,Tablet,30.0,5000.0,23000.0,4.6,0.15,"Aurobindo Unit III, India",Yes,428,Freight Included in Commodity Cost,49.59,,,,,,,,,,,,,,,,,,,,,,,,,,
12545,,,,,Nigeria,,,,,,N/A - From RDC,,,,,,SCMS from RDC,,Stavudine,Generic,30mg,,,,,,,,,,,,123-NG-T01,SO-23040,DN-1106,PMO - US,From RDC,N/A - From RDC,Air,Pre-PQ Process,26-Feb-09,26-Feb-09,26-Feb-09,ARV,Adult,"Stavudine 30mg, capsules, 60 Caps",Capsule,60.0,11142.0,17270.1,1.55,0.03,"Aurobindo Unit III, India",Yes,739,6315.3,33.85,Pre-PQ Process
9078,116-ZA-T01,Pre-PQ Process,SCMS-47390,ASN-4402,South Africa,PMO - US,Direct Drop,DDP,Truck,Pre-PQ Process,4/2/09,31-Jul-09,21-Apr-09,21-Apr-09,ARV,Adult,S. BUYS WHOLESALER,"Ritonavir 100mg [Norvir], capsules, cool, 84 Caps",Ritonavir,Norvir,100mg,Capsule,84.0,10.0,84.0,8.4,0.1,ABBVIE (Abbott) Logis. UK,No,Weight Captured Separately,Freight Included in Commodity Cost,0.16,,,,,,,,,,,,,,,,,,,,,,,,,,
15012,,,,,South Africa,,,,,,4/1/2011,,,,,,Aurobindo Pharma Limited,,Zidovudine,Generic,300mg,,,,,,,,,,,,116-ZA-T30,SCMS-104370,ASN-11046,PMO - US,Direct Drop,DDP,Ocean,3/10/2011,15-Aug-11,15-Aug-11,15-Aug-11,ARV,Adult,"Zidovudine 300mg, tablets, 60 Tabs",Tablet,60.0,2452.0,17899.6,7.3,0.12,"Aurobindo Unit III, India",Yes,127,47101.63,29.53,FPQ-7176
82312,,,,,Uganda,,,,,,N/A - From RDC,,,,,,SCMS from RDC,,Lamivudine/Stavudine,Generic,150/30mg,,,,,,,,,,,,114-UG-T30,SO-36160,DN-1761,PMO - US,From RDC,N/A - From RDC,Air,3/2/2010,23-Jun-10,8-Apr-10,8-Apr-10,ARV,Adult,"Lamivudine/Stavudine 150/30mg, tablets, 60 Tabs",Tablet - FDC,60.0,140.0,476.0,3.4,0.06,"Cipla, Goa, India",Yes,17,1073.46,1.03,FPQ-5239
52280,102-KE-T30,FPQ-4250,SCMS-55901,ASN-5639,Kenya,PMO - US,Direct Drop,EXW,Air,9/16/09,10/22/09,11-Jan-10,11-Jan-10,11-Jan-10,HRDT,HIV test,"Trinity Biotech, Plc","HIV 1/2, Uni-Gold HIV Kit, 20 Tests","HIV 1/2, Uni-Gold HIV Kit",Uni-Gold,,Test kit,20.0,1000.0,32000.0,32.0,1.6,"Trinity Biotech, Plc",Yes,347,4259.57,62.72,,,,,,,,,,,,,,,,,,,,,,,,,,
84243,,FPQ-10633,,,Côte d'Ivoire,,,,,,N/A - From RDC,,,,,,SCMS from RDC,,Lamivudine/Nevirapine/Zidovudine,Generic,150/300/200mg,,,,,,,,,,,,104-CI-T30,SO-43330,DN-3075,PMO - US,From RDC,N/A - From RDC,Truck,9/11/2012,28-Mar-13,30-Mar-13,30-Mar-13,ARV,Adult,"Lamivudine/Nevirapine/Zidovudine 150/200/300mg, tablets, 60 Tabs",Tablet - FDC,60.0,38722.0,332234.76,8.58,0.14,"Cipla, Goa, India",No,See DN-3075 (ID#:83129),See DN-3075 (ID#:83129),465.79,
52520,,,,,South Africa,,,,,,5/5/2010,,,,,,S. BUYS WHOLESALER,,Emtricitabine/Tenofovir Disoproxil Fumarate,Truvada,300/200mg,,,,,,,,,,,,116-ZA-T30,SCMS-72760,ASN-7111,PMO - US,Direct Drop,DDP,Truck,4/30/2010,12-May-10,12-May-10,12-May-10,ARV,Adult,"Emtricitabine/Tenofovir Disoproxil Fumarate 200/300mg [Truvada], tablets, 30 Tabs",Tablet - FDC,30.0,200.0,9382.78,46.91,1.56,"Aspen-OSD, Port Elizabeth, SA",No,Weight Captured Separately,Freight Included in Commodity Cost,20.23,FPQ-5630
41146,113-ZW-T30,FPQ-3998,SCMS-49710,ASN-4729,Zimbabwe,PMO - US,Direct Drop,EXW,Air,7/14/09,7/21/09,1-Sep-09,1-Sep-09,1-Sep-09,HRDT,HIV test,"Standard Diagnostics, Inc.","HIV 1/2, Bioline 3.0 Kit, Lancets, Capillary pipets, Alcohol swabs included, 25 Tests","HIV 1/2, Bioline 3.0 Kit, Lancets, Capillary pipets, Alcohol swabs included",Bioline,,Test kit,25.0,2000.0,40000.0,20.0,0.8,"Standard Diagnostics, Korea",Yes,624,4756.06,78.4,,,,,,,,,,,,,,,,,,,,,,,,,,
84258,,,,,Zimbabwe,,,,,,N/A - From RDC,,,,,,SCMS from RDC,,Lamivudine/Tenofovir Disoproxil Fumarate,Generic,300/300mg,,,,,,,,,,,,113-ZW-T30,SO-43721,DN-3145,PMO - US,From RDC,N/A - From RDC,Truck,11/16/2012,30-May-13,29-Apr-13,29-Apr-13,ARV,Adult,"Lamivudine/Tenofovir Disoproxil Fumarate 300/300mg, tablets, 30 Tabs",Tablet - FDC,30.0,40534.0,190509.8,4.7,0.16,"Aurobindo Unit VII, IN",Yes,3749,9708.48,235.66,FPQ-11002
83398,104-CI-T30,FPQ-3964,SO-33171,DN-1629,Côte d'Ivoire,PMO - US,From RDC,N/A - From RDC,Air,7/24/09,N/A - From RDC,11-Feb-10,2-Feb-10,2-Feb-10,ARV,Pediatric,SCMS from RDC,"Didanosine 200mg, chewable/dispersible tablets, 60 Tabs",Didanosine,Generic,200mg,Chewable/dispersible tablet,60.0,1800.0,27900.0,15.5,0.26,"Aurobindo Unit III, India",No,See DN-1629 (ID#:82857),See DN-1629 (ID#:82857),54.68,,,,,,,,,,,,,,,,,,,,,,,,,,
85319,,FPQ-10780,,,Uganda,,,,,,N/A - From RDC,,,,,,SCMS from RDC,,Lamivudine,Generic,150mg,,,,,,,,,,,,114-UG-T30,SO-43500,DN-2953,PMO - US,From RDC,N/A - From RDC,Air,10/10/2012,2-Feb-13,2-Feb-13,2-Feb-13,ARV,Adult,"Lamivudine 150mg, tablets, 60 Tabs",Tablet,60.0,2131.0,4602.96,2.16,0.04,Hetero Unit III Hyderabad IN,Yes,117,2005.48,6.45,
84500,,,,,Nigeria,,,,,,N/A - From RDC,,,,,,SCMS from RDC,,Efavirenz,Generic,200mg,,,,,,,,,,,,154-NG-T30,SO-32272,DN-1360,PMO - US,From RDC,N/A - From RDC,Air Charter,5/26/2009,31-Aug-09,4-Aug-09,4-Aug-09,ARV,Pediatric,"Efavirenz 200mg, capsule, 90 Caps",Capsule,90.0,15.0,190.95,12.73,0.14,"Aurobindo Unit III, India",No,See DN-1360 (ID#:83371),See DN-1360 (ID#:83371),0.37,FPQ-3815
28265,,,,,Burundi,,,,,,2/14/2013,,,,,,"Orgenics, Ltd",,"HIV 1/2, Determine Complete HIV Kit",Determine,,,,,,,,,,,,,102-BI-T30,SCMS-176910,ASN-19033,PMO - US,Direct Drop,EXW,Air,1/29/2013,3-May-13,3-May-13,3-May-13,HRDT,HIV test,"HIV 1/2, Determine Complete HIV Kit, 100 Tests",Test kit,100.0,1560.0,124800.0,80.0,0.8,"Alere Medical Co., Ltd.",Yes,676,14189.02,154.38,FPQ-11512
85109,,FPQ-5470,,,Guyana,,,,,,N/A - From RDC,,,,,,SCMS from RDC,,Didanosine,Generic,100mg,,,,,,,,,,,,105-GY-T30,SO-36641,DN-1811,PMO - US,From RDC,N/A - From RDC,Air,4/7/2010,30-Jun-10,25-May-10,25-May-10,ARV,Pediatric,"Didanosine 100mg, chewable/dispersible tablets, 60 Tabs",Chewable/dispersible tablet,60.0,330.0,2547.6,7.72,0.13,"Aurobindo Unit III, India",Yes,71,1721.53,5.49,
49387,,,,,South Sudan,,,,,,6/20/2012,,,,,,"Trinity Biotech, Plc",,"HIV 1/2, Uni-Gold HIV Kit",Uni-Gold,,,,,,,,,,,,,105-SS-T30,SCMS-147620,ASN-15720,PMO - US,Direct Drop,EXW,Air,5/18/2012,5-Sep-12,5-Sep-12,5-Sep-12,HRDT,HIV test,"HIV 1/2, Uni-Gold HIV Kit, 20 Tests",Test kit,20.0,749.0,23968.0,32.0,1.6,"Trinity Biotech, Plc",Yes,262,4669.02,33.6,FPQ-9807
12838,,,,,Mozambique,,,,,,N/A - From RDC,,,,,,SCMS from RDC,,Lamivudine/Stavudine,Generic,150/30mg,,,,,,,,,,,,111-MZ-T01,SO-2424,DN-850,PMO - US,From RDC,N/A - From RDC,Air,Pre-PQ Process,5-Sep-08,5-Sep-08,5-Sep-08,ARV,Adult,"Lamivudine/Stavudine 150/30mg, tablets, 60 Tabs",Tablet - FDC,60.0,11980.0,46722.0,3.9,0.06,Mylan (formerly Matrix) Nashik,No,See DN-850 (ID#:10733),See DN-850 (ID#:10733),74.76,Pre-PQ Process
78715,161-ZA-T30,FPQ-7175,SCMS-103930,ASN-12290,South Africa,PMO - US,Direct Drop,DDP,Ocean,3/10/11,3/28/11,23-Nov-11,23-Nov-11,23-Nov-11,ARV,Adult,STRIDES ARCOLAB LIMITED,"Lamivudine 150mg, tablets, 60 Tabs",Lamivudine,Generic,150mg,Tablet,60.0,515000.0,1251450.0,2.43,0.04,"Strides, Bangalore, India.",Yes,23655,37401.43,2064.89,,,,,,,,,,,,,,,,,,,,,,,,,,
46956,,FPQ-7007,,,Namibia,,,,,,2/2/2011,,,,,,"Orgenics, Ltd",,"HIV 1/2, Determine HIV Kit, without Lancets",Determine,,,,,,,,,,,,,119-NA-T30,SCMS-98340,ASN-10065,PMO - US,Direct Drop,EXW,Air,1/13/2011,22-Mar-11,22-Mar-11,22-Mar-11,HRDT,HIV test,"HIV 1/2, Determine HIV Kit, without Lancets, 100 Tests",Test kit,100.0,150.0,11655.0,77.7,0.78,Inverness Japan,Yes,34,947.35,19.23,
83569,104-CI-T30,FPQ-8787,SO-41171,DN-2545,Côte d'Ivoire,PMO - US,From RDC,N/A - From RDC,Air,11/11/11,N/A - From RDC,21-May-12,1-Mar-12,1-Mar-12,ARV,Adult,SCMS from RDC,"Lamivudine 150mg, tablets, 60 Tabs",Lamivudine,Generic,150mg,Tablet,60.0,10350.0,24115.5,2.33,0.04,"Aurobindo Unit III, India",Yes,495,20548.8,33.81,,,,,,,,,,,,,,,,,,,,,,,,,,
17844,,,,,South Africa,,,,,,5/11/2015,,,,,,PHARMACY DIRECT,,Didanosine,Generic,400mg,,,,,,,,,,,,116-ZA-T30,SCMS-259075,ASN-32138,PMO - US,Direct Drop,DDP,Truck,9/11/2014,12-May-15,12-May-15,12-May-15,ARV,Adult,"Didanosine 400mg, delayed-release capsules, 30 Caps",Delayed-release capsules,30.0,3.0,42.65,14.22,0.47,"Aurobindo Unit III, India",No,Weight Captured Separately,Freight Included in Commodity Cost,0.04,FPQ-14942
73095,,FPQ-14942,,,South Africa,,,,,,2/12/2015,,,,,,PHARMACY DIRECT,,Zidovudine,Generic,300mg,,,,,,,,,,,,116-ZA-T30,SCMS-259073,ASN-30671,PMO - US,Direct Drop,DDP,Truck,9/11/2014,12-Feb-15,12-Feb-15,12-Feb-15,ARV,Adult,"Zidovudine 300mg, tablets, 60 Tabs",Tablet,60.0,11.0,198.34,18.03,0.3,"Aurobindo Unit III, India",No,Weight Captured Separately,Freight Included in Commodity Cost,0.2,
7121,,,,,Vietnam,,,,,,5/14/2008,,,,,,MYLAN LABORATORIES LTD (FORMERLY MATRIX LABORATORIES),,Zidovudine,Generic,300mg,,,,,,,,,,,,108-VN-T01,SCMS-23450,ASN-2336,PMO - US,Direct Drop,EXW,Air,Pre-PQ Process,19-Sep-08,19-Sep-08,19-Sep-08,ARV,Adult,"Zidovudine 300mg, tablets, 60 Tabs",Tablet,60.0,648.0,4860.0,7.5,0.12,Mylan (formerly Matrix) Nashik,No,See ASN-2336 (ID#:530),See ASN-2336 (ID#:530),7.78,Pre-PQ Process
85560,110-ZM-T30,FPQ-14575,SO-49282,DN-4117,Zambia,PMO - US,From RDC,N/A - From RDC,Truck,7/11/14,N/A - From RDC,27-Feb-15,19-Feb-15,20-Feb-15,ARV,Adult,SCMS from RDC,"Nevirapine 200mg, tablets, 60 Tabs",Nevirapine,Generic,200mg,Tablet,60.0,38151.0,83169.18,2.18,0.04,"Strides, Bangalore, India.",No,See DN-4117 (ID#:84449),See DN-4117 (ID#:84449),85.5,,,,,,,,,,,,,,,,,,,,,,,,,,
30211,,FPQ-9217,,,Rwanda,,,,,,7/4/2012,,,,,,Aurobindo Pharma Limited,,Didanosine,Generic,400mg,,,,,,,,,,,,107-RW-T30,SCMS-152020,ASN-15941,PMO - US,Direct Drop,EXW,Air,2/13/2012,22-Aug-12,22-Aug-12,22-Aug-12,ARV,Adult,"Didanosine 400mg, delayed-release capsules, 30 Caps",Delayed-release capsules,30.0,1008.0,20160.0,20.0,0.67,"Aurobindo Unit III, India",Yes,213,3024.36,28.26,
80864,,,,,Zambia,,,,,,5/19/2014,,,,,,"Orgenics, Ltd",,"HIV 1/2, Determine Complete HIV Kit",Determine,,,,,,,,,,,,,110-ZM-T30,SCMS-239730,ASN-30242,PMO - US,Direct Drop,EXW,Air,4/22/2014,5-May-15,5-May-15,14-May-15,HRDT,HIV test,"HIV 1/2, Determine Complete HIV Kit, 100 Tests",Test kit,100.0,6137.0,490960.0,80.0,0.8,"Alere Medical Co., Ltd.",Yes,2492,32728.96,504.71,FPQ-14130
51233,108-VN-T30,FPQ-15087,SCMS-261460,ASN-30940,Vietnam,PMO - US,Direct Drop,EXW,Air,10/24/14,10/30/14,31-Mar-15,31-Mar-15,31-Mar-15,ARV,Adult,HETERO LABS LIMITED,"Lamivudine 150mg, tablets, 60 Tabs",Lamivudine,Generic,150mg,Tablet,60.0,9400.0,16920.0,1.8,0.03,Hetero Unit III Hyderabad IN,Yes,1030,1593.67,19.91,,,,,,,,,,,,,,,,,,,,,,,,,,
85261,113-ZW-T30,FPQ-8464,SO-40861,DN-2655,Zimbabwe,PMO - US,From RDC,N/A - From RDC,Truck,10/4/11,N/A - From RDC,31-May-12,25-May-12,25-May-12,ARV,Adult,SCMS from RDC,"Efavirenz 600mg, tablets, 30 Tabs",Efavirenz,Generic,600mg,Tablet,30.0,17422.0,71778.64,4.12,0.14,"Strides, Bangalore, India.",No,See DN-2655 (ID#:82474),See DN-2655 (ID#:82474),118.43,,,,,,,,,,,,,,,,,,,,,,,,,,
83285,110-ZM-T30,FPQ-14162,SO-48691,DN-3979,Zambia,PMO - US,From RDC,N/A - From RDC,Truck,4/24/14,N/A - From RDC,31-Dec-14,19-Nov-14,24-Nov-14,ARV,Adult,SCMS from RDC,"Zidovudine 300mg, tablets, 60 Tabs",Zidovudine,Generic,300mg,Tablet,60.0,13709.0,74439.87,5.43,0.09,"Aurobindo Unit III, India",Yes,797,3340.5,76.52,,,,,,,,,,,,,,,,,,,,,,,,,,
65314,116-ZA-T30,FPQ-12522,SCMS-199287,ASN-27749,South Africa,PMO - US,Direct Drop,DDP,Truck,7/11/13,8/13/14,13-Aug-14,13-Aug-14,13-Aug-14,ARV,Pediatric,S. BUYS WHOLESALER,"Lopinavir/Ritonavir 80/20mg/ml [Kaletra], oral solution, cool, Bottle 5 x 60 ml",Lopinavir/Ritonavir,Kaletra,80/20mg/ml,Oral solution,300.0,2.0,46.9,23.45,0.08,ABBVIE (Abbott) Logis. UK,Yes,Weight Captured Separately,Freight Included in Commodity Cost,0.06,,,,,,,,,,,,,,,,,,,,,,,,,,
3313,110-ZM-T01,Pre-PQ Process,SCMS-27790,ASN-2641,Zambia,PMO - US,Direct Drop,EXW,Air,Pre-PQ Process,7/31/08,20-Oct-08,20-Oct-08,20-Oct-08,HRDT,HIV test - Ancillary,"Orgenics, Ltd","HIV, Lancet, Safety, for HIV Test kits, 100 Pcs","HIV, Lancet, Safety, for HIV Test kits, 100 Pcs",Generic,,Test kit - Ancillary,100.0,4500.0,45.0,0.01,0.0,Inverness Japan,No,See ASN-2641 (ID#:670),See ASN-2641 (ID#:670),0.09,,,,,,,,,,,,,,,,,,,,,,,,,,
86603,,FPQ-11864,,,Nigeria,,,,,,N/A - From RDC,,,,,,SCMS from RDC,,Lamivudine/Nevirapine/Zidovudine,Generic,150/300/200mg,,,,,,,,,,,,151-NG-T30,SO-44931,DN-3324,PMO - US,From RDC,N/A - From RDC,Air Charter,3/14/2013,18-Sep-13,12-Sep-13,12-Sep-13,ARV,Adult,"Lamivudine/Nevirapine/Zidovudine 150/200/300mg, tablets, 60 Tabs",Tablet - FDC,60.0,160000.0,1372800.0,8.58,0.14,"Aurobindo Unit III, India",No,See DN-3324 (ID#:84854),See DN-3324 (ID#:84854),1698.15,
63652,,,,,Tanzania,,,,,,10/4/2012,,,,,,"Orgenics, Ltd",,"HIV 1/2, Determine Complete HIV Kit",Determine,,,,,,,,,,,,,900-TZ-T30,SCMS-157661,ASN-17085,PMO - US,Direct Drop,EXW,Air,7/31/2012,7-Dec-12,7-Dec-12,7-Dec-12,HRDT,HIV test,"HIV 1/2, Determine Complete HIV Kit, 100 Tests",Test kit,100.0,2744.0,219520.0,80.0,0.8,"Alere Medical Co., Ltd.",Yes,1303,22317.25,307.77,FPQ-10396
19620,104-CI-T30,FPQ-6661,SCMS-91830,ASN-9057,Côte d'Ivoire,PMO - US,Direct Drop,FCA,Air,11/4/10,11/11/10,14-Jan-11,14-Jan-11,14-Jan-11,ARV,Adult,ABBVIE LOGISTICS (FORMERLY ABBOTT LOGISTICS BV),"Lopinavir/Ritonavir 200/50mg [Aluvia], tablets, 120 Tabs",Lopinavir/Ritonavir,Aluvia,200/50mg,Tablet,120.0,7320.0,264691.2,36.16,0.3,ABBVIE Ludwigshafen Germany,Yes,1838,13562.36,436.74,,,,,,,,,,,,,,,,,,,,,,,,,,
84645,,FPQ-6483,,,Zimbabwe,,,,,,N/A - From RDC,,,,,,SCMS from RDC,,Efavirenz,Generic,50mg,,,,,,,,,,,,200-ZW-T30,SO-37880,DN-2203,PMO - US,From RDC,N/A - From RDC,Truck,10/13/2010,31-May-11,13-Jun-11,13-Jun-11,ARV,Pediatric,"Efavirenz 50mg, capsule, 30 Caps",Capsule,30.0,4250.0,9520.0,2.24,0.07,"Aurobindo Unit III, India",No,See DN-2203 (ID#:82949),See DN-2203 (ID#:82949),20.53,
41042,108-VN-T30,FPQ-9001,SCMS-131650,ASN-14875,Vietnam,PMO - US,Direct Drop,EXW,Air,12/15/11,1/18/12,5-Jun-12,5-Jun-12,5-Jun-12,ARV,Pediatric,Aurobindo Pharma Limited,"Zidovudine 10mg/ml, oral solution w/syringe, Bottle, 240 ml",Zidovudine,Generic,10mg/ml,Oral solution,240.0,500.0,1050.0,2.1,0.01,"Aurobindo Unit III, India",No,See ASN-14875 (ID#:35053),See ASN-14875 (ID#:35053),1.47,,,,,,,,,,,,,,,,,,,,,,,,,,
11842,104-CI-T01,Pre-PQ Process,SO-1544,DN-547,Côte d'Ivoire,PMO - US,From RDC,N/A - From RDC,Air,Pre-PQ Process,N/A - From RDC,15-Jan-08,15-Jan-08,15-Jan-08,ARV,Pediatric,SCMS from RDC,"Nevirapine 10mg/ml, oral suspension, Bottle, 240 ml",Nevirapine,Generic,10mg/ml,Oral suspension,240.0,965.0,1852.8,1.92,0.01,"Aurobindo Unit III, India",Yes,344,1729,2.96,,,,,,,,,,,,,,,,,,,,,,,,,,
85256,,,,,Nigeria,,,,,,N/A - From RDC,,,,,,SCMS from RDC,,Lamivudine/Nevirapine/Zidovudine,Generic,150/300/200mg,,,,,,,,,,,,151-NG-T30,SO-41252,DN-2631,PMO - US,From RDC,N/A - From RDC,Air Charter,12/8/2011,4-Jul-12,30-Apr-12,30-Apr-12,ARV,Adult,"Lamivudine/Nevirapine/Zidovudine 150/200/300mg, tablets, 60 Tabs",Tablet - FDC,60.0,326131.0,3587441.0,11.0,0.18,Mylan (formerly Matrix) Nashik,Yes,46522,27441.22,5029.59,FPQ-8952
51268,,,,,Nigeria,,,,,,10/16/2012,,,,,,"Orgenics, Ltd",,"HIV 1/2, Determine Complete HIV Kit",Determine,,,,,,,,,,,,,133-NG-T30,SCMS-162440,ASN-17646,PMO - US,Direct Drop,EXW,Air,10/5/2012,9-Jan-13,17-Jan-13,17-Jan-13,HRDT,HIV test,"HIV 1/2, Determine Complete HIV Kit, 100 Tests",Test kit,100.0,2744.0,244216.0,89.0,0.89,"Alere Medical Co., Ltd.",Yes,1235,25577.15,342.39,FPQ-10765
79283,,,,,Vietnam,,,,,,8/11/2014,,,,,,HETERO LABS LIMITED,,Efavirenz/Lamivudine/Tenofovir Disoproxil Fumarate,Generic,600/300/300mg,,,,,,,,,,,,108-VN-T30,SCMS-251680,ASN-29384,PMO - US,Direct Drop,EXW,Air,7/9/2014,24-Dec-14,24-Dec-14,24-Dec-14,ARV,Adult,"Efavirenz/Lamivudine/Tenofovir Disoproxil Fumarate 600/300/300mg, tablets, 30 Tabs",Tablet - FDC,30.0,15840.0,166320.0,10.5,0.35,Hetero Unit III Hyderabad IN,No,See ASN-29384 (ID#:33441),See ASN-29384 (ID#:33441),170.98,FPQ-14516
82800,,,,,Zambia,,,,,,N/A - From RDC,,,,,,SCMS from RDC,,Lamivudine,Generic,150mg,,,,,,,,,,,,110-ZM-T30,SO-49570,DN-4251,PMO - US,From RDC,N/A - From RDC,Truck,8/12/2014,15-Jun-15,15-May-15,15-May-15,ARV,Adult,"Lamivudine 150mg, tablets, 60 Tabs",Tablet,60.0,68000.0,118320.0,1.74,0.03,Hetero Unit III Hyderabad IN,Yes,6221,9341.81,121.63,FPQ-14784
20506,,FPQ-15692,,,Vietnam,,,,,,3/19/2015,,,,,,HETERO LABS LIMITED,,Tenofovir Disoproxil Fumarate,Generic,300mg,,,,,,,,,,,,108-VN-T30,SCMS-281650,ASN-32442,PMO - US,Direct Drop,EXW,Air,1/28/2015,7-Jul-15,7-Jul-15,7-Jul-15,ARV,Adult,"Tenofovir Disoproxil Fumarate 300mg, tablets, 30 Tabs",Tablet,30.0,17300.0,54495.0,3.15,0.1,Hetero Unit III Hyderabad IN,Yes,1320,2730.91,64.14,
42667,116-ZA-T30,FPQ-14942,SCMS-295800,ASN-33865,South Africa,PMO - US,Direct Drop,DDP,Truck,9/11/14,8/24/15,24-Aug-15,24-Aug-15,24-Aug-15,ARV,Adult,PHARMACY DIRECT,"Abacavir 300mg, tablets, 60 Tabs",Abacavir,Generic,300mg,Tablet,60.0,70.0,3749.42,53.56,0.89,"Aurobindo Unit III, India",No,Weight Captured Separately,Freight Included in Commodity Cost,3.85,,,,,,,,,,,,,,,,,,,,,,,,,,
82452,,FPQ-8363,,,Côte d'Ivoire,,,,,,N/A - From RDC,,,,,,SCMS from RDC,,Tenofovir Disoproxil Fumarate,Generic,300mg,,,,,,,,,,,,104-CI-T30,SO-40820,DN-2551,PMO - US,From RDC,N/A - From RDC,Truck,8/29/2011,2-Mar-12,24-Feb-12,24-Feb-12,ARV,Adult,"Tenofovir Disoproxil Fumarate 300mg, tablets, 30 Tabs",Tablet,30.0,2160.0,11880.0,5.5,0.18,Mylan (formerly Matrix) Nashik,Yes,1122,6009.47,19.6,
71516,116-ZA-T30,FPQ-14942,SCMS-259072,ASN-30377,South Africa,PMO - US,Direct Drop,DDP,Truck,9/11/14,1/26/15,26-Jan-15,26-Jan-15,26-Jan-15,ARV,Adult,PHARMACY DIRECT,"Lamivudine/Zidovudine 150/300mg, tablets, 60 Tabs",Lamivudine/Zidovudine,Generic,150/300mg,Tablet - FDC,60.0,19.0,428.24,22.54,0.38,"Aurobindo Unit III, India",No,Weight Captured Separately,Freight Included in Commodity Cost,0.44,,,,,,,,,,,,,,,,,,,,,,,,,,
85127,,,,,Nigeria,,,,,,N/A - From RDC,,,,,,SCMS from RDC,,Lamivudine/Nevirapine/Zidovudine,Generic,150/300/200mg,,,,,,,,,,,,151-NG-T30,SO-37030,DN-1926,PMO - US,From RDC,N/A - From RDC,Air,5/27/2010,15-Jul-10,28-Jun-10,28-Jun-10,ARV,Adult,"Lamivudine/Nevirapine/Zidovudine 150/200/300mg, tablets, 60 Tabs",Tablet - FDC,60.0,34379.0,385732.38,11.22,0.19,"Aurobindo Unit III, India",Yes,4013,Freight Included in Commodity Cost,831.64,FPQ-5689
21752,,,,,Vietnam,,,,,,3/25/2010,,,,,,Aurobindo Pharma Limited,,Didanosine,Generic,250mg,,,,,,,,,,,,108-VN-T30,SCMS-69250,ASN-7661,PMO - US,Direct Drop,EXW,Air,3/22/2010,13-Aug-10,13-Aug-10,13-Aug-10,ARV,Adult,"Didanosine 250mg, delayed-release capsules, 30 Caps",Delayed-release capsules,30.0,252.0,3276.0,13.0,0.43,"Aurobindo Unit III, India",Yes,1553,13320.8,7.06,FPQ-5317
83479,,,,,Mozambique,,,,,,N/A - From RDC,,,,,,SCMS from RDC,,Zidovudine,Generic,10mg/ml,,,,,,,,,,,,111-MZ-T30,SO-38350,DN-2094,PMO - US,From RDC,N/A - From RDC,Air,1/6/2011,28-Feb-11,25-Feb-11,25-Feb-11,ARV,Pediatric,"Zidovudine 10mg/ml, oral solution, Bottle, 240 ml",Oral solution,240.0,1177.0,2377.54,2.02,0.01,"Aurobindo Unit III, India",Yes,512,3415.72,3.92,FPQ-6981
39242,,FPQ-4591,,,Kenya,,,,,,5/27/2010,,,,,,"Orgenics, Ltd",,"HIV 1/2, Determine Complete HIV Kit",Determine,,,,,,,,,,,,,102-KE-T30,SCMS-58382,ASN-7489,PMO - US,Direct Drop,EXW,Air,11/18/2009,29-Jul-10,29-Jul-10,29-Jul-10,HRDT,HIV test,"HIV 1/2, Determine Complete HIV Kit, 100 Tests",Test kit,100.0,3.0,240.0,80.0,0.8,Inverness Japan,Yes,1411,13150.21,0.52,
34551,,,,,Nigeria,,,,,,11/1/2013,,,,,,"Orgenics, Ltd",,"HIV 1/2, Determine Complete HIV Kit",Determine,,,,,,,,,,,,,133-NG-T30,SCMS-210350,ASN-22877,PMO - US,Direct Drop,EXW,Air,8/13/2013,23-Dec-13,23-Dec-13,10-Jan-14,HRDT,HIV test,"HIV 1/2, Determine Complete HIV Kit, 100 Tests",Test kit,100.0,9335.0,830815.0,89.0,0.89,"Alere Medical Co., Ltd.",Yes,3788,61035.9,1027.72,FPQ-12812
82428,,,,,Nigeria,,,,,,N/A - From RDC,,,,,,SCMS from RDC,,Lamivudine/Tenofovir Disoproxil Fumarate,Generic,300/300mg,,,,,,,,,,,,151-NG-T30,SO-40663,DN-2475,PMO - US,From RDC,N/A - From RDC,Air Charter,8/29/2011,16-Mar-12,18-Dec-11,18-Dec-11,ARV,Adult,"Lamivudine/Tenofovir Disoproxil Fumarate 300/300mg, tablets, 30 Tabs",Tablet - FDC,30.0,43441.0,357519.43,8.23,0.27,Mylan (formerly Matrix) Nashik,Yes,3263,15322.7,589.91,FPQ-8364
85072,,,,,Côte d'Ivoire,,,,,,N/A - From RDC,,,,,,SCMS from RDC,,Nevirapine,Generic,10mg/ml,,,,,,,,,,,,104-CI-T30,SO-33490,DN-1526,PMO - US,From RDC,N/A - From RDC,Air,9/9/2009,4-Dec-09,2-Dec-09,2-Dec-09,ARV,Pediatric,"Nevirapine 10mg/ml, oral suspension, Bottle, 240 ml",Oral suspension,240.0,4464.0,8570.88,1.92,0.01,"Aurobindo Unit III, India",Yes,1655,1211.48,16.8,FPQ-4187
64452,,,,,Haiti,,,,,,2/5/2013,,,,,,HETERO LABS LIMITED,,Lamivudine/Stavudine,Generic,150/30mg,,,,,,,,,,,,106-HT-T30,SCMS-176390,ASN-20894,PMO - US,Direct Drop,EXW,Air,1/16/2013,20-Aug-13,20-Aug-13,20-Aug-13,ARV,Adult,"Lamivudine/Stavudine 150/30mg, tablets, 60 Tabs",Tablet - FDC,60.0,384.0,956.16,2.49,0.04,Hetero Unit III Hyderabad IN,Yes,30,1180.73,1.18,FPQ-11287
1309,,Pre-PQ Process,,,Ethiopia,,,,,,12/14/2006,,,,,,Abbott GmbH & Co. KG,,"HIV 1/2, Determine Complete HIV Kit",Determine,,,,,,,,,,,,,117-ET-T01,SCMS-360,ASN-201,PMO - US,Direct Drop,EXW,Air,Pre-PQ Process,15-Jan-07,15-Jan-07,15-Jan-07,HRDT,HIV test,"HIV 1/2, Determine Complete HIV Kit, 100 Tests",Test kit,100.0,4650.0,372000.0,80.0,0.8,ABBVIE GmbH & Co.KG Wiesbaden,Yes,1707,24859.45,,
57538,161-ZA-T30,FPQ-6262,SCMS-83810,ASN-10575,South Africa,PMO - US,Direct Drop,DDP,Ocean,8/31/10,9/24/10,3-Jun-11,3-Jun-11,3-Jun-11,ARV,Pediatric,Aurobindo Pharma Limited,"Efavirenz 50mg, capsule, 30 Caps",Efavirenz,Generic,50mg,Capsule,30.0,55000.0,131450.0,2.39,0.08,"Aurobindo Unit III, India",Yes,3099,7321.43,283.41,,,,,,,,,,,,,,,,,,,,,,,,,,
86497,,,,,Nigeria,,,,,,N/A - From RDC,,,,,,SCMS from RDC,,Lamivudine/Nevirapine/Zidovudine,Generic,150/300/200mg,,,,,,,,,,,,151-NG-T30,SO-42802,DN-2767,PMO - US,From RDC,N/A - From RDC,Air Charter,3/1/2012,2-Aug-12,24-Jul-12,24-Jul-12,ARV,Adult,"Lamivudine/Nevirapine/Zidovudine 150/200/300mg, tablets, 60 Tabs",Tablet - FDC,60.0,120036.0,1177553.16,9.81,0.16,Mylan (formerly Matrix) Nashik,No,See DN-2767 (ID#:83060),See DN-2767 (ID#:83060),1650.93,FPQ-9432
84781,113-ZW-T30,FPQ-10632,SO-43220,DN-2989,Zimbabwe,PMO - US,From RDC,N/A - From RDC,Truck,9/11/12,N/A - From RDC,11-Feb-13,11-Feb-13,11-Feb-13,ARV,Adult,SCMS from RDC,"Lamivudine/Zidovudine 150/300mg, tablets, 60 Tabs",Lamivudine/Zidovudine,Generic,150/300mg,Tablet - FDC,60.0,3600.0,26172.0,7.27,0.12,"Cipla, Goa, India",No,See DN-2989 (ID#:84216),See DN-2989 (ID#:84216),36.69,,,,,,,,,,,,,,,,,,,,,,,,,,
84111,151-NG-T30,FPQ-7812,SO-39991,DN-2350,Nigeria,PMO - US,From RDC,N/A - From RDC,Air Charter,6/6/11,N/A - From RDC,3-Nov-11,28-Sep-11,28-Sep-11,ARV,Adult,SCMS from RDC,"Lamivudine/Nevirapine/Zidovudine 150/200/300mg, tablets, 60 Tabs",Lamivudine/Nevirapine/Zidovudine,Generic,150/300/200mg,Tablet - FDC,60.0,267671.0,3003268.62,11.22,0.19,"Aurobindo Unit III, India",Yes,37993,18495.9,4955.39,,,,,,,,,,,,,,,,,,,,,,,,,,
10749,,Pre-PQ Process,,,Nigeria,,,,,,N/A - From RDC,,,,,,SCMS from RDC,,Efavirenz,Generic,600mg,,,,,,,,,,,,130-NG-T01,SO-10610,DN-959,PMO - US,From RDC,N/A - From RDC,Air,Pre-PQ Process,30-Oct-08,30-Oct-08,30-Oct-08,ARV,Adult,"Efavirenz 600mg, tablets, 30 Tabs",Tablet,30.0,2003.0,23475.16,11.72,0.39,"Aurobindo Unit III, India",Yes,181,18617.93,46.01,
11672,110-ZM-T01,Pre-PQ Process,SO-32550,DN-1382,Zambia,PMO - US,From RDC,N/A - From RDC,Truck,Date Not Captured,N/A - From RDC,17-Aug-09,17-Aug-09,17-Aug-09,ARV,Adult,SCMS from RDC,"Abacavir 300mg, tablets, 60 Tabs",Abacavir,Generic,300mg,Tablet,60.0,10406.0,264832.7,25.45,0.42,Mylan (formerly Matrix) Nashik,No,See DN-1382 (ID#:10788),See DN-1382 (ID#:10788),519.07,,,,,,,,,,,,,,,,,,,,,,,,,,
84811,,FPQ-10946,,,Uganda,,,,,,N/A - From RDC,,,,,,SCMS from RDC,,Lamivudine/Tenofovir Disoproxil Fumarate,Generic,300/300mg,,,,,,,,,,,,114-UG-T30,SO-43650,DN-3121,PMO - US,From RDC,N/A - From RDC,Air,11/1/2012,9-Aug-13,9-Aug-13,9-Aug-13,ARV,Adult,"Lamivudine/Tenofovir Disoproxil Fumarate 300/300mg, tablets, 30 Tabs",Tablet - FDC,30.0,1613.0,7581.1,4.7,0.16,"Aurobindo Unit VII, IN",No,See DN-3121 (ID#:83677),See DN-3121 (ID#:83677),9.38,
45505,900-SS-T30,FPQ-10504,SCMS-157870,ASN-16323,South Sudan,PMO - US,Direct Drop,EXW,Air,8/15/12,8/21/12,18-Oct-12,18-Oct-12,18-Oct-12,HRDT,HIV test,"Trinity Biotech, Plc","HIV 1/2, Uni-Gold HIV Kit, 20 Tests","HIV 1/2, Uni-Gold HIV Kit",Uni-Gold,,Test kit,20.0,47.0,1504.0,32.0,1.6,"Trinity Biotech, Plc",Yes,15,870.22,2.11,,,,,,,,,,,,,,,,,,,,,,,,,,
84676,,,,,Tanzania,,,,,,N/A - From RDC,,,,,,SCMS from RDC,,Efavirenz/Emtricitabine/Tenofovir Disoproxil Fumarate,Generic,600/200/300mg,,,,,,,,,,,,109-TZ-T30,SO-40710,DN-2375,PMO - US,From RDC,N/A - From RDC,Truck,12/2/2010,29-Sep-11,23-Sep-11,23-Sep-11,ARV,Adult,"Efavirenz/Emtricitabine/Tenofovir Disoproxil Fumarate 600/200/300mg, tablets, 30 Tabs",Tablet - FDC,30.0,68235.0,1359241.2,19.92,0.66,Mylan (formerly Matrix) Nashik,Yes,83,2094.34,2242.75,FPQ-6713
7436,,,,,Vietnam,,,,,,10/21/2008,,,,,,Aurobindo Pharma Limited,,Nevirapine,Generic,200mg,,,,,,,,,,,,108-VN-T01,SCMS-31720,ASN-3312,PMO - US,Direct Drop,EXW,Air,Pre-PQ Process,27-Feb-09,27-Feb-09,27-Feb-09,ARV,Adult,"Nevirapine 200mg, tablets, 60 Tabs",Tablet,60.0,7800.0,22620.0,2.9,0.05,"Aurobindo Unit III, India",No,See ASN-3312 (ID#:6081),See ASN-3312 (ID#:6081),44.34,Pre-PQ Process
9578,,Pre-PQ Process,,,Haiti,,,,,,2/4/2008,,,,,,"Trinity Biotech, Plc",,"HIV 1/2, Capillus HIV Kit",Capillus,,,,,,,,,,,,,106-HT-T01,SCMS-16700,ASN-1327,PMO - US,Direct Drop,EXW,Air,Pre-PQ Process,18-Feb-08,18-Feb-08,18-Feb-08,HRDT,HIV test,"HIV 1/2, Capillus HIV Kit, 100 Tests",Test kit,100.0,250.0,34750.0,139.0,1.39,"Trinity Biotech, Plc",Yes,Weight Captured Separately,Invoiced Separately,55.6,
51587,,,,,South Africa,,,,,,3/19/2010,,,,,,Aurobindo Pharma Limited,,Nevirapine,Generic,200mg,,,,,,,,,,,,161-ZA-T30,SCMS-68950,ASN-7078,PMO - US,Direct Drop,DDP,Air,3/18/2010,9-Jun-10,9-Jun-10,9-Jun-10,ARV,Adult,"Nevirapine 200mg, tablets, 60 Tabs",Tablet,60.0,22372.0,65326.24,2.92,0.05,"Aurobindo Unit III, India",Yes,2655,6369.79,140.84,FPQ-5303
5677,116-ZA-T01,Pre-PQ Process,SCMS-19800,ASN-1665,South Africa,PMO - US,Direct Drop,DDP,Truck,Pre-PQ Process,2/20/08,24-Apr-08,24-Apr-08,24-Apr-08,ARV,Adult,S. BUYS WHOLESALER,"Stavudine 20mg [Zerit], capsules, 60 Caps",Stavudine,Zerit,20mg,Capsule,60.0,200.0,978.0,4.89,0.08,"BMS Meymac, France",No,Weight Captured Separately,Freight Included in Commodity Cost,1.56,,,,,,,,,,,,,,,,,,,,,,,,,,
84656,,,,,Uganda,,,,,,N/A - From RDC,,,,,,SCMS from RDC,,Tenofovir Disoproxil Fumarate,Generic,300mg,,,,,,,,,,,,114-UG-T30,SO-39490,DN-2256,PMO - US,From RDC,N/A - From RDC,Truck,4/29/2011,1-Aug-11,28-Jun-11,28-Jun-11,ARV,Adult,"Tenofovir Disoproxil Fumarate 300mg, tablets, 30 Tabs",Tablet,30.0,2011.0,13212.27,6.57,0.22,Mylan (formerly Matrix) Nashik,Yes,126,1661,21.8,FPQ-7652
11270,114-UG-T01,Pre-PQ Process,SO-2344,DN-818,Uganda,PMO - US,From RDC,N/A - From RDC,Air,Pre-PQ Process,N/A - From RDC,21-Aug-08,21-Aug-08,21-Aug-08,ARV,Adult,SCMS from RDC,"Lamivudine/Zidovudine 150/300mg, tablets, 60 Tabs",Lamivudine/Zidovudine,Generic,150/300mg,Tablet - FDC,60.0,1350.0,12757.5,9.45,0.16,"Aurobindo Unit III, India",Yes,239,1277.22,20.41,,,,,,,,,,,,,,,,,,,,,,,,,,
85920,,FPQ-10211,,,Mozambique,,,,,,N/A - From RDC,,,,,,SCMS from RDC,,Lamivudine/Nevirapine/Zidovudine,Generic,150/300/200mg,,,,,,,,,,,,111-MZ-T30,SO-42870,DN-2966,PMO - US,From RDC,N/A - From RDC,Truck,6/28/2012,31-Jan-13,11-Jan-13,11-Jan-13,ARV,Adult,"Lamivudine/Nevirapine/Zidovudine 150/200/300mg, tablets, 60 Tabs",Tablet - FDC,60.0,67271.0,647147.02,9.62,0.16,"Aurobindo Unit III, India",Yes,7899,7433.01,907.3,
82910,104-CI-T30,FPQ-5201,SO-36311,DN-1982,Côte d'Ivoire,PMO - US,From RDC,N/A - From RDC,Air,3/3/10,N/A - From RDC,23-Aug-10,23-Aug-10,23-Aug-10,ARV,Adult,SCMS from RDC,"Emtricitabine/Tenofovir Disoproxil Fumarate 200/300mg [Truvada], tablets, 30 Tabs",Emtricitabine/Tenofovir Disoproxil Fumarate,Truvada,300/200mg,Tablet - FDC,30.0,2000.0,52500.0,26.25,0.88,"Aspen-OSD, Port Elizabeth, SA",Yes,6991,12648.36,113.19,,,,,,,,,,,,,,,,,,,,,,,,,,
12388,104-CI-T01,Pre-PQ Process,SO-523,DN-260,Côte d'Ivoire,PMO - US,From RDC,N/A - From RDC,,Pre-PQ Process,N/A - From RDC,3-Aug-07,3-Aug-07,3-Aug-07,ARV,Adult,SCMS from RDC,"Lamivudine/Nevirapine/Stavudine 150/200/30mg, tablets, 60 Tabs",Lamivudine/Nevirapine/Stavudine,Generic,150/200/30mg,Tablet - FDC,60.0,23472.0,176040.0,7.5,0.12,"Cipla, Goa, India",No,See DN-260 (ID#:11426),See DN-260 (ID#:11426),281.66,,,,,,,,,,,,,,,,,,,,,,,,,,
34103,,FPQ-13494,,,Haiti,,,,,,2/19/2014,,,,,,"SHANGHAI KEHUA BIOENGINEERING CO.,LTD.  (KHB)",,"HIV 1/2, Colloidal Gold, Diagnostic Kit, Antibody",Colloidal Gold,,,,,,,,,,,,,106-HT-T30,SCMS-225422,ASN-27237,PMO - US,Direct Drop,EXW,Air,1/21/2014,28-Aug-14,28-Aug-14,28-Aug-14,HRDT,HIV test,"HIV 1/2, SKB Colloidal Gold, Diagnostic Kit, Antibody, 50 Tests",Test kit,1.0,450.0,11025.0,24.5,24.5,"KHB Test Kit Facility, Shanghai China",Yes,300,3446.68,11.33,
15115,,,,,"Congo, DRC",,,,,,5/20/2014,,,,,,"Trinity Biotech, Plc",,"HIV 1/2, Uni-Gold HIV Kit",Uni-Gold,,,,,,,,,,,,,101-CD-T30,SCMS-239410,ASN-26738,PMO - US,Direct Drop,EXW,Air,4/23/2014,5-Sep-14,5-Sep-14,16-Sep-14,HRDT,HIV test,"HIV 1/2, Uni-Gold HIV Kit, 20 Tests",Test kit,20.0,34.0,1088.0,32.0,1.6,"Trinity Biotech, Plc",Yes,112,3196.31,1.12,FPQ-14100
85317,151-NG-T30,FPQ-9968,SO-43433,DN-2944,Nigeria,PMO - US,From RDC,N/A - From RDC,Air,5/23/12,N/A - From RDC,4-Dec-12,4-Dec-12,4-Dec-12,ARV,Pediatric,SCMS from RDC,"Efavirenz 200mg, scored tablets, 90 Tabs",Efavirenz,Generic,200mg,Tablet,90.0,6654.0,48574.2,7.3,0.08,"Strides, Bangalore, India.",Yes,465,51090,68.1,,,,,,,,,,,,,,,,,,,,,,,,,,
85672,113-ZW-T30,FPQ-4694,SO-35400,DN-1829,Zimbabwe,PMO - US,From RDC,N/A - From RDC,Truck,12/8/09,N/A - From RDC,31-May-10,31-May-10,31-May-10,ARV,Adult,SCMS from RDC,"Efavirenz 600mg, tablets, 30 Tabs",Efavirenz,Generic,600mg,Tablet,30.0,5900.0,28025.0,4.75,0.16,"Aurobindo Unit III, India",No,See DN-1829 (ID#:82320),See DN-1829 (ID#:82320),60.42,,,,,,,,,,,,,,,,,,,,,,,,,,
44597,101-CD-T30,FPQ-16001,SCMS-280210,ASN-31750,"Congo, DRC",PMO - US,Direct Drop,EXW,Air,3/10/15,3/16/15,2-Jul-15,2-Jul-15,30-Jul-15,HRDT,HIV test,"Trinity Biotech, Plc","HIV 1/2, Uni-Gold HIV Kit, 20 Tests","HIV 1/2, Uni-Gold HIV Kit",Uni-Gold,,Test kit,20.0,39.0,1248.0,32.0,1.6,"Trinity Biotech, Plc",No,See ASN-31750 (ID#:19272),See ASN-31750 (ID#:19272),1.47,,,,,,,,,,,,,,,,,,,,,,,,,,
83435,104-CI-T30,FPQ-4659,SO-35590,DN-1868,Côte d'Ivoire,PMO - US,From RDC,N/A - From RDC,Air,12/8/09,N/A - From RDC,30-Jun-10,21-Jun-10,21-Jun-10,ARV,Adult,SCMS from RDC,"Lamivudine/Nevirapine/Zidovudine 150/200/300mg, tablets, 60 Tabs",Lamivudine/Nevirapine/Zidovudine,Generic,150/300/200mg,Tablet - FDC,60.0,50000.0,561000.0,11.22,0.19,"Aurobindo Unit III, India",Yes,5997,8379.98,1209.52,,,,,,,,,,,,,,,,,,,,,,,,,,
37997,,,,,Côte d'Ivoire,,,,,,1/21/2011,,,,,,ABBVIE LOGISTICS (FORMERLY ABBOTT LOGISTICS BV),,Lopinavir/Ritonavir,Aluvia,200/50mg,,,,,,,,,,,,104-CI-T30,SCMS-97570,ASN-9882,PMO - US,Direct Drop,FCA,Air,1/11/2011,15-Mar-11,15-Mar-11,15-Mar-11,ARV,Adult,"Lopinavir/Ritonavir 200/50mg [Aluvia], tablets, 120 Tabs",Tablet,120.0,20280.0,733324.8,36.16,0.3,ABBVIE Ludwigshafen Germany,Yes,5089,31318.31,1209.99,FPQ-6998
11560,,,,,Ethiopia,,,,,,N/A - From RDC,,,,,,SCMS from RDC,,Zidovudine,Generic,300mg,,,,,,,,,,,,117-ET-T01,SO-18340,DN-1003,PMO - US,From RDC,N/A - From RDC,Air,Pre-PQ Process,11-Nov-08,11-Nov-08,11-Nov-08,ARV,Adult,"Zidovudine 300mg, tablets, 60 Tabs",Tablet,60.0,5000.0,39500.0,7.9,0.13,"Aurobindo Unit III, India",Yes,229,1774.3,77.42,Pre-PQ Process
8023,102-NG-T01,Pre-PQ Process,SCMS-587,ASN-417,Nigeria,PMO - US,Direct Drop,EXW,Air,Pre-PQ Process,4/30/07,31-May-07,31-May-07,31-May-07,HRDT,HIV test,Abbott GmbH & Co. KG,"HIV 1/2, Determine Complete HIV Kit, 100 Tests","HIV 1/2, Determine Complete HIV Kit",Determine,,Test kit,100.0,2500.0,200000.0,80.0,0.8,ABBVIE GmbH & Co.KG Wiesbaden,Yes,851,5469.91,,,,,,,,,,,,,,,,,,,,,,,,,,,
85649,,,,,Uganda,,,,,,N/A - From RDC,,,,,,SCMS from RDC,,Lamivudine/Nevirapine/Zidovudine,Generic,150/300/200mg,,,,,,,,,,,,114-UG-T30,SO-34780,DN-1622,PMO - US,From RDC,N/A - From RDC,Air,8/17/2009,3-Feb-10,3-Feb-10,3-Feb-10,ARV,Adult,"Lamivudine/Nevirapine/Zidovudine 150/200/300mg, tablets, 60 Tabs",Tablet - FDC,60.0,31000.0,351850.0,11.35,0.19,Mylan (formerly Matrix) Nashik,Yes,3941,42656.07,689.63,FPQ-4470
71956,,FPQ-15038,,,Haiti,,,,,,1/7/2015,,,,,,HETERO LABS LIMITED,,Lamivudine/Nevirapine/Zidovudine,Generic,150/300/200mg,,,,,,,,,,,,106-HT-T30,SCMS-262980,ASN-30463,PMO - US,Direct Drop,EXW,Ocean,10/22/2014,9-Apr-15,9-Apr-15,13-Apr-15,ARV,Adult,"Lamivudine/Nevirapine/Zidovudine 150/200/300mg, tablets, 60 Tabs",Tablet - FDC,60.0,36000.0,298440.0,8.29,0.14,Hetero Unit III Hyderabad IN,No,See ASN-30463 (ID#:15460),See ASN-30463 (ID#:15460),306.8,
11381,,,,,Rwanda,,,,,,N/A - From RDC,,,,,,SCMS from RDC,,Tenofovir Disoproxil Fumarate,Viread,300mg,,,,,,,,,,,,107-RW-T01,SO-396,DN-43,PMO - US,From RDC,N/A - From RDC,Air,Pre-PQ Process,17-Mar-07,17-Mar-07,17-Mar-07,ARV,Adult,"Tenofovir Disoproxil Fumarate 300mg [Viread], tablets, 30 Tabs",Tablet,30.0,4000.0,68000.0,17.0,0.57,Gilead(Nycomed) Oranienburg DE,Yes,265,11931,,Pre-PQ Process
12535,,Pre-PQ Process,,,Nigeria,,,,,,N/A - From RDC,,,,,,SCMS from RDC,,Emtricitabine/Tenofovir Disoproxil Fumarate,Truvada,300/200mg,,,,,,,,,,,,123-NG-T01,SO-11231,DN-862,PMO - US,From RDC,N/A - From RDC,Air,Pre-PQ Process,31-Jul-08,31-Jul-08,31-Jul-08,ARV,Adult,"Emtricitabine/Tenofovir Disoproxil Fumarate 200/300mg [Truvada], tablets, 30 Tabs",Tablet - FDC,30.0,20000.0,525000.0,26.25,0.88,"Aspen-OSD, Port Elizabeth, SA",Yes,1741,10665.71,840.0,
86249,,,,,Nigeria,,,,,,N/A - From RDC,,,,,,SCMS from RDC,,Lamivudine/Zidovudine,Generic,150/300mg,,,,,,,,,,,,123-NG-T30,SO-32973,DN-1593,PMO - US,From RDC,N/A - From RDC,Air Charter,7/27/2009,31-Jan-10,18-Dec-09,18-Dec-09,ARV,Adult,"Lamivudine/Zidovudine 150/300mg, tablets, 60 Tabs",Tablet - FDC,60.0,11949.0,104673.24,8.76,0.15,"Aurobindo Unit III, India",Yes,1084,11637.65,205.16,FPQ-4014
84884,104-CI-T30,FPQ-12800,SO-46350,DN-3504,Côte d'Ivoire,PMO - US,From RDC,N/A - From RDC,Air,8/9/13,N/A - From RDC,31-Jan-14,18-Jan-14,4-Mar-14,ARV,Pediatric,SCMS from RDC,"Nevirapine 10mg/ml, oral suspension w/syringe, Bottle, 240 ml",Nevirapine,Generic,10mg/ml,Oral suspension,240.0,4000.0,7440.0,1.86,0.01,"Aurobindo Unit III, India",Yes,1928,8050.55,9.2,,,,,,,,,,,,,,,,,,,,,,,,,,
85296,105-GY-T30,FPQ-10252,SO-42780,DN-2811,Guyana,PMO - US,From RDC,N/A - From RDC,Air,7/5/12,N/A - From RDC,2-Oct-12,29-Aug-12,29-Aug-12,ARV,Pediatric,SCMS from RDC,"Nevirapine 10mg/ml, oral suspension w/syringe, Bottle, 240 ml",Nevirapine,Generic,10mg/ml,Oral suspension,240.0,288.0,561.6,1.95,0.01,"Aurobindo Unit III, India",No,See DN-2811 (ID#:83067),See DN-2811 (ID#:83067),0.79,,,,,,,,,,,,,,,,,,,,,,,,,,
10246,108-VN-T01,Pre-PQ Process,SCMS-31731,ASN-3455,Vietnam,PMO - US,Direct Drop,EXW,Air,Pre-PQ Process,10/21/08,10-Mar-09,10-Mar-09,10-Mar-09,ARV,Adult,Aurobindo Pharma Limited,"Lamivudine/Zidovudine 150/300mg, tablets, 60 Tabs",Lamivudine/Zidovudine,Generic,150/300mg,Tablet - FDC,60.0,1176.0,10125.36,8.61,0.14,"Aurobindo Unit III, India",Yes,105,865.6,19.85,,,,,,,,,,,,,,,,,,,,,,,,,,
62253,200-UG-T30,FPQ-14628,SCMS-253230,ASN-28350,Uganda,PMO - US,Direct Drop,EXW,Air,7/23/14,9/4/14,14-Oct-14,14-Oct-14,15-Oct-14,HRDT,HIV test,"Trinity Biotech, Plc","HIV 1/2, Uni-Gold HIV Kit, 20 Tests","HIV 1/2, Uni-Gold HIV Kit",Uni-Gold,,Test kit,20.0,1903.0,60896.0,32.0,1.6,"Trinity Biotech, Plc",Yes,566,3603.93,62.6,,,,,,,,,,,,,,,,,,,,,,,,,,
27300,,,,,Rwanda,,,,,,9/28/2010,,,,,,HETERO LABS LIMITED,,Efavirenz,Generic,600mg,,,,,,,,,,,,107-RW-T30,SCMS-84991,ASN-10790,PMO - US,Direct Drop,EXW,Air,9/3/2010,17-Jun-11,17-Jun-11,17-Jun-11,ARV,Adult,"Efavirenz 600mg, tablets, 30 Tabs",Tablet,30.0,43657.0,180303.41,4.13,0.14,Hetero Unit III Hyderabad IN,Yes,3720,35499.58,388.73,FPQ-6341
11967,,Pre-PQ Process,,,Nigeria,,,,,,N/A - From RDC,,,,,,SCMS from RDC,,Emtricitabine/Tenofovir Disoproxil Fumarate,Truvada,300/200mg,,,,,,,,,,,,151-NG-T01,SO-22522,DN-1198,PMO - US,From RDC,N/A - From RDC,Air,Pre-PQ Process,30-Apr-09,30-Apr-09,30-Apr-09,ARV,Adult,"Emtricitabine/Tenofovir Disoproxil Fumarate 200/300mg [Truvada], tablets, 30 Tabs",Tablet - FDC,30.0,2067.0,54258.75,26.25,0.88,"Aspen-OSD, Port Elizabeth, SA",Yes,235,2922.53,106.35,
84279,,FPQ-12088,,,"Congo, DRC",,,,,,N/A - From RDC,,,,,,SCMS from RDC,,Lamivudine/Nevirapine/Zidovudine,Generic,150/300/200mg,,,,,,,,,,,,101-CD-T30,SO-45030,DN-3269,PMO - US,From RDC,N/A - From RDC,Air,4/12/2013,28-Aug-13,8-Feb-14,11-Mar-14,ARV,Adult,"Lamivudine/Nevirapine/Zidovudine 150/200/300mg, tablets, 60 Tabs",Tablet - FDC,60.0,800.0,6608.0,8.26,0.14,Mylan (formerly Matrix) Nashik,No,See DN-3269 (ID#:83711),See DN-3269 (ID#:83711),8.17,
6411,,Pre-PQ Process,,,South Africa,,,,,,3/18/2009,,,,,,S. BUYS WHOLESALER,,Lamivudine,Generic,10mg/ml,,,,,,,,,,,,116-ZA-T01,SCMS-41463,ASN-5420,PMO - US,Direct Drop,DDP,Air,Pre-PQ Process,25-Jun-09,30-Oct-09,30-Oct-09,ARV,Pediatric,"Lamivudine 10mg/ml, oral solution, Bottle, 240 ml",Oral solution,240.0,3304.0,18667.6,5.65,0.02,"Aurobindo Unit III, India",Yes,Weight Captured Separately,Freight Included in Commodity Cost,40.25,
38843,,FPQ-16474,,,Cameroon,,,,,,6/25/2015,,,,,,"Orgenics, Ltd",,"HIV 1/2, Determine Complete HIV Kit",Determine,,,,,,,,,,,,,103-CM-T30,SCMS-291910,ASN-33569,PMO - US,Direct Drop,EXW,Air,6/9/2015,11-Aug-15,11-Aug-15,11-Aug-15,HRDT,HIV test,"HIV 1/2, Determine Complete HIV Kit, 100 Tests",Test kit,100.0,120.0,9600.0,80.0,0.8,"Alere Medical Co., Ltd.",Yes,Weight Captured Separately,Invoiced Separately,11.3,
63555,104-CI-T30,FPQ-10636,SCMS-162550,ASN-18558,Côte d'Ivoire,PMO - US,Direct Drop,EXW,Air,9/19/12,10/12/12,21-Mar-13,21-Mar-13,21-Mar-13,ARV,Adult,MYLAN LABORATORIES LTD (FORMERLY MATRIX LABORATORIES),"Atazanavir/Ritonavir 300/100mg, tablets, 30 Tabs",Atazanavir/Ritonavir,Generic,300/100mg,Tablet,30.0,1270.0,28575.0,22.5,0.75,Mylan (formerly Matrix) Nashik,No,See ASN-18558 (ID#:27015),See ASN-18558 (ID#:27015),40.06,,,,,,,,,,,,,,,,,,,,,,,,,,
11660,104-CI-T01,Pre-PQ Process,SO-27540,DN-1315,Côte d'Ivoire,PMO - US,From RDC,N/A - From RDC,Air,Date Not Captured,N/A - From RDC,14-Jul-09,14-Jul-09,14-Jul-09,ARV,Adult,SCMS from RDC,"Nevirapine 200mg, tablets, 60 Tabs",Nevirapine,Generic,200mg,Tablet,60.0,13325.0,39975.0,3.0,0.05,"Aurobindo Unit III, India",No,See DN-1315 (ID#:10781),See DN-1315 (ID#:10781),78.35,,,,,,,,,,,,,,,,,,,,,,,,,,
82512,,FPQ-9888,,,Rwanda,,,,,,N/A - From RDC,,,,,,SCMS from RDC,,Lamivudine/Tenofovir Disoproxil Fumarate,Generic,300/300mg,,,,,,,,,,,,107-RW-T30,SO-42100,DN-2859,PMO - US,From RDC,N/A - From RDC,Air,5/11/2012,19-Oct-12,18-Oct-12,18-Oct-12,ARV,Adult,"Lamivudine/Tenofovir Disoproxil Fumarate 300/300mg, tablets, 30 Tabs",Tablet - FDC,30.0,36390.0,201600.6,5.54,0.18,Mylan (formerly Matrix) Nashik,Yes,3863,23249.47,282.64,
85770,100-BJ-T30,FPQ-7658,SO-39780,DN-2251,Benin,PMO - US,From RDC,N/A - From RDC,Air,5/15/11,N/A - From RDC,4-Jul-11,30-Jun-11,30-Jun-11,ARV,Adult,SCMS from RDC,"Lamivudine/Zidovudine 150/300mg, tablets, 60 Tabs",Lamivudine/Zidovudine,Generic,150/300mg,Tablet - FDC,60.0,15000.0,123900.0,8.26,0.14,"Aurobindo Unit III, India",Yes,1440,6477.67,204.44,,,,,,,,,,,,,,,,,,,,,,,,,,
85164,,FPQ-5702,,,Zambia,,,,,,N/A - From RDC,,,,,,SCMS from RDC,,Abacavir,Generic,300mg,,,,,,,,,,,,110-ZM-T30,SO-36851,DN-2053,PMO - US,From RDC,N/A - From RDC,Truck,5/20/2010,26-Nov-10,3-Dec-10,3-Dec-10,ARV,Adult,"Abacavir 300mg, tablets, 60 Tabs",Tablet,60.0,17045.0,270845.05,15.89,0.26,"Cipla, Patalganga, India",Yes,20752,17520.43,583.94,
17648,,,,,South Africa,,,,,,9/24/2010,,,,,,Aurobindo Pharma Limited,,Lamivudine,Generic,150mg,,,,,,,,,,,,161-ZA-T30,SCMS-83770,ASN-9941,PMO - US,Direct Drop,DDP,Ocean,8/31/2010,26-Apr-11,26-Apr-11,26-Apr-11,ARV,Adult,"Lamivudine 150mg, tablets, 60 Tabs",Tablet,60.0,152535.0,361507.95,2.37,0.04,"Aurobindo Unit III, India",Yes,7698,11372.23,779.41,FPQ-6262
23724,161-ZA-T30,FPQ-7400,SCMS-104170,ASN-11477,South Africa,PMO - US,Direct Drop,DDP,Ocean,3/11/11,3/30/11,23-Sep-11,23-Sep-11,23-Sep-11,ARV,Pediatric,GLAXOSMITHKLINE EXPORT LIMITED,"Abacavir 20mg/ml [Ziagen], oral solution, Bottle, 240 ml",Abacavir,Ziagen,20mg/ml,Oral solution,240.0,20000.0,185600.0,9.28,0.04,GSK Mississauga (Canada),Yes,7656,9650.6,306.24,,,,,,,,,,,,,,,,,,,,,,,,,,
12742,,Pre-PQ Process,,,Haiti,,,,,,N/A - From RDC,,,,,,SCMS from RDC,,Zidovudine,Generic,100mg,,,,,,,,,,,,106-HT-T01,SO-1286,DN-458,PMO - US,From RDC,N/A - From RDC,Air,Pre-PQ Process,5-Dec-07,5-Dec-07,5-Dec-07,ARV,Pediatric,"Zidovudine 100mg, capsules, 100 Caps",Capsule,100.0,480.0,2635.2,5.49,0.05,"Aurobindo Unit III, India",No,See DN-458 (ID#:11814),See DN-458 (ID#:11814),4.22,
12669,,Pre-PQ Process,,,Côte d'Ivoire,,,,,,N/A - From RDC,,,,,,SCMS from RDC,,"HIV, Pepti-LAV 1|2 (HIV-1|2 Ab differenciation, Immuno-Blot)",Pepti-LAV,,,,,,,,,,,,,104-CI-T01,SO-410,DN-219,PMO - US,From RDC,N/A - From RDC,,Pre-PQ Process,10-Jul-07,10-Jul-07,10-Jul-07,HRDT,HIV test - Ancillary,"HIV, Pepti-LAV 1|2 (HIV-1|2 Ab differenciation, Immuno-Blot)",Test kit - Ancillary,1.0,2.0,477.3,238.65,238.65,Bio-Rad Laboratories,Yes,6,1356,0.76,
83226,113-ZW-T30,FPQ-12950,SO-46620,DN-3588,Zimbabwe,PMO - US,From RDC,N/A - From RDC,Truck,9/10/13,N/A - From RDC,6-May-14,21-Mar-14,17-Apr-14,ARV,Adult,SCMS from RDC,"Efavirenz/Lamivudine/Tenofovir Disoproxil Fumarate 600/300/300mg, tablets, 30 Tabs",Efavirenz/Lamivudine/Tenofovir Disoproxil Fumarate,Generic,600/300/300mg,Tablet - FDC,30.0,360000.0,4014000.0,11.15,0.37,Hetero Unit III Hyderabad IN,No,See DN-3588 (ID#:83225),See DN-3588 (ID#:83225),4965.32,,,,,,,,,,,,,,,,,,,,,,,,,,
10678,,Pre-PQ Process,,,Zambia,,,,,,N/A - From RDC,,,,,,SCMS from RDC,,Lamivudine/Zidovudine,Generic,150/300mg,,,,,,,,,,,,110-ZM-T01,SO-2485,DN-828,PMO - US,From RDC,N/A - From RDC,Truck,Pre-PQ Process,29-Jul-08,29-Jul-08,29-Jul-08,ARV,Adult,"Lamivudine/Zidovudine 150/300mg, tablets, 60 Tabs",Tablet - FDC,60.0,14124.0,133471.8,9.45,0.16,"Cipla, Goa, India",Yes,2115,2882.85,213.55,
12897,,,,,Zambia,,,,,,N/A - From RDC,,,,,,SCMS from RDC,,Efavirenz,Generic,600mg,,,,,,,,,,,,110-ZM-T01,SO-17640,DN-1324,PMO - US,From RDC,N/A - From RDC,Air,Date Not Captured,4-Sep-09,4-Sep-09,4-Sep-09,ARV,Adult,"Efavirenz 600mg, tablets, 30 Tabs",Tablet,30.0,22260.0,244860.0,11.0,0.37,"Aurobindo Unit III, India",Yes,1921,2448.71,479.93,Pre-PQ Process
10571,,,,,Zimbabwe,,,,,,N/A - From RDC,,,,,,SCMS from RDC,,Efavirenz,Generic,600mg,,,,,,,,,,,,113-ZW-T01,SO-278,DN-141,PMO - US,From RDC,N/A - From RDC,,Pre-PQ Process,20-May-07,20-May-07,20-May-07,ARV,Adult,"Efavirenz 600mg, tablets, 30 Tabs",Tablet,30.0,6000.0,97500.0,16.25,0.54,"Aurobindo Unit III, India",Yes,553,1956.93,,Pre-PQ Process
66448,104-CI-T30,FPQ-13155,SCMS-217340,ASN-27114,Côte d'Ivoire,PMO - US,Direct Drop,EXW,Air,10/22/13,12/4/13,31-Jul-14,31-Jul-14,31-Jul-14,ARV,Adult,MYLAN LABORATORIES LTD (FORMERLY MATRIX LABORATORIES),"Atazanavir/Ritonavir 300/100mg, tablets, 30 Tabs",Atazanavir/Ritonavir,Generic,300/100mg,Tablet,30.0,3200.0,64000.0,20.0,0.67,Mylan (formerly Matrix) Nashik,Yes,430,3587.34,65.79,,,,,,,,,,,,,,,,,,,,,,,,,,
12184,,,,,Zambia,,,,,,N/A - From RDC,,,,,,SCMS from RDC,,Lopinavir/Ritonavir,Kaletra,80/20mg/ml,,,,,,,,,,,,110-ZM-T01,SO-1884,DN-778,PMO - US,From RDC,N/A - From RDC,,Pre-PQ Process,19-Jun-08,19-Jun-08,19-Jun-08,ARV,Pediatric,"Lopinavir/Ritonavir 80/20mg/ml [Kaletra], oral solution, cool, Bottle 5 x 60 ml",Oral solution,300.0,1260.0,51786.0,41.1,0.14,ABBVIE (Abbott) Logis. UK,Yes,1185,2350.53,82.86,Pre-PQ Process
42394,,,,,Zimbabwe,,,,,,7/2/2012,,,,,,"Orgenics, Ltd",,"Chase Buffer, Determine, 100 Tests, 2.5ml x 1 Vial",Determine,,,,,,,,,,,,,113-ZW-T30,SCMS-150030,ASN-15987,PMO - US,Direct Drop,EXW,Air,6/13/2012,18-Sep-12,18-Sep-12,18-Sep-12,HRDT,HIV test - Ancillary,"Chase Buffer, Determine, 100 Tests, 2.5ml x 1 Vial",Test kit - Ancillary,1.0,5060.0,25300.0,5.0,5.0,"Alere Medical Co., Ltd.",Yes,2486,46552.3,35.47,FPQ-10041
86034,114-UG-T30,FPQ-12776,SO-46180,DN-3502,Uganda,PMO - US,From RDC,N/A - From RDC,Truck,8/6/13,N/A - From RDC,31-Jan-14,30-Jan-14,3-Feb-14,ARV,Pediatric,SCMS from RDC,"Nevirapine 10mg/ml, oral suspension w/syringe, Bottle, 100 ml",Nevirapine,Generic,10mg/ml,Oral suspension,100.0,45285.0,58870.5,1.3,0.01,"Aurobindo Unit III, India",Yes,8998,5458.45,72.82,,,,,,,,,,,,,,,,,,,,,,,,,,
83116,106-HT-T30,FPQ-11526,SO-44440,DN-3044,Haiti,PMO - US,From RDC,N/A - From RDC,Air,1/30/13,N/A - From RDC,30-Apr-13,21-Mar-13,21-Mar-13,ARV,Pediatric,SCMS from RDC,"Lamivudine/Stavudine 30/6mg, dispersible tablets, 60 Tabs",Lamivudine/Stavudine,Generic,30/6mg,Chewable/dispersible tablet - FDC,60.0,822.0,1561.8,1.9,0.03,"Cipla, Goa, India",Yes,107,1779.74,1.93,,,,,,,,,,,,,,,,,,,,,,,,,,
85672,,FPQ-4694,,,Zimbabwe,,,,,,N/A - From RDC,,,,,,SCMS from RDC,,Efavirenz,Generic,600mg,,,,,,,,,,,,113-ZW-T30,SO-35400,DN-1829,PMO - US,From RDC,N/A - From RDC,Truck,12/8/2009,31-May-10,31-May-10,31-May-10,ARV,Adult,"Efavirenz 600mg, tablets, 30 Tabs",Tablet,30.0,5900.0,28025.0,4.75,0.16,"Aurobindo Unit III, India",No,See DN-1829 (ID#:82320),See DN-1829 (ID#:82320),60.42,
60299,,,,,South Africa,,,,,,3/9/2015,,,,,,PHARMACY DIRECT,,Efavirenz,Generic,50mg,,,,,,,,,,,,116-ZA-T30,SCMS-259074,ASN-31070,PMO - US,Direct Drop,DDP,Truck,9/11/2014,9-Mar-15,9-Mar-15,9-Mar-15,ARV,Pediatric,"Efavirenz 50mg, capsule, 30 Caps",Capsule,30.0,6.0,13.03,2.17,0.07,"Aurobindo Unit III, India",No,Weight Captured Separately,Freight Included in Commodity Cost,0.01,FPQ-14942
44615,108-VN-T30,FPQ-16194,SCMS-285500,ASN-33266,Vietnam,PMO - US,Direct Drop,EXW,Air,4/14/15,5/13/15,3-Sep-15,3-Sep-15,3-Sep-15,ARV,Adult,HETERO LABS LIMITED,"Lamivudine 150mg, tablets, 60 Tabs",Lamivudine,Generic,150mg,Tablet,60.0,5700.0,10260.0,1.8,0.03,Hetero Unit III Hyderabad IN,Yes,Weight Captured Separately,Invoiced Separately,12.08,,,,,,,,,,,,,,,,,,,,,,,,,,
83414,,,,,Côte d'Ivoire,,,,,,N/A - From RDC,,,,,,SCMS from RDC,,Zidovudine,Generic,300mg,,,,,,,,,,,,104-CI-T30,SO-34370,DN-1759,PMO - US,From RDC,N/A - From RDC,Air,10/15/2009,6-Apr-10,1-Apr-10,1-Apr-10,ARV,Adult,"Zidovudine 300mg, tablets, 60 Tabs",Tablet,60.0,9009.0,67837.77,7.53,0.13,Mylan (formerly Matrix) Nashik,No,See DN-1759 (ID#:82875),See DN-1759 (ID#:82875),132.96,FPQ-4378
72625,,,,,Haiti,,,,,,11/6/2009,,,,,,MERCK SHARP & DOHME IDEA GMBH (FORMALLY MERCK SHARP & DOHME B.V.),,Efavirenz,Stocrin/Sustiva,30mg/ml,,,,,,,,,,,,106-HT-T30,SCMS-56130,ASN-5752,PMO - US,Direct Drop,CIP,Air,10/13/2009,27-Jan-10,27-Jan-10,27-Jan-10,ARV,Pediatric,"Efavirenz 30mg/ml [Stocrin/Sustiva], oral solution, Bottle, 180 ml",Oral solution,180.0,167.0,2832.32,16.96,0.09,"MSD, Haarlem, NL",Yes,47,290,5.55,FPQ-4337
3828,107-RW-T01,Pre-PQ Process,SCMS-43870,ASN-4687,Rwanda,PMO - US,Direct Drop,CIP,Air,Pre-PQ Process,4/15/09,21-Sep-09,21-Sep-09,21-Sep-09,ARV,Adult,MYLAN LABORATORIES LTD (FORMERLY MATRIX LABORATORIES),"Lamivudine/Nevirapine/Zidovudine 150/200/300mg, tablets, 60 Tabs",Lamivudine/Nevirapine/Zidovudine,Generic,150/300/200mg,Tablet - FDC,60.0,54432.0,641753.28,11.79,0.2,Mylan (formerly Matrix) Nashik,Yes,7278,61925.7,1257.84,,,,,,,,,,,,,,,,,,,,,,,,,,
83919,,FPQ-16313,,,Nigeria,,,,,,N/A - From RDC,,,,,,SCMS from RDC,,Lamivudine/Tenofovir Disoproxil Fumarate,Generic,300/300mg,,,,,,,,,,,,151-NG-T30,SO-51440,DN-4282,PMO - US,From RDC,N/A - From RDC,Air,5/4/2015,30-Jun-15,22-Jun-15,29-Jun-15,ARV,Adult,"Lamivudine/Tenofovir Disoproxil Fumarate 300/300mg, tablets, 30 Tabs",Tablet - FDC,30.0,55851.0,256356.09,4.59,0.15,Hetero Unit III Hyderabad IN,Yes,6183,47281.56,301.73,
85359,,FPQ-11133,,,Uganda,,,,,,N/A - From RDC,,,,,,SCMS from RDC,,Lamivudine/Nevirapine/Zidovudine,Generic,30/50/60mg,,,,,,,,,,,,114-UG-T30,SO-43872,DN-3137,PMO - US,From RDC,N/A - From RDC,Truck,12/13/2012,28-Jun-13,15-May-13,15-May-13,ARV,Pediatric,"Lamivudine/Nevirapine/Zidovudine 30/50/60mg, dispersible tablets, 60 Tabs",Chewable/dispersible tablet - FDC,60.0,5861.0,24323.15,4.15,0.07,Mylan (formerly Matrix) Nashik,Yes,345,3426.68,30.09,
86207,,FPQ-16158,,,"Congo, DRC",,,,,,N/A - From RDC,,,,,,SCMS from RDC,,Efavirenz,Generic,600mg,,,,,,,,,,,,101-CD-T30,SO-51260,DN-4283,PMO - US,From RDC,N/A - From RDC,Air,3/31/2015,8-Jul-15,7-Aug-15,27-Aug-15,ARV,Adult,"Efavirenz 600mg, tablets, 30 Tabs",Tablet,30.0,9800.0,30576.0,3.12,0.1,"Strides, Bangalore, India.",No,See DN-4283 (ID#:83912),See DN-4283 (ID#:83912),35.99,
85458,,,,,Côte d'Ivoire,,,,,,N/A - From RDC,,,,,,SCMS from RDC,,Lopinavir/Ritonavir,Generic,200/50mg,,,,,,,,,,,,104-CI-T30,SO-45641,DN-3631,PMO - US,From RDC,N/A - From RDC,Truck,4/22/2013,30-May-14,23-Apr-14,11-Jun-14,ARV,Adult,"Lopinavir/Ritonavir 200/50mg, tablets, 120 Tabs",Tablet,120.0,964.0,19318.56,20.04,0.17,Mylan (formerly Matrix) Nashik,Yes,6705,27664.61,23.9,FPQ-12144
65548,161-ZA-T30,FPQ-7175,SCMS-103510,ASN-12171,South Africa,PMO - US,Direct Drop,DDP,Ocean,3/10/11,3/24/11,10-Oct-11,25-Oct-11,25-Oct-11,ARV,Adult,Aurobindo Pharma Limited,"Efavirenz 600mg, tablets, 30 Tabs",Efavirenz,Generic,600mg,Tablet,30.0,70.0,315.7,4.51,0.15,"Aurobindo Unit III, India",Yes,6,9951.38,0.52,,,,,,,,,,,,,,,,,,,,,,,,,,
84321,107-RW-T30,FPQ-13457,SO-47480,DN-3492,Rwanda,PMO - US,From RDC,N/A - From RDC,Truck,12/18/13,N/A - From RDC,28-Feb-14,25-Feb-14,7-Mar-14,ARV,Pediatric,SCMS from RDC,"Efavirenz 200mg, scored tablets, 90 Tabs",Efavirenz,Generic,200mg,Tablet,90.0,2586.0,24049.8,9.3,0.1,"Strides, Bangalore, India.",Yes,164,2737.75,24.72,,,,,,,,,,,,,,,,,,,,,,,,,,
85652,,,,,Côte d'Ivoire,,,,,,N/A - From RDC,,,,,,SCMS from RDC,,Abacavir/Lamivudine,Generic,600/300mg,,,,,,,,,,,,104-CI-T30,SO-35770,DN-1640,PMO - US,From RDC,N/A - From RDC,Air,10/15/2009,6-Apr-10,15-Feb-10,15-Feb-10,ARV,Adult,"Abacavir/Lamivudine 600/300mg, scored tablets, 30 Tabs",Tablet - FDC,30.0,1276.0,29348.0,23.0,0.77,"Aurobindo Unit III, India",Yes,117,1083.3,57.52,FPQ-4378
11318,111-MZ-T01,Pre-PQ Process,SO-30440,DN-1231,Mozambique,PMO - US,From RDC,N/A - From RDC,Truck,Pre-PQ Process,N/A - From RDC,28-Jun-09,28-Jun-09,28-Jun-09,ARV,Adult,SCMS from RDC,"Efavirenz 600mg, tablets, 30 Tabs",Efavirenz,Generic,600mg,Tablet,30.0,19400.0,188568.0,9.72,0.32,Mylan (formerly Matrix) Nashik,No,See DN-1231 (ID#:11044),See DN-1231 (ID#:11044),369.59,,,,,,,,,,,,,,,,,,,,,,,,,,
84508,114-UG-T30,FPQ-4275,SO-33980,DN-1517,Uganda,PMO - US,From RDC,N/A - From RDC,Air,9/17/09,N/A - From RDC,27-Nov-09,2-Dec-09,2-Dec-09,ARV,Adult,SCMS from RDC,"Nevirapine 200mg, tablets, 60 Tabs",Nevirapine,Generic,200mg,Tablet,60.0,10453.0,30313.7,2.9,0.05,"Aurobindo Unit III, India",Yes,1001,3228.26,59.41,,,,,,,,,,,,,,,,,,,,,,,,,,
63915,,FPQ-10286,,,Vietnam,,,,,,8/14/2012,,,,,,Aurobindo Pharma Limited,,Efavirenz,Generic,600mg,,,,,,,,,,,,108-VN-T30,SCMS-156130,ASN-17075,PMO - US,Direct Drop,EXW,Air,7/25/2012,29-Nov-12,29-Nov-12,29-Nov-12,ARV,Adult,"Efavirenz 600mg, tablets, 30 Tabs",Tablet,30.0,15881.0,52407.3,3.3,0.11,"Aurobindo Unit III, India",No,See ASN-17075 (ID#:20697),See ASN-17075 (ID#:20697),73.48,
74838,112-NG-T30,FPQ-4151,SCMS-54540,ASN-5633,Nigeria,PMO - US,Direct Drop,EXW,Air,9/18/09,10/7/09,6-Jan-10,6-Jan-10,6-Jan-10,ACT,ACT,IDA FOUNDATION,"Artemether/Lumefantrine 20/120mg [Coartem], scored tablets, Blister 30 x 18 Tabs",Artemether/Lumefantrine,Coartem,20/120mg,Tablet - FDC + blister,540.0,30.0,1207.5,40.25,0.07,"Novartis Pharma AG, Switzerland",Yes,1295,8423.76,2.37,,,,,,,,,,,,,,,,,,,,,,,,,,
19959,,,,,South Africa,,,,,,11/4/2014,,,,,,PHARMACY DIRECT,,Lamivudine,Generic,150mg,,,,,,,,,,,,116-ZA-T30,SCMS-238555,ASN-29257,PMO - US,Direct Drop,DDP,Truck,4/30/2014,5-Nov-14,5-Nov-14,5-Nov-14,ARV,Adult,"Lamivudine 150mg, tablets, 60 Tabs",Tablet,60.0,203.0,1855.98,9.14,0.15,"Aurobindo Unit III, India",Yes,Weight Captured Separately,Freight Included in Commodity Cost,1.91,FPQ-13973
85497,,,,,Nigeria,,,,,,N/A - From RDC,,,,,,SCMS from RDC,,Lamivudine/Zidovudine,Generic,150/300mg,,,,,,,,,,,,151-NG-T30,SO-47286,DN-3792,PMO - US,From RDC,N/A - From RDC,Air Charter,11/19/2013,30-Jun-14,20-Jun-14,25-Jun-14,ARV,Adult,"Lamivudine/Zidovudine 150/300mg, tablets, 60 Tabs",Tablet - FDC,60.0,34000.0,221680.0,6.52,0.11,Hetero Unit III Hyderabad IN,No,See DN-3792 (ID#:83259),See DN-3792 (ID#:83259),227.89,FPQ-13293
84583,104-CI-T30,FPQ-5201,SO-36311,DN-1982,Côte d'Ivoire,PMO - US,From RDC,N/A - From RDC,Air,3/3/10,N/A - From RDC,23-Aug-10,23-Aug-10,23-Aug-10,ARV,Adult,SCMS from RDC,"Zidovudine 300mg, tablets, 60 Tabs",Zidovudine,Generic,300mg,Tablet,60.0,12060.0,86952.6,7.21,0.12,"Aurobindo Unit III, India",No,See DN-1982 (ID#:82910),See DN-1982 (ID#:82910),187.47,,,,,,,,,,,,,,,,,,,,,,,,,,
83855,,FPQ-14576,,,"Congo, DRC",,,,,,N/A - From RDC,,,,,,SCMS from RDC,,Efavirenz,Generic,600mg,,,,,,,,,,,,101-CD-T30,SO-49290,DN-3975,PMO - US,From RDC,N/A - From RDC,Air,7/14/2014,30-Jan-15,18-Feb-15,23-Feb-15,ARV,Adult,"Efavirenz 600mg, tablets, 30 Tabs",Tablet,30.0,2660.0,8352.4,3.14,0.1,"Micro labs, Verna, Goa, India",No,See DN-3975 (ID#:82748),See DN-3975 (ID#:82748),8.59,
10727,,,,,Nigeria,,,,,,N/A - From RDC,,,,,,SCMS from RDC,,Nevirapine,Generic,200mg,,,,,,,,,,,,130-NG-T01,SO-10580,DN-909,PMO - US,From RDC,N/A - From RDC,Air,Pre-PQ Process,22-Sep-08,22-Sep-08,22-Sep-08,ARV,Adult,"Nevirapine 200mg, tablets, 60 Tabs",Tablet,60.0,2066.0,7024.4,3.4,0.06,"Aurobindo Unit III, India",Yes,451,3487.94,11.24,Pre-PQ Process
12174,112-NG-T01,Pre-PQ Process,SO-11220,DN-833,Nigeria,PMO - US,From RDC,N/A - From RDC,Air,Pre-PQ Process,N/A - From RDC,16-Jul-08,16-Jul-08,16-Jul-08,ARV,Adult,SCMS from RDC,"Lamivudine 150mg, tablets, 60 Tabs",Lamivudine,Generic,150mg,Tablet,60.0,957.0,2775.3,2.9,0.05,"Aurobindo Unit III, India",No,See DN-833 (ID#:11243),See DN-833 (ID#:11243),4.44,,,,,,,,,,,,,,,,,,,,,,,,,,
59919,116-ZA-T30,FPQ-13214,SCMS-215410,ASN-23875,South Africa,PMO - US,Direct Drop,DDP,Truck,11/14/13,12/2/13,13-Jan-14,13-Jan-14,13-Jan-14,ARV,Adult,S. BUYS WHOLESALER,"Stavudine 30mg, capsules, 60 Caps",Stavudine,Generic,30mg,Capsule,60.0,44.0,163.95,3.73,0.06,"Aurobindo Unit III, India",No,Weight Captured Separately,Freight Included in Commodity Cost,0.17,,,,,,,,,,,,,,,,,,,,,,,,,,
56487,,FPQ-6263,,,Zambia,,,,,,10/7/2010,,,,,,"Orgenics, Ltd",,"HIV 1/2, Determine Complete HIV Kit",Determine,,,,,,,,,,,,,110-ZM-T30,SCMS-87290,ASN-9001,PMO - US,Direct Drop,EXW,Air,9/8/2010,17-Dec-10,21-Dec-10,21-Dec-10,HRDT,HIV test,"HIV 1/2, Determine Complete HIV Kit, 100 Tests",Test kit,100.0,2814.0,225120.0,80.0,0.8,Inverness Japan,Yes,1363,22746.62,485.36,
63782,161-ZA-T30,FPQ-7175,SCMS-103690,ASN-11306,South Africa,PMO - US,Direct Drop,DDP,Ocean,3/10/11,3/23/11,2-Nov-11,2-Nov-11,2-Nov-11,ARV,Adult,EMCURE PHARMACEUTICALS LTD,"Efavirenz 600mg, tablets, 30 Tabs",Efavirenz,Generic,600mg,Tablet,30.0,113020.0,485986.0,4.3,0.14,"Emcure Plot No.P-2, I.T-B.T. Park, Phase II, MIDC, Hinjwadi, Pune, India",Yes,8826,7609.7,801.88,,,,,,,,,,,,,,,,,,,,,,,,,,
83286,,FPQ-14576,,,"Congo, DRC",,,,,,N/A - From RDC,,,,,,SCMS from RDC,,Zidovudine,Generic,300mg,,,,,,,,,,,,101-CD-T30,SO-49310,DN-3954,PMO - US,From RDC,N/A - From RDC,Air,7/14/2014,14-Apr-15,14-Apr-15,14-Apr-15,ARV,Adult,"Zidovudine 300mg, tablets, 60 Tabs",Tablet,60.0,1400.0,7616.0,5.44,0.09,"Aurobindo Unit III, India",No,See DN-3954 (ID#:82743),See DN-3954 (ID#:82743),7.83,
5353,,Pre-PQ Process,,,Guyana,,,,,,7/25/2007,,,,,,"Orgenics, Ltd",,"HIV 1/2, Determine HIV Kit, without Lancets",Determine,,,,,,,,,,,,,102-GY-T01,SCMS-767,ASN-620,PMO - US,Direct Drop,EXW,Air,Pre-PQ Process,9-Aug-07,21-Aug-07,21-Aug-07,HRDT,HIV test,"HIV 1/2, Determine HIV Kit, without Lancets, 100 Tests",Test kit,100.0,300.0,21597.0,71.99,0.72,Inverness Japan,Yes,69,1398.6,34.56,
39799,,,,,Uganda,,,,,,7/31/2013,,,,,,MYLAN LABORATORIES LTD (FORMERLY MATRIX LABORATORIES),,Lamivudine/Nevirapine/Zidovudine,Generic,150/300/200mg,,,,,,,,,,,,114-UG-T30,SCMS-198710,ASN-21405,PMO - US,Direct Drop,EXW,Air,7/8/2013,29-Aug-13,29-Aug-13,29-Aug-13,ARV,Adult,"Lamivudine/Nevirapine/Zidovudine 150/200/300mg, tablets, 60 Tabs",Tablet - FDC,60.0,50000.0,405000.0,8.1,0.13,Mylan (formerly Matrix) Nashik,Yes,6918,22886.81,500.98,FPQ-12477
25930,,,,,Côte d'Ivoire,,,,,,12/22/2010,,,,,,"Orgenics, Ltd",,"HIV 1/2, Determine HIV Kit, without Lancets",Determine,,,,,,,,,,,,,104-CI-T30,SCMS-94620,ASN-10120,PMO - US,Direct Drop,EXW,Air,11/19/2010,28-Mar-11,28-Mar-11,28-Mar-11,HRDT,HIV test,"HIV 1/2, Determine HIV Kit, without Lancets, 100 Tests",Test kit,100.0,3293.0,255866.1,77.7,0.78,Inverness Japan,Yes,747,14934.26,422.18,FPQ-6739
1647,,Pre-PQ Process,,,Guyana,,,,,,2/28/2008,,,,,,"Orgenics, Ltd",,"HIV 1/2, Determine HIV Kit, without Lancets",Determine,,,,,,,,,,,,,102-GY-T01,SCMS-18500,ASN-2100,PMO - US,Direct Drop,EXW,Air,Pre-PQ Process,28-Jul-08,28-Jul-08,28-Jul-08,HRDT,HIV test,"HIV 1/2, Determine HIV Kit, without Lancets, 100 Tests",Test kit,100.0,213.0,15333.87,71.99,0.72,Inverness Japan,Yes,49,959.46,24.53,
54180,,FPQ-4081,,,Vietnam,,,,,,8/12/2009,,,,,,ABBVIE LOGISTICS (FORMERLY ABBOTT LOGISTICS BV),,Lopinavir/Ritonavir,Aluvia,200/50mg,,,,,,,,,,,,108-VN-T30,SCMS-51480,ASN-4802,PMO - US,Direct Drop,FCA,Air,8/10/2009,1-Oct-09,1-Oct-09,1-Oct-09,ARV,Adult,"Lopinavir/Ritonavir 200/50mg [Aluvia], tablets, 120 Tabs",Tablet,120.0,1400.0,115080.0,82.2,0.68,ABBVIE Ludwigshafen Germany,Yes,209,954.38,225.56,
81823,,,,,Mozambique,,,,,,12/8/2014,,,,,,BIO-RAD LABORATORIES (FRANCE),,"HIV, Multispot HIV-1/HIV-2 Rapid Test Kit",Multispot,,,,,,,,,,,,,111-MZ-T30,SCMS-266470,ASN-31352,PMO - US,Direct Drop,FCA,Air,11/21/2014,14-Apr-15,14-Apr-15,15-Jul-15,HRDT,HIV test,"HIV, Multispot HIV-1/HIV-2 Rapid Test Kit, 50 Tests",Test kit,50.0,80.0,107651.2,1345.64,26.91,Bio-Rad Laboratories,Yes,Weight Captured Separately,Invoiced Separately,126.71,FPQ-15346
30842,,,,,Zimbabwe,,,,,,11/17/2014,,,,,,MYLAN LABORATORIES LTD (FORMERLY MATRIX LABORATORIES),,Lamivudine/Nevirapine/Zidovudine,Generic,30/50/60mg,,,,,,,,,,,,103-ZW-T30,SCMS-264880,ASN-29747,PMO - US,Direct Drop,EXW,Air,11/14/2014,3-Feb-15,3-Feb-15,24-Feb-15,ARV,Pediatric,"Lamivudine/Nevirapine/Zidovudine 30/50/60mg, dispersible tablets, 60 Tabs",Chewable/dispersible tablet - FDC,60.0,813.0,2845.5,3.5,0.06,Mylan (formerly Matrix) Nashik,Yes,60,1344.94,3.35,FPQ-15398
84443,,,,,Nigeria,,,,,,N/A - From RDC,,,,,,SCMS from RDC,,Lamivudine/Nevirapine/Zidovudine,Generic,150/300/200mg,,,,,,,,,,,,151-NG-T30,SO-48893,DN-4098,PMO - US,From RDC,N/A - From RDC,Air Charter,4/25/2014,30-Jan-15,14-Jan-15,20-Jan-15,ARV,Adult,"Lamivudine/Nevirapine/Zidovudine 150/200/300mg, tablets, 60 Tabs",Tablet - FDC,60.0,335999.0,2593912.28,7.72,0.13,Mylan (formerly Matrix) Nashik,Yes,47693,116593,2666.54,FPQ-14156
82318,,FPQ-4495,,,Uganda,,,,,,N/A - From RDC,,,,,,SCMS from RDC,,Lamivudine/Nevirapine/Zidovudine,Generic,150/300/200mg,,,,,,,,,,,,114-UG-T30,SO-34941,DN-1817,PMO - US,From RDC,N/A - From RDC,Air,10/28/2009,3-May-10,3-May-10,3-May-10,ARV,Adult,"Lamivudine/Nevirapine/Zidovudine 150/200/300mg, tablets, 60 Tabs",Tablet - FDC,60.0,18000.0,201960.0,11.22,0.19,Mylan (formerly Matrix) Nashik,Yes,2281,15254.43,435.43,
3747,,,,,South Africa,,,,,,3/13/2009,,,,,,S. BUYS WHOLESALER,,Zidovudine,Generic,300mg,,,,,,,,,,,,116-ZA-T01,SCMS-41100,ASN-4018,PMO - US,Direct Drop,DDP,Air,Pre-PQ Process,17-Jun-09,3-Apr-09,3-Apr-09,ARV,Adult,"Zidovudine 300mg, tablets, 60 Tabs",Tablet,60.0,1977.0,23091.36,11.68,0.19,"Aurobindo Unit III, India",Yes,Weight Captured Separately,Freight Included in Commodity Cost,45.26,Pre-PQ Process
70614,,FPQ-11098,,,Uganda,,,,,,1/2/2013,,,,,,"Orgenics, Ltd",,"HIV 1/2, Determine Complete HIV Kit",Determine,,,,,,,,,,,,,114-UG-T30,SCMS-171680,ASN-18882,PMO - US,Direct Drop,EXW,Air,12/13/2012,29-Apr-13,29-Apr-13,29-Apr-13,HRDT,HIV test,"HIV 1/2, Determine Complete HIV Kit, 100 Tests",Test kit,100.0,3035.0,242800.0,80.0,0.8,"Alere Medical Co., Ltd.",Yes,1346,32471.83,300.34,
10654,,,,,Mozambique,,,,,,N/A - From RDC,,,,,,SCMS from RDC,,Lamivudine/Stavudine,Generic,150/30mg,,,,,,,,,,,,111-MZ-T01,SO-1039,DN-628,PMO - US,From RDC,N/A - From RDC,Air,Pre-PQ Process,8-Apr-08,5-Apr-08,5-Apr-08,ARV,Adult,"Lamivudine/Stavudine 150/30mg, tablets, 30 Tabs",Tablet - FDC,30.0,52240.0,104480.0,2.0,0.07,"Cipla, Goa, India",Yes,4230,8771.34,167.17,Pre-PQ Process
52853,116-ZA-T30,FPQ-14942,SCMS-259075,ASN-32137,South Africa,PMO - US,Direct Drop,DDP,Truck,9/11/14,5/11/15,12-May-15,12-May-15,12-May-15,ARV,Pediatric,PHARMACY DIRECT,"Atazanavir 150mg [Reyataz], capsules, 60 Caps",Atazanavir,Reyataz,150mg,Capsule,60.0,9.0,143.1,15.9,0.26,"BMS Evansville, US",No,Weight Captured Separately,Freight Included in Commodity Cost,0.15,,,,,,,,,,,,,,,,,,,,,,,,,,
86513,,,,,Tanzania,,,,,,N/A - From RDC,,,,,,SCMS from RDC,,Lopinavir/Ritonavir,Generic,200/50mg,,,,,,,,,,,,109-TZ-T30,SO-41582,DN-2844,PMO - US,From RDC,N/A - From RDC,Truck,1/31/2012,15-Nov-12,15-Nov-12,15-Nov-12,ARV,Adult,"Lopinavir/Ritonavir 200/50mg, tablets, 120 Tabs",Tablet,120.0,16114.0,472301.34,29.31,0.24,Mylan (formerly Matrix) Nashik,Yes,4256,6052.1,662.17,FPQ-9271
82989,,,,,Côte d'Ivoire,,,,,,N/A - From RDC,,,,,,SCMS from RDC,,Efavirenz/Emtricitabine/Tenofovir Disoproxil Fumarate,Generic,600/200/300mg,,,,,,,,,,,,104-CI-T30,SO-40750,DN-2420,PMO - US,From RDC,N/A - From RDC,Truck,8/25/2011,9-Dec-11,19-Nov-11,19-Nov-11,ARV,Adult,"Efavirenz/Emtricitabine/Tenofovir Disoproxil Fumarate 600/200/300mg, tablets, 30 Tabs",Tablet - FDC,30.0,6678.0,133025.76,19.92,0.66,Mylan (formerly Matrix) Nashik,Yes,2244,3296.34,219.49,FPQ-8295
40498,104-CI-T30,FPQ-4381,SCMS-57380,ASN-6453,Côte d'Ivoire,PMO - US,Direct Drop,CIP,Air,11/5/09,11/17/09,16-Apr-10,16-Apr-10,16-Apr-10,ARV,Pediatric,MERCK SHARP & DOHME IDEA GMBH (FORMALLY MERCK SHARP & DOHME B.V.),"Efavirenz 30mg/ml [Stocrin/Sustiva], oral solution, Bottle, 180 ml",Efavirenz,Stocrin/Sustiva,30mg/ml,Oral solution,180.0,3559.0,60360.64,16.96,0.09,"MSD, Haarlem, NL",Yes,1061,2454.99,118.31,,,,,,,,,,,,,,,,,,,,,,,,,,
67739,104-CI-T30,FPQ-14068,SCMS-237930,ASN-26334,Côte d'Ivoire,PMO - US,Direct Drop,EXW,Air,4/22/14,5/7/14,11-Jun-14,11-Jun-14,12-Jun-14,ARV,Adult,Aurobindo Pharma Limited,"Didanosine 250mg, delayed-release capsules, 30 Caps",Didanosine,Generic,250mg,Delayed-release capsules,30.0,1984.0,15038.72,7.58,0.25,"Aurobindo Unit III, India",Yes,46,1899.89,15.46,,,,,,,,,,,,,,,,,,,,,,,,,,
1037,123-NG-T01,Pre-PQ Process,SCMS-39640,ASN-4747,Nigeria,PMO - US,Direct Drop,CIP,Air,Pre-PQ Process,3/4/09,30-Sep-09,30-Sep-09,30-Sep-09,ARV,Adult,BRISTOL-MYERS SQUIBB,"Didanosine EC 400mg [Videx EC], delayed-release capsules, Blister 3 x 10 Caps",Didanosine EC,Videx EC,400mg,Delayed-release capsules - blister,30.0,200.0,4734.0,23.67,0.79,"BMS Meymac, France",Yes,11,463,9.28,,,,,,,,,,,,,,,,,,,,,,,,,,
83601,,,,,Zambia,,,,,,N/A - From RDC,,,,,,SCMS from RDC,,Efavirenz/Emtricitabine/Tenofovir Disoproxil Fumarate,Generic,600/200/300mg,,,,,,,,,,,,110-ZM-T30,SO-41291,DN-2731,PMO - US,From RDC,N/A - From RDC,Truck,12/22/2011,30-Jul-12,30-Jul-12,30-Jul-12,ARV,Adult,"Efavirenz/Emtricitabine/Tenofovir Disoproxil Fumarate 600/200/300mg, tablets, 30 Tabs",Tablet - FDC,30.0,190000.0,2857600.0,15.04,0.5,Mylan (formerly Matrix) Nashik,Yes,21534,13914.56,4006.36,FPQ-9081
17831,102-SD-T30,FPQ-7321,SCMS-107790,ASN-11120,Sudan,PMO - US,Direct Drop,EXW,Air,3/29/11,5/2/11,1-Jul-11,1-Jul-11,1-Jul-11,HRDT,HIV test,"Orgenics, Ltd","HIV 1/2, Determine Complete HIV Kit, 100 Tests","HIV 1/2, Determine Complete HIV Kit",Determine,,Test kit,100.0,378.0,33642.0,89.0,0.89,Inverness Japan,Yes,180,4529.86,55.51,,,,,,,,,,,,,,,,,,,,,,,,,,
27092,114-UG-T30,FPQ-11141,SCMS-173430,ASN-20630,Uganda,PMO - US,Direct Drop,FCA,Air,12/13/12,2/4/13,26-Jul-13,26-Jul-13,26-Jul-13,ARV,Pediatric,ABBVIE LOGISTICS (FORMERLY ABBOTT LOGISTICS BV),"Lopinavir/Ritonavir 100/25mg [Aluvia], tablets, 60 Tabs",Lopinavir/Ritonavir,Generic,100/25mg,Tablet,60.0,2565.0,15236.1,5.94,0.1,ABBVIE Ludwigshafen Germany,Yes,304,2808.12,18.85,,,,,,,,,,,,,,,,,,,,,,,,,,
66073,,FPQ-7400,,,South Africa,,,,,,3/30/2011,,,,,,GLAXOSMITHKLINE EXPORT LIMITED,,Abacavir,Ziagen,20mg/ml,,,,,,,,,,,,161-ZA-T30,SCMS-104220,ASN-12743,PMO - US,Direct Drop,DDP,Ocean,3/11/2011,9-Jan-12,9-Jan-12,9-Jan-12,ARV,Pediatric,"Abacavir 20mg/ml [Ziagen], oral solution, Bottle, 240 ml",Oral solution,240.0,2244.0,20824.32,9.28,0.04,GSK Mississauga (Canada),Yes,870,3755.91,34.36,
84158,113-ZW-T30,FPQ-8464,SO-40860,DN-2621,Zimbabwe,PMO - US,From RDC,N/A - From RDC,Truck,10/4/11,N/A - From RDC,17-Apr-12,7-May-12,7-May-12,ARV,Adult,SCMS from RDC,"Lamivudine/Stavudine 150/30mg, tablets, 60 Tabs",Lamivudine/Stavudine,Generic,150/30mg,Tablet - FDC,60.0,7150.0,21092.5,2.95,0.05,"Strides, Bangalore, India.",No,See DN-2621 (ID#:83583),See DN-2621 (ID#:83583),34.8,,,,,,,,,,,,,,,,,,,,,,,,,,
78201,161-ZA-T30,FPQ-5303,SCMS-68980,ASN-7688,South Africa,PMO - US,Direct Drop,DDP,Air,3/18/10,3/19/10,24-Aug-10,20-Sep-10,20-Sep-10,ARV,Adult,Aurobindo Pharma Limited,"Lamivudine 150mg, tablets, 60 Tabs",Lamivudine,Generic,150mg,Tablet,60.0,16999.0,43007.47,2.53,0.04,"Aurobindo Unit III, India",Yes,912,1791.42,92.72,,,,,,,,,,,,,,,,,,,,,,,,,,
48765,,FPQ-4587,,,Kenya,,,,,,12/2/2009,,,,,,"Orgenics, Ltd",,"HIV 1/2, Determine Complete HIV Kit",Determine,,,,,,,,,,,,,102-KE-T30,SCMS-58380,ASN-5900,PMO - US,Direct Drop,EXW,Air,11/18/2009,16-Feb-10,19-Feb-10,19-Feb-10,HRDT,HIV test,"HIV 1/2, Determine Complete HIV Kit, 100 Tests",Test kit,100.0,1.0,80.0,80.0,0.8,Inverness Japan,Yes,822,8664.89,0.17,
9566,116-ZA-T01,Pre-PQ Process,SCMS-16600,ASN-1520,South Africa,PMO - US,Direct Drop,DDP,,Pre-PQ Process,1/4/08,21-Jan-08,4-Jan-08,4-Jan-08,ARV,Pediatric,"JSI R&T INSTITUTE, INC.","Efavirenz 200mg [Stocrin/Sustiva], capsule, 90 Caps",Efavirenz,Stocrin/Sustiva,200mg,Capsule,90.0,100.0,3297.0,32.97,0.37,"MSD Midrand, J'burg, SA",No,Weight Captured Separately,Freight Included in Commodity Cost,5.28,,,,,,,,,,,,,,,,,,,,,,,,,,
20952,116-ZA-T30,FPQ-13973,SCMS-238556,ASN-31854,South Africa,PMO - US,Direct Drop,DDP,Truck,4/30/14,4/28/15,28-Apr-15,28-Apr-15,28-Apr-15,ARV,Adult,PHARMACY DIRECT,"Didanosine 400mg, delayed-release capsules, 30 Caps",Didanosine,Generic,400mg,Delayed-release capsules,30.0,4.0,78.7,19.68,0.66,"Aurobindo Unit III, India",Yes,Weight Captured Separately,Freight Included in Commodity Cost,0.08,,,,,,,,,,,,,,,,,,,,,,,,,,
84857,113-ZW-T30,FPQ-11545,SO-44350,DN-3337,Zimbabwe,PMO - US,From RDC,N/A - From RDC,Truck,1/24/13,N/A - From RDC,30-Sep-13,9-Oct-13,1-Nov-13,ARV,Adult,SCMS from RDC,"Nevirapine 200mg, tablets, 60 Tabs",Nevirapine,Generic,200mg,Tablet,60.0,131520.0,303811.2,2.31,0.04,Hetero Unit III Hyderabad IN,No,See DN-3337 (ID#:84290),See DN-3337 (ID#:84290),375.81,,,,,,,,,,,,,,,,,,,,,,,,,,
11383,,,,,Zambia,,,,,,N/A - From RDC,,,,,,SCMS from RDC,,Abacavir,Generic,300mg,,,,,,,,,,,,110-ZM-T01,SO-206,DN-69,PMO - US,From RDC,N/A - From RDC,,Pre-PQ Process,20-Apr-07,20-Apr-07,20-Apr-07,ARV,Adult,"Abacavir 300mg, tablets, 60 Tabs",Tablet,60.0,5000.0,177500.0,35.5,0.59,"Aurobindo Unit III, India",Yes,239,1684.15,,Pre-PQ Process
16693,,FPQ-7056,,,Kenya,,,,,,2/3/2011,,,,,,"Orgenics, Ltd",,"HIV 1/2, Determine Complete HIV Kit",Determine,,,,,,,,,,,,,102-KE-T30,SCMS-98350,ASN-10471,PMO - US,Direct Drop,FCA,Air,1/19/2011,17-May-11,17-May-11,17-May-11,HRDT,HIV test,"HIV 1/2, Determine Complete HIV Kit, 100 Tests",Test kit,100.0,12315.0,1096035.0,89.0,0.89,Inverness Japan,Yes,3637,38452.73,1808.46,
34184,,,,,Vietnam,,,,,,2/9/2011,,,,,,ABBVIE LOGISTICS (FORMERLY ABBOTT LOGISTICS BV),,Ritonavir,Norvir,100mg,,,,,,,,,,,,108-VN-T30,SCMS-98170,ASN-10617,PMO - US,Direct Drop,FCA,Air,1/17/2011,10-May-11,10-May-11,10-May-11,ARV,Adult,"Ritonavir 100mg [Norvir], capsules, cool, 4 x 84 Caps",Capsule,336.0,36.0,7434.36,206.51,0.61,ABBVIE (Abbott) Logis. UK,Yes,111,7300.68,12.27,FPQ-6818
50665,,FPQ-3967,,,Côte d'Ivoire,,,,,,9/11/2009,,,,,,ABBVIE LOGISTICS (FORMERLY ABBOTT LOGISTICS BV),,Lopinavir/Ritonavir,Aluvia,200/50mg,,,,,,,,,,,,104-CI-T30,SCMS-52640,ASN-5258,PMO - US,Direct Drop,FCA,Air,8/21/2009,6-Nov-09,6-Nov-09,6-Nov-09,ARV,Adult,"Lopinavir/Ritonavir 200/50mg [Aluvia], tablets, 120 Tabs",Tablet,120.0,10560.0,381849.6,36.16,0.3,ABBVIE Ludwigshafen Germany,Yes,2598,15873.33,748.43,
86050,104-CI-T30,FPQ-13509,SO-47560,DN-3555,Côte d'Ivoire,PMO - US,From RDC,N/A - From RDC,Truck,12/24/13,N/A - From RDC,27-Feb-14,18-Feb-14,3-Apr-14,ARV,Pediatric,SCMS from RDC,"Zidovudine 10mg/ml, oral solution w/syringe, Bottle, 240 ml",Zidovudine,Generic,10mg/ml,Oral solution,240.0,2907.0,6104.7,2.1,0.01,"Aurobindo Unit III, India",Yes,1122,5520.83,6.28,,,,,,,,,,,,,,,,,,,,,,,,,,
83227,,,,,Tanzania,,,,,,N/A - From RDC,,,,,,SCMS from RDC,,Lamivudine/Nevirapine/Zidovudine,Generic,30/50/60mg,,,,,,,,,,,,109-TZ-T30,SO-46670,DN-3592,PMO - US,From RDC,N/A - From RDC,Truck,10/1/2013,8-Apr-14,8-Apr-14,14-Apr-14,ARV,Pediatric,"Lamivudine/Nevirapine/Zidovudine 30/50/60mg, dispersible tablets, 60 Tabs",Chewable/dispersible tablet - FDC,60.0,102980.0,386175.0,3.75,0.06,Mylan (formerly Matrix) Nashik,Yes,5687,6010.2,477.7,FPQ-13042
10774,110-ZM-T01,Pre-PQ Process,SO-30300,DN-1250,Zambia,PMO - US,From RDC,N/A - From RDC,Truck,Pre-PQ Process,N/A - From RDC,15-Jun-09,15-Jun-09,15-Jun-09,ARV,Adult,SCMS from RDC,"Zidovudine 300mg, tablets, 60 Tabs",Zidovudine,Generic,300mg,Tablet,60.0,500.0,3855.0,7.71,0.13,"Aurobindo Unit III, India",Yes,10681,17384.76,7.56,,,,,,,,,,,,,,,,,,,,,,,,,,
64603,,FPQ-14100,,,"Congo, DRC",,,,,,5/20/2014,,,,,,"Orgenics, Ltd",,"HIV 1/2, Determine Complete HIV Kit",Determine,,,,,,,,,,,,,101-CD-T30,SCMS-239710,ASN-26736,PMO - US,Direct Drop,EXW,Air,4/23/2014,11-Aug-14,11-Aug-14,27-Aug-14,HRDT,HIV test,"HIV 1/2, Determine Complete HIV Kit, 100 Tests",Test kit,100.0,3125.0,250000.0,80.0,0.8,"Alere Medical Co., Ltd.",Yes,1581,40965.77,257.0,
84740,,FPQ-9888,,,Rwanda,,,,,,N/A - From RDC,,,,,,SCMS from RDC,,Abacavir,Generic,300mg,,,,,,,,,,,,107-RW-T30,SO-42134,DN-2797,PMO - US,From RDC,N/A - From RDC,Air,5/11/2012,31-Aug-12,23-Aug-12,23-Aug-12,ARV,Adult,"Abacavir 300mg, tablets, 60 Tabs",Tablet,60.0,6985.0,91852.75,13.15,0.22,"Aurobindo Unit III, India",Yes,718,12688.85,128.78,
83480,111-MZ-T30,FPQ-6981,SO-38360,DN-2096,Mozambique,PMO - US,From RDC,N/A - From RDC,Truck,1/6/11,N/A - From RDC,31-Mar-11,9-Mar-11,9-Mar-11,ARV,Pediatric,SCMS from RDC,"Zidovudine 10mg/ml, oral solution w/syringe, Bottle, 240 ml",Zidovudine,Generic,10mg/ml,Oral solution,240.0,4000.0,8400.0,2.1,0.01,"Aurobindo Unit III, India",Yes,1137,4711.97,13.86,,,,,,,,,,,,,,,,,,,,,,,,,,
76833,,,,,Tanzania,,,,,,1/27/2012,,,,,,"Orgenics, Ltd",,"HIV 1/2, Determine Complete HIV Kit",Determine,,,,,,,,,,,,,109-TZ-T30,SCMS-135870,ASN-13850,PMO - US,Direct Drop,EXW,Air,1/25/2012,7-Mar-12,7-Mar-12,7-Mar-12,HRDT,HIV test,"HIV 1/2, Determine Complete HIV Kit, 100 Tests",Test kit,100.0,2072.0,165760.0,80.0,0.8,"Alere Medical Co., Ltd.",Yes,989,17512.52,232.4,FPQ-9211
81854,161-ZA-T30,FPQ-6262,SCMS-84230,ASN-9509,South Africa,PMO - US,Direct Drop,DDP,Ocean,8/31/10,9/21/10,14-Feb-11,9-Mar-11,9-Mar-11,ARV,Adult,STRIDES ARCOLAB LIMITED,"Lamivudine 150mg, tablets, 60 Tabs",Lamivudine,Generic,150mg,Tablet,60.0,212409.0,524650.23,2.47,0.04,"Strides, Bangalore, India.",Yes,10302,13677.69,1131.15,,,,,,,,,,,,,,,,,,,,,,,,,,
33964,901-CM-T30,FPQ-12837,SCMS-204300,ASN-21698,Cameroon,PMO - US,Direct Drop,EXW,Air,8/19/13,8/23/13,18-Oct-13,18-Oct-13,18-Oct-13,ARV,Adult,Aurobindo Pharma Limited,"Zidovudine 300mg, tablets, 60 Tabs",Zidovudine,Generic,300mg,Tablet,60.0,16820.0,91332.6,5.43,0.09,"Aurobindo Unit III, India",Yes,2993,28620.2,112.98,,,,,,,,,,,,,,,,,,,,,,,,,,
5113,,,,,Rwanda,,,,,,7/15/2009,,,,,,HETERO LABS LIMITED,,Efavirenz,Generic,600mg,,,,,,,,,,,,107-RW-T01,SCMS-43900,ASN-4553,PMO - US,Direct Drop,CIP,Air,Pre-PQ Process,12-Aug-09,12-Aug-09,12-Aug-09,ARV,Adult,"Efavirenz 600mg, tablets, 30 Tabs",Tablet,30.0,28034.0,195677.32,6.98,0.23,Hetero Unit III Hyderabad IN,Yes,2268,19023.36,383.53,Pre-PQ Process
11097,,Pre-PQ Process,,,Nigeria,,,,,,N/A - From RDC,,,,,,SCMS from RDC,,Stavudine,Generic,30mg,,,,,,,,,,,,112-NG-T01,SO-340,DN-72,PMO - US,From RDC,N/A - From RDC,,Pre-PQ Process,17-Apr-07,17-Apr-07,17-Apr-07,ARV,Adult,"Stavudine 30mg, capsules, 60 Caps",Capsule,60.0,1260.0,2016.0,1.6,0.03,"Aurobindo Unit III, India",Yes,988,4251,,
21742,,FPQ-6501,,,Guyana,,,,,,10/27/2010,,,,,,"CHEMBIO DIAGNOSTIC SYSTEMS, INC.",,"HIV 1/2, Stat-Pak HIV, Kit",Stat-Pak,,,,,,,,,,,,,102-GY-T30,SCMS-89530,ASN-8827,PMO - US,Direct Drop,EXW,Air,10/8/2010,19-Nov-10,19-Nov-10,19-Nov-10,HRDT,HIV test,"HIV 1/2, Stat-Pak HIV, Kit, 20 Tests",Test kit,20.0,40.0,1080.0,27.0,1.35,Chembio Diagnostics Sys. Inc.,Yes,14,269.98,1.78,
17447,104-CI-T30,FPQ-12714,SCMS-204990,ASN-22828,Côte d'Ivoire,PMO - US,Direct Drop,FCA,Air,7/30/13,9/2/13,29-Nov-13,29-Nov-13,2-Dec-13,ARV,Pediatric,ABBVIE LOGISTICS (FORMERLY ABBOTT LOGISTICS BV),"Lopinavir/Ritonavir 100/25mg [Aluvia], tablets, 60 Tabs",Lopinavir/Ritonavir,Generic,100/25mg,Tablet,60.0,7850.0,46629.0,5.94,0.1,ABBVIE Ludwigshafen Germany,Yes,909,6020.53,57.68,,,,,,,,,,,,,,,,,,,,,,,,,,
3375,104-CI-T01,Pre-PQ Process,SCMS-29340,ASN-2921,Côte d'Ivoire,PMO - US,Direct Drop,EXW,Air,Pre-PQ Process,9/3/08,23-Jan-09,23-Jan-09,23-Jan-09,ACT,ACT,IDA FOUNDATION,"Artesunate+Amodiaquine 50+153mg, tablets, co-blister 6+6 Tabs",Artesunate+Amodiaquine,Generic,50+153mg,Tablet - FDC + co-blister,12.0,50000.0,19500.0,0.39,0.03,Ipca Dadra/Nagar Haveli IN,No,See ASN-2921 (ID#:719),See ASN-2921 (ID#:719),38.22,,,,,,,,,,,,,,,,,,,,,,,,,,
9750,,,,,Vietnam,,,,,,5/13/2008,,,,,,MYLAN LABORATORIES LTD (FORMERLY MATRIX LABORATORIES),,Efavirenz,Generic,600mg,,,,,,,,,,,,108-VN-T01,SCMS-23440,ASN-2335,PMO - US,Direct Drop,EXW,Air,Pre-PQ Process,20-Sep-08,20-Sep-08,20-Sep-08,ARV,Adult,"Efavirenz 600mg, tablets, 30 Tabs",Tablet,30.0,5040.0,51609.6,10.24,0.34,Mylan (formerly Matrix) Nashik,No,See ASN-2335 (ID#:5796),See ASN-2335 (ID#:5796),82.58,Pre-PQ Process
11079,,,,,Nigeria,,,,,,N/A - From RDC,,,,,,SCMS from RDC,,Emtricitabine/Tenofovir Disoproxil Fumarate,Generic,200/300mg,,,,,,,,,,,,151-NG-T30,SO-35330,DN-1615,PMO - US,From RDC,N/A - From RDC,Air,Date Not Captured,19-Feb-10,22-Jan-10,22-Jan-10,ARV,Adult,"Emtricitabine/Tenofovir Disoproxil Fumarate 200/300mg, tablets, 30 Tabs",Tablet - FDC,30.0,5.0,58.75,11.75,0.39,Mylan (formerly Matrix) Nashik,Yes,1,19480.97,0.13,Pre-PQ Process
30226,,FPQ-9955,,,Mozambique,,,,,,6/13/2012,,,,,,"Orgenics, Ltd",,"HIV 1/2, Determine Complete HIV Kit",Determine,,,,,,,,,,,,,111-MZ-T30,SCMS-148180,ASN-16096,PMO - US,Direct Drop,EXW,Air,5/28/2012,4-Sep-12,4-Sep-12,4-Sep-12,HRDT,HIV test,"HIV 1/2, Determine Complete HIV Kit, 100 Tests",Test kit,100.0,5500.0,440000.0,80.0,0.8,"Alere Medical Co., Ltd.",Yes,14938,43304.68,616.88,
4333,119-NA-T01,Pre-PQ Process,SCMS-19130,ASN-1787,Namibia,PMO - US,Direct Drop,EXW,Air,Pre-PQ Process,3/18/08,4-Jun-08,4-Jun-08,4-Jun-08,HRDT,HIV test - Ancillary,"Orgenics, Ltd","HIV, Lancet, Safety, for HIV Test kits, 100 Pcs","HIV, Lancet, Safety, for HIV Test kits, 100 Pcs",Generic,,Test kit - Ancillary,100.0,142.0,1.42,0.01,0.0,Inverness Japan,Yes,Weight Captured Separately,Invoiced Separately,0.0,,,,,,,,,,,,,,,,,,,,,,,,,,
36147,,,,,Vietnam,,,,,,2/17/2015,,,,,,HETERO LABS LIMITED,,Nevirapine,Generic,200mg,,,,,,,,,,,,108-VN-T30,SCMS-274370,ASN-32258,PMO - US,Direct Drop,EXW,Air,1/28/2015,13-Jul-15,13-Jul-15,14-Jul-15,ARV,Adult,"Nevirapine 200mg, tablets, 60 Tabs",Tablet,60.0,10000.0,21600.0,2.16,0.04,Hetero Unit III Hyderabad IN,No,See ASN-32258 (ID#:29880),See ASN-32258 (ID#:29880),25.42,FPQ-15692
50910,,FPQ-15038,,,Haiti,,,,,,1/7/2015,,,,,,HETERO LABS LIMITED,,Lamivudine/Zidovudine,Generic,150/300mg,,,,,,,,,,,,106-HT-T30,SCMS-262980,ASN-30463,PMO - US,Direct Drop,EXW,Ocean,10/22/2014,9-Apr-15,9-Apr-15,13-Apr-15,ARV,Adult,"Lamivudine/Zidovudine 150/300mg, tablets, 60 Tabs",Tablet - FDC,60.0,31806.0,210237.66,6.61,0.11,Hetero Unit III Hyderabad IN,No,See ASN-30463 (ID#:15460),See ASN-30463 (ID#:15460),216.12,
82860,,FPQ-4694,,,Zimbabwe,,,,,,N/A - From RDC,,,,,,SCMS from RDC,,Lamivudine/Zidovudine,Generic,150/300mg,,,,,,,,,,,,113-ZW-T30,SO-35390,DN-1659,PMO - US,From RDC,N/A - From RDC,Truck,12/8/2009,31-Mar-10,12-Mar-10,12-Mar-10,ARV,Adult,"Lamivudine/Zidovudine 150/300mg, tablets, 60 Tabs",Tablet - FDC,60.0,560.0,4905.6,8.76,0.15,"Aurobindo Unit III, India",No,See DN-1659 (ID#:82859),See DN-1659 (ID#:82859),10.58,
11750,,,,,Zambia,,,,,,N/A - From RDC,,,,,,SCMS from RDC,,"HIV 1/2, Uni-Gold HIV Kit",Uni-Gold,,,,,,,,,,,,,110-ZM-T01,SO-538,DN-254,PMO - US,From RDC,N/A - From RDC,,Pre-PQ Process,27-Jul-07,27-Jul-07,27-Jul-07,HRDT,HIV test,"HIV 1/2, Uni-Gold HIV Kit, 20 Tests",Test kit,20.0,2453.0,78496.0,32.0,1.6,"Trinity Biotech, Plc",Yes,821,5234.8,125.59,Pre-PQ Process
84273,,,,,Zimbabwe,,,,,,N/A - From RDC,,,,,,SCMS from RDC,,Efavirenz,Generic,600mg,,,,,,,,,,,,113-ZW-T30,SO-43570,DN-3212,PMO - US,From RDC,N/A - From RDC,Truck,10/25/2012,31-Jul-13,6-Aug-13,6-Aug-13,ARV,Adult,"Efavirenz 600mg, tablets, 30 Tabs",Tablet,30.0,4800.0,15984.0,3.33,0.11,"Hetero, Jadcherla, unit 5, IN",Yes,396,11133.66,19.77,FPQ-10895
83861,111-MZ-T30,FPQ-14226,SO-48880,DN-4032,Mozambique,PMO - US,From RDC,N/A - From RDC,Truck,5/2/14,N/A - From RDC,2-Mar-15,2-Mar-15,9-Mar-15,ARV,Adult,SCMS from RDC,"Abacavir 300mg, tablets, 60 Tabs",Abacavir,Generic,300mg,Tablet,60.0,7700.0,86471.0,11.23,0.19,Mylan (formerly Matrix) Nashik,No,See DN-4032 (ID#:82757),See DN-4032 (ID#:82757),88.89,,,,,,,,,,,,,,,,,,,,,,,,,,
84230,,,,,Zimbabwe,,,,,,N/A - From RDC,,,,,,SCMS from RDC,,Efavirenz/Lamivudine/Tenofovir Disoproxil Fumarate,Generic,600/300/300mg,,,,,,,,,,,,113-ZW-T30,SO-43580,DN-3033,PMO - US,From RDC,N/A - From RDC,Truck,10/25/2012,31-Mar-13,14-Mar-13,14-Mar-13,ARV,Adult,"Efavirenz/Lamivudine/Tenofovir Disoproxil Fumarate 600/300/300mg, tablets, 30 Tabs",Tablet - FDC,30.0,20160.0,244137.6,12.11,0.4,Mylan (formerly Matrix) Nashik,No,See DN-3033 (ID#:83658),See DN-3033 (ID#:83658),302.0,FPQ-10895
85804,,FPQ-7767,,,Zambia,,,,,,N/A - From RDC,,,,,,SCMS from RDC,,Efavirenz,Generic,600mg,,,,,,,,,,,,110-ZM-T30,SO-40250,DN-2430,PMO - US,From RDC,N/A - From RDC,Truck,7/26/2011,24-Jan-12,28-Nov-11,28-Nov-11,ARV,Adult,"Efavirenz 600mg, tablets, 30 Tabs",Tablet,30.0,230000.0,970600.0,4.22,0.14,Mylan (formerly Matrix) Nashik,Yes,18968,22168.18,1601.49,
66030,161-ZA-T30,FPQ-5648,SCMS-75480,ASN-8649,South Africa,PMO - US,Direct Drop,DDP,Air,6/2/10,6/17/10,13-Dec-10,8-Dec-10,8-Dec-10,ARV,Pediatric,Aurobindo Pharma Limited,"Nevirapine 10mg/ml, oral suspension w/syringe, Bottle, 240 ml",Nevirapine,Generic,10mg/ml,Oral suspension,240.0,19060.0,60039.0,3.15,0.01,"Aurobindo Unit III, India",Yes,7353,4876.34,129.44,,,,,,,,,,,,,,,,,,,,,,,,,,
65978,,,,,Vietnam,,,,,,2/9/2011,,,,,,STRIDES ARCOLAB LIMITED,,Lamivudine/Nevirapine/Stavudine,Generic,150/200/30mg,,,,,,,,,,,,108-VN-T30,SCMS-97820,ASN-10345,PMO - US,Direct Drop,EXW,Air,1/17/2011,13-Apr-11,13-Apr-11,13-Apr-11,ARV,Adult,"Lamivudine/Nevirapine/Stavudine 150/200/30mg, tablets, 60 Tabs",Tablet - FDC,60.0,9377.0,50542.03,5.39,0.09,"Strides, Bangalore, India.",Yes,692,8494.45,83.39,FPQ-6818
2430,,,,,South Africa,,,,,,Date Not Captured,,,,,,S. BUYS WHOLESALER,,Nevirapine,Generic,200mg,,,,,,,,,,,,116-ZA-T01,SCMS-40790,ASN-3575,PMO - US,Direct Drop,DDP,Air,Pre-PQ Process,24-Mar-09,1-Dec-08,1-Dec-08,ARV,Adult,"Nevirapine 200mg, tablets, 60 Tabs",Tablet,60.0,5017.0,24583.3,4.9,0.08,"Aurobindo Unit III, India",Yes,Weight Captured Separately,Freight Included in Commodity Cost,48.18,Pre-PQ Process
82468,,FPQ-9229,,,Burundi,,,,,,N/A - From RDC,,,,,,SCMS from RDC,,Abacavir,Generic,300mg,,,,,,,,,,,,102-BI-T30,SO-41532,DN-2637,PMO - US,From RDC,N/A - From RDC,Air,1/25/2012,26-Apr-12,30-Apr-12,30-Apr-12,ARV,Adult,"Abacavir 300mg, tablets, 60 Tabs",Tablet,60.0,350.0,4602.5,13.15,0.22,Mylan (formerly Matrix) Nashik,Yes,36,1188.75,6.45,
86090,,,,,Uganda,,,,,,N/A - From RDC,,,,,,SCMS from RDC,,Lamivudine/Nevirapine/Zidovudine,Generic,150/300/200mg,,,,,,,,,,,,114-UG-T30,SO-46875,DN-3732,PMO - US,From RDC,N/A - From RDC,Truck,10/16/2013,30-Jun-14,30-Jun-14,1-Jul-14,ARV,Adult,"Lamivudine/Nevirapine/Zidovudine 150/200/300mg, tablets, 60 Tabs",Tablet - FDC,60.0,30.0,243.3,8.11,0.14,"Cipla, Goa, India",No,See DN-3732 (ID#:82680),See DN-3732 (ID#:82680),0.25,FPQ-13108
86408,,,,,Uganda,,,,,,N/A - From RDC,,,,,,SCMS from RDC,,Efavirenz/Emtricitabine/Tenofovir Disoproxil Fumarate,Generic,600/200/300mg,,,,,,,,,,,,114-UG-T30,SO-39070,DN-2333,PMO - US,From RDC,N/A - From RDC,Truck,3/4/2011,20-Sep-11,6-Sep-11,6-Sep-11,ARV,Adult,"Efavirenz/Emtricitabine/Tenofovir Disoproxil Fumarate 600/200/300mg, tablets, 30 Tabs",Tablet - FDC,30.0,3360.0,66931.2,19.92,0.66,Mylan (formerly Matrix) Nashik,Yes,617,2886.92,110.44,FPQ-7267
86402,,FPQ-7866,,,Ghana,,,,,,N/A - From RDC,,,,,,SCMS from RDC,,Nevirapine,Generic,200mg,,,,,,,,,,,,900-GH-T30,SO-40000,DN-2320,PMO - US,From RDC,N/A - From RDC,Air,6/13/2011,14-Nov-11,14-Nov-11,14-Nov-11,ARV,Adult,"Nevirapine 200mg, tablets, 60 Tabs",Tablet,60.0,45084.0,113160.84,2.51,0.04,Hetero Unit III Hyderabad IN,No,See DN-2320 (ID#:83523),See DN-2320 (ID#:83523),186.72,
85747,,,,,Uganda,,,,,,N/A - From RDC,,,,,,SCMS from RDC,,Zidovudine,Generic,300mg,,,,,,,,,,,,114-UG-T30,SO-38880,DN-2133,PMO - US,From RDC,N/A - From RDC,Air,2/11/2011,11-Mar-11,22-Mar-11,22-Mar-11,ARV,Adult,"Zidovudine 300mg, tablets, 60 Tabs",Tablet,60.0,10000.0,72100.0,7.21,0.12,"Aurobindo Unit III, India",Yes,1108,10648.62,118.96,FPQ-7166
65978,108-VN-T30,FPQ-6818,SCMS-97820,ASN-10345,Vietnam,PMO - US,Direct Drop,EXW,Air,1/17/11,2/9/11,13-Apr-11,13-Apr-11,13-Apr-11,ARV,Adult,STRIDES ARCOLAB LIMITED,"Lamivudine/Nevirapine/Stavudine 150/200/30mg, tablets, 60 Tabs",Lamivudine/Nevirapine/Stavudine,Generic,150/200/30mg,Tablet - FDC,60.0,9377.0,50542.03,5.39,0.09,"Strides, Bangalore, India.",Yes,692,8494.45,83.39,,,,,,,,,,,,,,,,,,,,,,,,,,
59704,,,,,South Africa,,,,,,12/14/2010,,,,,,Aurobindo Pharma Limited,,Nevirapine,Generic,10mg/ml,,,,,,,,,,,,161-ZA-T30,SCMS-93500,ASN-9932,PMO - US,Direct Drop,DDP,Ocean,11/26/2010,4-Apr-11,4-Apr-11,4-Apr-11,ARV,Pediatric,"Nevirapine 10mg/ml, oral suspension w/syringe, Bottle, 240 ml",Oral suspension,240.0,5590.0,11850.8,2.12,0.01,"Aurobindo Unit III, India",Yes,2068,3961.69,19.55,FPQ-6708
84979,,,,,Mozambique,,,,,,N/A - From RDC,,,,,,SCMS from RDC,,Abacavir,Generic,300mg,,,,,,,,,,,,111-MZ-T30,SO-47700,DN-3939,PMO - US,From RDC,N/A - From RDC,Truck,1/17/2014,31-Oct-14,30-Oct-14,13-Nov-14,ARV,Adult,"Abacavir 300mg, tablets, 60 Tabs",Tablet,60.0,7977.0,90618.72,11.36,0.19,"Aurobindo Unit III, India",No,See DN-3939 (ID#:82732),See DN-3939 (ID#:82732),93.16,FPQ-13575
14023,,,,,South Africa,,,,,,10/15/2009,,,,,,S. BUYS WHOLESALER,,Efavirenz,Generic,200mg,,,,,,,,,,,,116-ZA-T30,SCMS-54980,ASN-5373,PMO - US,Direct Drop,DDP,Truck,10/8/2009,19-Oct-09,19-Oct-09,19-Oct-09,ARV,Pediatric,"Efavirenz 200mg, capsule, 90 Caps",Capsule,90.0,100.0,3297.8,32.98,0.37,"Aurobindo Unit III, India",Yes,Weight Captured Separately,Freight Included in Commodity Cost,6.46,FPQ-4359
82513,,,,,Côte d'Ivoire,,,,,,N/A - From RDC,,,,,,SCMS from RDC,,Efavirenz,Generic,600mg,,,,,,,,,,,,104-CI-T30,SO-42380,DN-2861,PMO - US,From RDC,N/A - From RDC,Truck,4/19/2012,29-Oct-12,1-Oct-12,1-Oct-12,ARV,Adult,"Efavirenz 600mg, tablets, 30 Tabs",Tablet,30.0,2000.0,7620.0,3.81,0.13,"Strides, Bangalore, India.",Yes,4026,15677.98,10.68,FPQ-9749
2960,,,,,Haiti,,,,,,Date Not Captured,,,,,,"Trinity Biotech, Plc",,"HIV 1/2, Capillus HIV Kit",Capillus,,,,,,,,,,,,,100-HT-T01,SCMS-15460,ASN-2258,PMO - US,Direct Drop,EXW,Air,Pre-PQ Process,22-Aug-08,22-Aug-08,22-Aug-08,HRDT,HIV test,"HIV 1/2, Capillus HIV Kit, 100 Tests",Test kit,100.0,2.0,278.0,139.0,1.39,"Trinity Biotech, Plc",Yes,Weight Captured Separately,Invoiced Separately,0.44,Pre-PQ Process
80114,,FPQ-4692,,,Zambia,,,,,,12/22/2009,,,,,,"Trinity Biotech, Plc",,"HIV 1/2, Uni-Gold HIV Kit",Uni-Gold,,,,,,,,,,,,,110-ZM-T30,SCMS-60730,ASN-6357,PMO - US,Direct Drop,EXW,Air,12/16/2009,29-Mar-10,29-Mar-10,29-Mar-10,HRDT,HIV test,"HIV 1/2, Uni-Gold HIV Kit, 20 Tests",Test kit,20.0,7200.0,230400.0,32.0,1.6,"Trinity Biotech, Plc",Yes,2521,22460.87,496.74,
10351,,Pre-PQ Process,,,South Africa,,,,,,3/13/2009,,,,,,S. BUYS WHOLESALER,,Lamivudine,Generic,10mg/ml,,,,,,,,,,,,116-ZA-T01,SCMS-50670,ASN-4609,PMO - US,Direct Drop,DDP,Air,Pre-PQ Process,17-Jun-09,17-Jun-09,17-Jun-09,ARV,Pediatric,"Lamivudine 10mg/ml, oral solution, Bottle, 240 ml",Oral solution,240.0,1000.0,3550.0,3.55,0.01,"Aurobindo Unit III, India",Yes,Weight Captured Separately,Freight Included in Commodity Cost,6.96,
10647,100-ZW-T01,Pre-PQ Process,SO-708,DN-479,Zimbabwe,PMO - US,From RDC,N/A - From RDC,Air,Pre-PQ Process,N/A - From RDC,5-Feb-08,5-Feb-08,5-Feb-08,ARV,Adult,SCMS from RDC,"Efavirenz 600mg, tablets, 30 Tabs",Efavirenz,Generic,600mg,Tablet,30.0,1860.0,23101.2,12.42,0.41,"Cipla, Goa, India",Yes,2425,13356.65,36.96,,,,,,,,,,,,,,,,,,,,,,,,,,
7921,,Pre-PQ Process,,,Vietnam,,,,,,Date Not Captured,,,,,,Hoffmann-La Roche ltd Basel,,Nelfinavir (as mesilate),Viracept,250mg,,,,,,,,,,,,108-VN-T01,SCMS-19,ASN-13,PMO - US,Direct Drop,EXW,Air,Pre-PQ Process,3-Sep-06,3-Sep-06,3-Sep-06,ARV,Adult,"Nelfinavir (as mesilate) 250mg [Viracept], tablets, 270 Tabs",Tablet,270.0,1000.0,164620.0,164.62,0.61,Roche Madrid,Yes,254,7828.28,,
85244,,,,,Burundi,,,,,,N/A - From RDC,,,,,,SCMS from RDC,,Lopinavir/Ritonavir,Aluvia,200/50mg,,,,,,,,,,,,102-BI-T30,SO-41530,DN-2594,PMO - US,From RDC,N/A - From RDC,Air,1/25/2012,26-Apr-12,4-May-12,4-May-12,ARV,Adult,"Lopinavir/Ritonavir 200/50mg [Aluvia], tablets, 120 Tabs",Tablet,120.0,240.0,8097.6,33.74,0.28,ABBVIE Ludwigshafen Germany,No,See DN-2594 (ID#:83021),See DN-2594 (ID#:83021),11.35,FPQ-9229
86358,,,,,Côte d'Ivoire,,,,,,N/A - From RDC,,,,,,SCMS from RDC,,Zidovudine,Generic,300mg,,,,,,,,,,,,104-CI-T30,SO-38130,DN-2076,PMO - US,From RDC,N/A - From RDC,Air,8/3/2010,15-Dec-10,15-Dec-10,15-Dec-10,ARV,Adult,"Zidovudine 300mg, tablets, 60 Tabs",Tablet,60.0,6438.0,46417.98,7.21,0.12,"Aurobindo Unit III, India",No,See DN-2076 (ID#:85168),See DN-2076 (ID#:85168),100.08,FPQ-6144
85833,151-NG-T30,FPQ-8364,SO-40664,DN-2560,Nigeria,PMO - US,From RDC,N/A - From RDC,Air Charter,8/29/11,N/A - From RDC,16-Mar-12,16-Feb-12,16-Feb-12,ARV,Adult,SCMS from RDC,"Lamivudine/Nevirapine/Zidovudine 150/200/300mg, tablets, 60 Tabs",Lamivudine/Nevirapine/Zidovudine,Generic,150/300/200mg,Tablet - FDC,60.0,240976.0,2703750.72,11.22,0.19,"Aurobindo Unit III, India",Yes,30789,25231.96,4461.19,,,,,,,,,,,,,,,,,,,,,,,,,,
85193,,,,,Ghana,,,,,,N/A - From RDC,,,,,,SCMS from RDC,,Tenofovir Disoproxil Fumarate,Generic,300mg,,,,,,,,,,,,100-GH-T30,SO-39950,DN-2274,PMO - US,From RDC,N/A - From RDC,Air,6/6/2011,4-Jul-11,20-Jul-11,20-Jul-11,ARV,Adult,"Tenofovir Disoproxil Fumarate 300mg, tablets, 30 Tabs",Tablet,30.0,10914.0,70067.88,6.42,0.21,Mylan (formerly Matrix) Nashik,Yes,611,226.25,115.61,FPQ-7799
69667,116-ZA-T30,FPQ-13035,SCMS-215370,ASN-24415,South Africa,PMO - US,Direct Drop,DDP,Truck,10/8/13,12/2/13,6-Feb-14,6-Feb-14,6-Feb-14,ARV,Adult,S. BUYS WHOLESALER,"Tenofovir Disoproxil Fumarate 300mg, tablets, 30 Tabs",Tenofovir Disoproxil Fumarate,Generic,300mg,Tablet,30.0,141.0,2682.45,19.02,0.63,"Aurobindo Unit III, India",No,Weight Captured Separately,Freight Included in Commodity Cost,3.32,,,,,,,,,,,,,,,,,,,,,,,,,,
86451,,FPQ-9056,,,Haiti,,,,,,N/A - From RDC,,,,,,SCMS from RDC,,Lamivudine/Stavudine,Generic,150/30mg,,,,,,,,,,,,106-HT-T30,SO-41320,DN-2521,PMO - US,From RDC,N/A - From RDC,Air,12/20/2011,30-Mar-12,13-Feb-12,13-Feb-12,ARV,Adult,"Lamivudine/Stavudine 150/30mg, tablets, 60 Tabs",Tablet - FDC,60.0,432.0,1274.4,2.95,0.05,"Strides, Bangalore, India.",No,See DN-2521 (ID#:84704),See DN-2521 (ID#:84704),1.79,
33077,161-ZA-T30,FPQ-6262,SCMS-83720,ASN-9714,South Africa,PMO - US,Direct Drop,DDP,Air,8/31/10,9/24/10,23-Mar-11,23-Mar-11,23-Mar-11,ARV,Adult,Aurobindo Pharma Limited,"Abacavir 300mg, tablets, 60 Tabs",Abacavir,Generic,300mg,Tablet,60.0,7600.0,121448.0,15.98,0.27,"Aurobindo Unit III, India",Yes,782,2534.68,261.84,,,,,,,,,,,,,,,,,,,,,,,,,,
83587,102-BI-T30,FPQ-9229,SO-41531,DN-2636,Burundi,PMO - US,From RDC,N/A - From RDC,Air,1/25/12,N/A - From RDC,26-Apr-12,4-May-12,4-May-12,ARV,Adult,SCMS from RDC,"Lamivudine/Zidovudine 150/300mg, tablets, 60 Tabs",Lamivudine/Zidovudine,Generic,150/300mg,Tablet - FDC,60.0,1728.0,13824.0,8.0,0.13,Hetero Unit III Hyderabad IN,Yes,Weight Captured Separately,Invoiced Separately,19.38,,,,,,,,,,,,,,,,,,,,,,,,,,
41784,,FPQ-11828,,,South Africa,,,,,,Date Not Captured,,,,,,S. BUYS WHOLESALER,,Lamivudine/Zidovudine,Combivir,150/300mg,,,,,,,,,,,,116-ZA-T30,SCMS-183950,ASN-19166,South Africa Field Office,Direct Drop,DDP,Truck,3/18/2013,16-Apr-13,16-Apr-13,16-Apr-13,ARV,Adult,"Lamivudine/Zidovudine 150/300mg [Combivir], tablets, 60 Tabs",Tablet - FDC,60.0,7.0,117.6,16.8,0.28,"GSK, U1, Poznan, Poland",No,Weight Captured Separately,Freight Included in Commodity Cost,0.15,
40963,,,,,Nigeria,,,,,,10/29/2014,,,,,,"Orgenics, Ltd",,"HIV 1/2, Determine Complete HIV Kit",Determine,,,,,,,,,,,,,133-NG-T30,SCMS-260700,ASN-29934,PMO - US,Direct Drop,EXW,Air,9/22/2014,19-Jan-15,16-Jan-15,22-Jan-15,HRDT,HIV test,"HIV 1/2, Determine Complete HIV Kit, 100 Tests",Test kit,100.0,6170.0,549130.0,89.0,0.89,"Alere Medical Co., Ltd.",Yes,2498,30648.28,564.51,FPQ-14995
54744,108-VN-T30,FPQ-12051,SCMS-188680,ASN-20555,Vietnam,PMO - US,Direct Drop,EXW,Air,5/3/13,5/17/13,3-Sep-13,3-Sep-13,3-Sep-13,ARV,Adult,Aurobindo Pharma Limited,"Nevirapine 200mg, tablets, 60 Tabs",Nevirapine,Generic,200mg,Tablet,60.0,4000.0,9000.0,2.25,0.04,"Aurobindo Unit III, India",No,See ASN-20555 (ID#:25809),See ASN-20555 (ID#:25809),11.13,,,,,,,,,,,,,,,,,,,,,,,,,,
10585,104-CI-T01,Pre-PQ Process,SO-590,DN-220,Côte d'Ivoire,PMO - US,From RDC,N/A - From RDC,,Pre-PQ Process,N/A - From RDC,18-Jul-07,18-Jul-07,18-Jul-07,ARV,Pediatric,SCMS from RDC,"Efavirenz 50mg [Stocrin/Sustiva], capsule, 30 Caps",Efavirenz,Stocrin/Sustiva,50mg,Capsule,30.0,5000.0,17350.0,3.47,0.12,"MSD, Haarlem, NL",Yes,263,1699,27.76,,,,,,,,,,,,,,,,,,,,,,,,,,
40680,,FPQ-12806,,,Côte d'Ivoire,,,,,,9/17/2013,,,,,,Aurobindo Pharma Limited,,Nevirapine,Generic,50mg,,,,,,,,,,,,104-CI-T30,SCMS-206570,ASN-24432,PMO - US,Direct Drop,EXW,Air,8/9/2013,27-Feb-14,27-Feb-14,26-Mar-14,ARV,Pediatric,"Nevirapine 50mg, dispersible tablets (tablets for oral suspension), 30 Tabs",Chewable/dispersible tablet,30.0,7000.0,8750.0,1.25,0.04,"Aurobindo Unit III, India",Yes,480,5325.3,10.82,
85429,,FPQ-12800,,,Côte d'Ivoire,,,,,,N/A - From RDC,,,,,,SCMS from RDC,,Lamivudine/Tenofovir Disoproxil Fumarate,Generic,300/300mg,,,,,,,,,,,,104-CI-T30,SO-46342,DN-3471,PMO - US,From RDC,N/A - From RDC,Air,8/9/2013,17-Jan-14,17-Jan-14,23-Jan-14,ARV,Adult,"Lamivudine/Tenofovir Disoproxil Fumarate 300/300mg, tablets, 30 Tabs",Tablet - FDC,30.0,9744.0,45796.8,4.7,0.16,"Cipla, Kurkumbh, India",Yes,989,12924.8,56.65,
12225,,Pre-PQ Process,,,Zambia,,,,,,N/A - From RDC,,,,,,SCMS from RDC,,Nevirapine,Generic,200mg,,,,,,,,,,,,110-ZM-T01,SO-2476,DN-864,PMO - US,From RDC,N/A - From RDC,Air,Pre-PQ Process,27-Aug-08,27-Aug-08,27-Aug-08,ARV,Adult,"Nevirapine 200mg, tablets, 60 Tabs",Tablet,60.0,39068.0,132831.2,3.4,0.06,Hetero Unit III Hyderabad IN,Yes,4510,3540.35,212.53,
69208,,,,,Haiti,,,,,,5/25/2010,,,,,,MERCK SHARP & DOHME IDEA GMBH (FORMALLY MERCK SHARP & DOHME B.V.),,Efavirenz,Stocrin/Sustiva,30mg/ml,,,,,,,,,,,,106-HT-T30,SCMS-74050,ASN-7805,PMO - US,Direct Drop,CIP,Air,5/4/2010,30-Aug-10,30-Aug-10,30-Aug-10,ARV,Pediatric,"Efavirenz 30mg/ml [Stocrin/Sustiva], oral solution, Bottle, 180 ml",Oral solution,180.0,342.0,5800.32,16.96,0.09,"MSD, Haarlem, NL",Yes,109,290,12.51,FPQ-5526
10578,,Pre-PQ Process,,,Zimbabwe,,,,,,N/A - From RDC,,,,,,SCMS from RDC,,Lamivudine/Nevirapine/Stavudine,Generic,150/200/30mg,,,,,,,,,,,,100-ZW-T01,SO-702,DN-212,PMO - US,From RDC,N/A - From RDC,Truck,Pre-PQ Process,4-Jul-07,4-Jul-07,4-Jul-07,ARV,Adult,"Lamivudine/Nevirapine/Stavudine 150/200/30mg, tablets, 60 Tabs",Tablet - FDC,60.0,8694.0,64335.6,7.4,0.12,"Cipla, Goa, India",Yes,819,3135,102.94,
84785,,FPQ-11143,,,Uganda,,,,,,N/A - From RDC,,,,,,SCMS from RDC,,Lopinavir/Ritonavir,Generic,200/50mg,,,,,,,,,,,,114-UG-T30,SO-43961,DN-3001,PMO - US,From RDC,N/A - From RDC,Air,12/13/2012,22-Feb-13,20-Feb-13,20-Feb-13,ARV,Adult,"Lopinavir/Ritonavir 200/50mg, tablets, 120 Tabs",Tablet,120.0,12440.0,308014.4,24.76,0.21,"Aurobindo Unit III, India",No,See DN-3001 (ID#:83651),See DN-3001 (ID#:83651),381.01,
85771,,,,,Ghana,,,,,,N/A - From RDC,,,,,,SCMS from RDC,,Nevirapine,Generic,200mg,,,,,,,,,,,,100-GH-T30,SO-39930,DN-2260,PMO - US,From RDC,N/A - From RDC,Air,6/6/2011,4-Jul-11,20-Jul-11,20-Jul-11,ARV,Adult,"Nevirapine 200mg, tablets, 60 Tabs",Tablet,60.0,25509.0,64027.59,2.51,0.04,Hetero Unit III Hyderabad IN,Yes,2216,226.25,105.65,FPQ-7799
77926,,FPQ-13214,,,South Africa,,,,,,12/2/2013,,,,,,S. BUYS WHOLESALER,,Efavirenz,Generic,50mg,,,,,,,,,,,,116-ZA-T30,SCMS-215410,ASN-23875,PMO - US,Direct Drop,DDP,Truck,11/14/2013,13-Jan-14,13-Jan-14,13-Jan-14,ARV,Pediatric,"Efavirenz 50mg, capsule, 30 Caps",Capsule,30.0,28.0,78.79,2.81,0.09,"Aurobindo Unit III, India",No,Weight Captured Separately,Freight Included in Commodity Cost,0.08,
62948,,FPQ-15692,,,Vietnam,,,,,,2/17/2015,,,,,,MYLAN LABORATORIES LTD (FORMERLY MATRIX LABORATORIES),,Lamivudine/Nevirapine/Zidovudine,Generic,150/300/200mg,,,,,,,,,,,,108-VN-T30,SCMS-274350,ASN-32777,PMO - US,Direct Drop,EXW,Air,1/28/2015,27-Jul-15,27-Jul-15,27-Jul-15,ARV,Adult,"Lamivudine/Nevirapine/Zidovudine 150/200/300mg, tablets, 60 Tabs",Tablet - FDC,60.0,14663.0,118770.3,8.1,0.13,Mylan (formerly Matrix) Nashik,Yes,Weight Captured Separately,Invoiced Separately,139.79,
2661,,,,,Nigeria,,,,,,Date Not Captured,,,,,,Aurobindo Pharma Limited,,Lamivudine,Generic,10mg/ml,,,,,,,,,,,,112-NG-T01,SCMS-87,ASN-57,PMO - US,Direct Drop,EXW,Air,Pre-PQ Process,28-Sep-06,28-Sep-06,28-Sep-06,ARV,Pediatric,"Lamivudine 10mg/ml, oral solution, Bottle, 240 ml",Oral solution,240.0,416.0,1809.6,4.35,0.02,"Aurobindo Unit III, India",No,See ASN-57 (ID#:23),See ASN-57 (ID#:23),,Pre-PQ Process
12215,,Pre-PQ Process,,,Côte d'Ivoire,,,,,,N/A - From RDC,,,,,,SCMS from RDC,,Lamivudine/Nevirapine/Zidovudine,Generic,150/300/200mg,,,,,,,,,,,,104-CI-T01,SO-16210,DN-1047,PMO - US,From RDC,N/A - From RDC,Air,Pre-PQ Process,19-Jan-09,19-Jan-09,19-Jan-09,ARV,Adult,"Lamivudine/Nevirapine/Zidovudine 150/200/300mg, tablets, 60 Tabs",Tablet - FDC,60.0,10000.0,118000.0,11.8,0.2,"Aurobindo Unit III, India",Yes,1456,5048.32,231.28,
84825,104-CI-T30,FPQ-10633,SO-43310,DN-3200,Côte d'Ivoire,PMO - US,From RDC,N/A - From RDC,Truck,9/11/12,N/A - From RDC,6-Jul-13,19-Jul-13,19-Jul-13,ARV,Adult,SCMS from RDC,"Efavirenz/Lamivudine/Tenofovir Disoproxil Fumarate 600/300/300mg, tablets, 30 Tabs",Efavirenz/Lamivudine/Tenofovir Disoproxil Fumarate,Generic,600/300/300mg,Tablet - FDC,30.0,46600.0,490232.0,10.52,0.35,Hetero Unit III Hyderabad IN,Yes,6107,23753.64,687.31,,,,,,,,,,,,,,,,,,,,,,,,,,
1067,116-ZA-T01,Pre-PQ Process,SCMS-41060,ASN-3624,South Africa,PMO - US,Direct Drop,DDP,Air,Pre-PQ Process,Date Not Captured,5-May-09,23-Dec-08,23-Dec-08,ARV,Pediatric,S. BUYS WHOLESALER,"Stavudine 1mg/ml [Zerit], powder for oral solution, Bottle, 200 ml",Stavudine,Zerit,1mg/ml,Powder for oral solution,200.0,960.0,1152.0,1.2,0.01,"BMS Meymac, France",Yes,Weight Captured Separately,Freight Included in Commodity Cost,2.26,,,,,,,,,,,,,,,,,,,,,,,,,,
12819,,,,,Tanzania,,,,,,N/A - From RDC,,,,,,SCMS from RDC,,Lamivudine,Generic,150mg,,,,,,,,,,,,109-TZ-T01,SO-2561,DN-845,PMO - US,From RDC,N/A - From RDC,Truck,Pre-PQ Process,22-Aug-08,22-Aug-08,22-Aug-08,ARV,Adult,"Lamivudine 150mg, tablets, 60 Tabs",Tablet,60.0,32544.0,94703.04,2.91,0.05,"Aurobindo Unit III, India",Yes,1608,1700.32,151.52,Pre-PQ Process
42811,,FPQ-5317,,,Vietnam,,,,,,3/25/2010,,,,,,Aurobindo Pharma Limited,,Didanosine,Generic,250mg,,,,,,,,,,,,108-VN-T30,SCMS-69240,ASN-7581,PMO - US,Direct Drop,EXW,Air,3/22/2010,13-Aug-10,13-Aug-10,13-Aug-10,ARV,Adult,"Didanosine 250mg, delayed-release capsules, 30 Caps",Delayed-release capsules,30.0,168.0,2184.0,13.0,0.43,"Aurobindo Unit III, India",Yes,2046,14405.31,4.71,
11493,104-CI-T01,Pre-PQ Process,SO-1298,DN-451,Côte d'Ivoire,PMO - US,From RDC,N/A - From RDC,Air,Pre-PQ Process,N/A - From RDC,17-Jan-08,17-Jan-08,17-Jan-08,ARV,Adult,SCMS from RDC,"Lopinavir/Ritonavir 200/50mg [Aluvia], tablets, 120 Tabs",Lopinavir/Ritonavir,Aluvia,200/50mg,Tablet,120.0,4.0,164.4,41.1,0.34,ABBVIE (Abbott) Logis. UK,No,See DN-451 (ID#:11205),See DN-451 (ID#:11205),0.26,,,,,,,,,,,,,,,,,,,,,,,,,,
86338,,,,,Guyana,,,,,,N/A - From RDC,,,,,,SCMS from RDC,,Zidovudine,Generic,100mg,,,,,,,,,,,,105-GY-T30,SO-37400,DN-2017,PMO - US,From RDC,N/A - From RDC,Air,8/30/2010,23-Nov-10,19-Sep-10,19-Sep-10,ARV,Pediatric,"Zidovudine 100mg, capsules, 100 Caps",Capsule,100.0,457.0,2211.88,4.84,0.05,"Aurobindo Unit III, India",No,See DN-2017 (ID#:82918),See DN-2017 (ID#:82918),4.77,FPQ-6307
32742,108-VN-T30,FPQ-6818,SCMS-97850,ASN-11024,Vietnam,PMO - US,Direct Drop,EXW,Air,1/17/11,2/15/11,22-Jun-11,22-Jun-11,22-Jun-11,ARV,Adult,MYLAN LABORATORIES LTD (FORMERLY MATRIX LABORATORIES),"Zidovudine 300mg, tablets, 60 Tabs",Zidovudine,Generic,300mg,Tablet,60.0,1416.0,10266.0,7.25,0.12,Mylan (formerly Matrix) Nashik,No,See ASN-11024 (ID#:15149),See ASN-11024 (ID#:15149),16.94,,,,,,,,,,,,,,,,,,,,,,,,,,
49366,,,,,South Africa,,,,,,9/24/2010,,,,,,Aurobindo Pharma Limited,,Lamivudine,Generic,150mg,,,,,,,,,,,,161-ZA-T30,SCMS-83790,ASN-9479,PMO - US,Direct Drop,DDP,Ocean,8/31/2010,31-Jan-11,4-Mar-11,4-Mar-11,ARV,Adult,"Lamivudine 150mg, tablets, 60 Tabs",Tablet,60.0,76554.0,181432.98,2.37,0.04,"Aurobindo Unit III, India",Yes,Weight Captured Separately,Freight Included in Commodity Cost,391.17,FPQ-6262
22160,106-HT-T30,FPQ-14083,SCMS-240201,ASN-27545,Haiti,PMO - US,Direct Drop,EXW,Ocean,5/11/14,6/2/14,20-Oct-14,20-Oct-14,6-Nov-14,ARV,Adult,MYLAN LABORATORIES LTD (FORMERLY MATRIX LABORATORIES),"Efavirenz/Lamivudine/Tenofovir Disoproxil Fumarate 600/300/300mg, tablets, 30 Tabs",Efavirenz/Lamivudine/Tenofovir Disoproxil Fumarate,Generic,600/300/300mg,Tablet - FDC,30.0,46500.0,499410.0,10.74,0.36,Mylan (formerly Matrix) Nashik,Yes,5342,9195.61,513.39,,,,,,,,,,,,,,,,,,,,,,,,,,
85213,,FPQ-8204,,,Rwanda,,,,,,N/A - From RDC,,,,,,SCMS from RDC,,Zidovudine,Generic,300mg,,,,,,,,,,,,107-RW-T30,SO-41040,DN-2439,PMO - US,From RDC,N/A - From RDC,Air,8/12/2011,5-Dec-11,2-Dec-11,2-Dec-11,ARV,Adult,"Zidovudine 300mg, tablets, 60 Tabs",Tablet,60.0,90.0,631.8,7.02,0.12,Hetero Unit III Hyderabad IN,No,See DN-2439 (ID#:82991),See DN-2439 (ID#:82991),1.04,
83663,,,,,Uganda,,,,,,N/A - From RDC,,,,,,SCMS from RDC,,Efavirenz/Lamivudine/Tenofovir Disoproxil Fumarate,Generic,600/300/300mg,,,,,,,,,,,,114-UG-T30,SO-43960,DN-3042,PMO - US,From RDC,N/A - From RDC,Air,12/13/2012,9-Mar-13,7-Mar-13,7-Mar-13,ARV,Adult,"Efavirenz/Lamivudine/Tenofovir Disoproxil Fumarate 600/300/300mg, tablets, 30 Tabs",Tablet - FDC,30.0,5277.0,63904.47,12.11,0.4,Mylan (formerly Matrix) Nashik,Yes,1366,8507.01,79.05,FPQ-11143
86309,,FPQ-4356,,,Zambia,,,,,,N/A - From RDC,,,,,,SCMS from RDC,,Lamivudine/Zidovudine,Generic,150/300mg,,,,,,,,,,,,110-ZM-T30,SO-34130,DN-1865,PMO - US,From RDC,N/A - From RDC,Truck,9/25/2009,30-Jun-10,29-Jun-10,29-Jun-10,ARV,Adult,"Lamivudine/Zidovudine 150/300mg, tablets, 60 Tabs",Tablet - FDC,60.0,100000.0,876000.0,8.76,0.15,Hetero Unit III Hyderabad IN,Yes,8544,11054.56,1716.96,
12823,130-NG-T01,Pre-PQ Process,SO-10660,DN-1011,Nigeria,PMO - US,From RDC,N/A - From RDC,Air,Pre-PQ Process,N/A - From RDC,20-Nov-08,20-Nov-08,20-Nov-08,ARV,Adult,SCMS from RDC,"Lamivudine/Stavudine 150/30mg, tablets, 60 Tabs",Lamivudine/Stavudine,Generic,150/30mg,Tablet - FDC,60.0,1152.0,4492.8,3.9,0.06,Mylan (formerly Matrix) Nashik,Yes,85,1266.05,8.81,,,,,,,,,,,,,,,,,,,,,,,,,,
45158,,FPQ-5317,,,Vietnam,,,,,,3/31/2010,,,,,,ABBVIE LOGISTICS (FORMERLY ABBOTT LOGISTICS BV),,Lopinavir/Ritonavir,Aluvia,200/50mg,,,,,,,,,,,,108-VN-T30,SCMS-69230,ASN-7571,PMO - US,Direct Drop,FCA,Air,3/22/2010,31-Jul-10,31-Jul-10,31-Jul-10,ARV,Adult,"Lopinavir/Ritonavir 200/50mg [Aluvia], tablets, 120 Tabs",Tablet,120.0,1010.0,83022.0,82.2,0.68,ABBVIE Ludwigshafen Germany,Yes,255,8227.99,179.0,
6397,116-ZA-T01,Pre-PQ Process,SCMS-40820,ASN-3609,South Africa,PMO - US,Direct Drop,DDP,Air,Pre-PQ Process,Date Not Captured,14-Apr-09,4-Dec-08,4-Dec-08,ARV,Adult,S. BUYS WHOLESALER,"Stavudine 30mg [Zerit], capsules, 60 Caps",Stavudine,Zerit,30mg,Capsule,60.0,10260.0,39193.2,3.82,0.06,"BMS Meymac, France",No,Weight Captured Separately,Freight Included in Commodity Cost,76.82,,,,,,,,,,,,,,,,,,,,,,,,,,
55304,,,,,Vietnam,,,,,,5/13/2015,,,,,,HETERO LABS LIMITED,,Efavirenz/Lamivudine/Tenofovir Disoproxil Fumarate,Generic,600/300/300mg,,,,,,,,,,,,108-VN-T30,SCMS-285490,ASN-33143,PMO - US,Direct Drop,EXW,Air,4/14/2015,7-Sep-15,7-Sep-15,7-Sep-15,ARV,Adult,"Efavirenz/Lamivudine/Tenofovir Disoproxil Fumarate 600/300/300mg, tablets, 30 Tabs",Tablet - FDC,30.0,15284.0,145198.0,9.5,0.32,Hetero Unit III Hyderabad IN,No,See ASN-33143 (ID#:42190),See ASN-33143 (ID#:42190),170.9,FPQ-16194
53338,,FPQ-6262,,,South Africa,,,,,,9/24/2010,,,,,,Aurobindo Pharma Limited,,Zidovudine,Generic,300mg,,,,,,,,,,,,161-ZA-T30,SCMS-83830,ASN-8795,PMO - US,Direct Drop,DDP,Ocean,8/31/2010,8-Dec-10,8-Dec-10,8-Dec-10,ARV,Adult,"Zidovudine 300mg, tablets, 60 Tabs",Tablet,60.0,77143.0,565458.19,7.33,0.12,"Aurobindo Unit III, India",Yes,3894,3161.68,1219.13,
85051,,,,,Mozambique,,,,,,N/A - From RDC,,,,,,SCMS from RDC,,Efavirenz/Lamivudine/Tenofovir Disoproxil Fumarate,Generic,600/300/300mg,,,,,,,,,,,,111-MZ-T30,SO-51410,DN-4317,PMO - US,From RDC,N/A - From RDC,Truck,4/23/2015,22-Oct-15,20-Aug-15,3-Sep-15,ARV,Adult,"Efavirenz/Lamivudine/Tenofovir Disoproxil Fumarate 600/300/300mg, tablets, 30 Tabs",Tablet - FDC,30.0,134500.0,1343655.0,9.99,0.33,Cipla Ltd A-42 MIDC Mahar. IN,Yes,18177,Freight Included in Commodity Cost,1581.48,FPQ-16268
35352,107-RW-T30,FPQ-8365,SCMS-126490,ASN-14125,Rwanda,PMO - US,Direct Drop,EXW,Air,10/26/11,11/9/11,30-Mar-12,30-Mar-12,30-Mar-12,ARV,Adult,Aurobindo Pharma Limited,"Didanosine 250mg, delayed-release capsules, 30 Caps",Didanosine,Generic,250mg,Delayed-release capsules,30.0,1185.0,15405.0,13.0,0.43,"Aurobindo Unit III, India",No,See ASN-14125 (ID#:22658),See ASN-14125 (ID#:22658),25.42,,,,,,,,,,,,,,,,,,,,,,,,,,
64904,133-NG-T30,FPQ-10765,SCMS-162440,ASN-17528,Nigeria,PMO - US,Direct Drop,EXW,Air,10/5/12,10/16/12,9-Jan-13,9-Jan-13,9-Jan-13,HRDT,HIV test,"Orgenics, Ltd","HIV 1/2, Determine Complete HIV Kit, 100 Tests","HIV 1/2, Determine Complete HIV Kit",Determine,,Test kit,100.0,2744.0,244216.0,89.0,0.89,"Alere Medical Co., Ltd.",Yes,1186,24927.19,342.39,,,,,,,,,,,,,,,,,,,,,,,,,,
83537,,,,,Nigeria,,,,,,N/A - From RDC,,,,,,SCMS from RDC,,Efavirenz,Generic,600mg,,,,,,,,,,,,151-NG-T30,SO-39999,DN-2377,PMO - US,From RDC,N/A - From RDC,Air Charter,6/6/2011,3-Nov-11,28-Sep-11,28-Sep-11,ARV,Adult,"Efavirenz 600mg, tablets, 30 Tabs",Tablet,30.0,100000.0,422000.0,4.22,0.14,Hetero Unit III Hyderabad IN,Yes,5712,18495.9,696.3,FPQ-7812
86072,,,,,Mozambique,,,,,,N/A - From RDC,,,,,,SCMS from RDC,,Efavirenz,Generic,600mg,,,,,,,,,,,,111-MZ-T30,SO-47041,DN-3628,PMO - US,From RDC,N/A - From RDC,Truck,10/21/2013,14-Jun-14,24-Jun-14,14-Jul-14,ARV,Adult,"Efavirenz 600mg, tablets, 30 Tabs",Tablet,30.0,63000.0,209790.0,3.33,0.11,"Strides, Bangalore, India.",No,See DN-3628 (ID#:83234),See DN-3628 (ID#:83234),215.66,FPQ-13124
11991,114-UG-T01,Pre-PQ Process,SO-32120,DN-1303,Uganda,PMO - US,From RDC,N/A - From RDC,Air,Date Not Captured,N/A - From RDC,14-Aug-09,14-Aug-09,14-Aug-09,ARV,Adult,SCMS from RDC,"Lamivudine/Zidovudine 150/300mg, tablets, 60 Tabs",Lamivudine/Zidovudine,Generic,150/300mg,Tablet - FDC,60.0,14479.0,97878.04,6.76,0.11,"Aurobindo Unit III, India",No,See DN-1303 (ID#:11661),See DN-1303 (ID#:11661),191.84,,,,,,,,,,,,,,,,,,,,,,,,,,
11061,,Pre-PQ Process,,,Zambia,,,,,,N/A - From RDC,,,,,,SCMS from RDC,,Efavirenz,Generic,600mg,,,,,,,,,,,,110-ZM-T01,SO-30311,DN-1319,PMO - US,From RDC,N/A - From RDC,Truck,Date Not Captured,4-Sep-09,4-Sep-09,4-Sep-09,ARV,Adult,"Efavirenz 600mg, tablets, 30 Tabs",Tablet,30.0,37059.0,407649.0,11.0,0.37,Hetero Unit III Hyderabad IN,Yes,2876,4506.18,798.99,
85892,,,,,"Congo, DRC",,,,,,N/A - From RDC,,,,,,SCMS from RDC,,Lopinavir/Ritonavir,Generic,200/50mg,,,,,,,,,,,,102-CD-T30,SO-42340,DN-2812,PMO - US,From RDC,N/A - From RDC,Air,5/15/2012,14-Feb-13,14-Feb-13,14-Feb-13,ARV,Adult,"Lopinavir/Ritonavir 200/50mg, tablets, 120 Tabs",Tablet,120.0,306.0,8968.86,29.31,0.24,Mylan (formerly Matrix) Nashik,No,See DN-2812 (ID#:83068),See DN-2812 (ID#:83068),12.57,FPQ-9906
86635,,FPQ-12573,,,Mozambique,,,,,,N/A - From RDC,,,,,,SCMS from RDC,,Lamivudine/Nevirapine/Stavudine,Generic,150/200/30mg,,,,,,,,,,,,111-MZ-T30,SO-46170,DN-3554,PMO - US,From RDC,N/A - From RDC,Truck,6/28/2013,31-Mar-14,28-Mar-14,4-Apr-14,ARV,Adult,"Lamivudine/Nevirapine/Stavudine 150/200/30mg, tablets, 60 Tabs",Tablet - FDC,60.0,12160.0,52531.2,4.32,0.07,"Strides, Bangalore, India.",No,See DN-3554 (ID#:83748),See DN-3554 (ID#:83748),64.98,
84968,,FPQ-13042,,,Tanzania,,,,,,N/A - From RDC,,,,,,SCMS from RDC,,Lamivudine/Nevirapine/Zidovudine,Generic,30/50/60mg,,,,,,,,,,,,109-TZ-T30,SO-46674,DN-3867,PMO - US,From RDC,N/A - From RDC,Truck,10/1/2013,29-Aug-14,29-Sep-14,6-Oct-14,ARV,Pediatric,"Lamivudine/Nevirapine/Zidovudine 30/50/60mg, dispersible tablets, 60 Tabs",Chewable/dispersible tablet - FDC,60.0,20000.0,74600.0,3.73,0.06,Mylan (formerly Matrix) Nashik,Yes,3431,19379.94,92.28,
84283,,,,,Zambia,,,,,,N/A - From RDC,,,,,,SCMS from RDC,,Nevirapine,Generic,200mg,,,,,,,,,,,,110-ZM-T30,SO-44470,DN-3298,PMO - US,From RDC,N/A - From RDC,Truck,1/28/2013,22-Oct-13,22-Oct-13,11-Nov-13,ARV,Adult,"Nevirapine 200mg, tablets, 60 Tabs",Tablet,60.0,2997.0,6773.22,2.26,0.04,"Cipla, Goa, India",Yes,2764,4356.75,8.38,FPQ-11553
35493,110-ZM-T30,FPQ-11979,SCMS-188800,ASN-21073,Zambia,PMO - US,Direct Drop,EXW,Air,4/19/13,5/13/13,27-Aug-13,27-Aug-13,27-Aug-13,ARV,Adult,Aurobindo Pharma Limited,"Emtricitabine/Tenofovir Disoproxil Fumarate 200/300mg, tablets, 30 Tabs",Emtricitabine/Tenofovir Disoproxil Fumarate,Generic,200/300mg,Tablet - FDC,30.0,79620.0,469758.0,5.9,0.2,"Aurobindo Unit III, India",Yes,7133,40583.63,581.09,,,,,,,,,,,,,,,,,,,,,,,,,,
74707,,,,,Ghana,,,,,,5/23/2014,,,,,,Aurobindo Pharma Limited,,Zidovudine,Generic,10mg/ml,,,,,,,,,,,,105-GH-T30,SCMS-237830,ASN-27589,PMO - US,Direct Drop,EXW,Air,4/12/2014,9-Oct-14,9-Oct-14,13-Oct-14,ARV,Pediatric,"Zidovudine 10mg/ml, oral solution, Bottle, 240 ml",Oral solution,240.0,3652.0,7304.0,2.0,0.01,"Aurobindo Unit III, India",Yes,1575,8130.55,7.51,FPQ-14052
46956,,,,,Namibia,,,,,,2/2/2011,,,,,,"Orgenics, Ltd",,"HIV 1/2, Determine HIV Kit, without Lancets",Determine,,,,,,,,,,,,,119-NA-T30,SCMS-98340,ASN-10065,PMO - US,Direct Drop,EXW,Air,1/13/2011,22-Mar-11,22-Mar-11,22-Mar-11,HRDT,HIV test,"HIV 1/2, Determine HIV Kit, without Lancets, 100 Tests",Test kit,100.0,150.0,11655.0,77.7,0.78,Inverness Japan,Yes,34,947.35,19.23,FPQ-7007
85151,110-ZM-T30,FPQ-5702,SO-36841,DN-2018,Zambia,PMO - US,From RDC,N/A - From RDC,Truck,5/20/10,N/A - From RDC,4-Nov-10,12-Oct-10,12-Oct-10,ARV,Adult,SCMS from RDC,"Lamivudine/Nevirapine/Stavudine 150/200/30mg, tablets, 60 Tabs",Lamivudine/Nevirapine/Stavudine,Generic,150/200/30mg,Tablet - FDC,60.0,59746.0,342344.58,5.73,0.1,"Strides, Bangalore, India.",No,See DN-2018 (ID#:82352),See DN-2018 (ID#:82352),738.09,,,,,,,,,,,,,,,,,,,,,,,,,,
11194,,,,,Côte d'Ivoire,,,,,,N/A - From RDC,,,,,,SCMS from RDC,,Abacavir/Lamivudine/Zidovudine,Trizivir,300/150/300mg,,,,,,,,,,,,104-CI-T01,SO-1245,DN-423,PMO - US,From RDC,N/A - From RDC,Air,Pre-PQ Process,13-Nov-07,13-Nov-07,13-Nov-07,ARV,Adult,"Abacavir/Lamivudine/Zidovudine 300/150/300mg [Trizivir], tablets, 60 Tabs",Tablet - FDC,60.0,3300.0,146850.0,44.5,0.74,GSK Ware (UK),Yes,2143,10137.04,234.96,Pre-PQ Process
54385,,,,,South Africa,,,,,,10/9/2014,,,,,,PHARMACY DIRECT,,Efavirenz,Generic,200mg,,,,,,,,,,,,116-ZA-T30,SCMS-259079,ASN-33851,PMO - US,Direct Drop,DDP,Truck,9/11/2014,24-Aug-15,24-Aug-15,24-Aug-15,ARV,Pediatric,"Efavirenz 200mg, capsule, 90 Caps",Capsule,90.0,47.0,857.74,18.25,0.2,"Aurobindo Unit III, India",No,Weight Captured Separately,Freight Included in Commodity Cost,0.88,FPQ-14942
62168,,,,,South Africa,,,,,,5/11/2015,,,,,,PHARMACY DIRECT,,Tenofovir Disoproxil Fumarate,Generic,300mg,,,,,,,,,,,,116-ZA-T30,SCMS-259075,ASN-32138,PMO - US,Direct Drop,DDP,Truck,9/11/2014,12-May-15,12-May-15,12-May-15,ARV,Adult,"Tenofovir Disoproxil Fumarate 300mg, tablets, 30 Tabs",Tablet,30.0,3.0,41.45,13.82,0.46,Mylan (formerly Matrix) Nashik,No,Weight Captured Separately,Freight Included in Commodity Cost,0.04,FPQ-14942
82419,111-MZ-T30,FPQ-8157,SO-40320,DN-2425,Mozambique,PMO - US,From RDC,N/A - From RDC,Truck,8/4/11,N/A - From RDC,14-Dec-11,14-Dec-11,14-Dec-11,ARV,Adult,SCMS from RDC,"Lamivudine/Nevirapine/Zidovudine 150/200/300mg, tablets, 60 Tabs",Lamivudine/Nevirapine/Zidovudine,Generic,150/300/200mg,Tablet - FDC,60.0,107325.0,1204186.5,11.22,0.19,"Aurobindo Unit VII, IN",Yes,12669,11291.75,1986.91,,,,,,,,,,,,,,,,,,,,,,,,,,
29043,,,,,Haiti,,,,,,7/31/2014,,,,,,MYLAN LABORATORIES LTD (FORMERLY MATRIX LABORATORIES),,Lamivudine/Zidovudine,Generic,30/60mg,,,,,,,,,,,,106-HT-T30,SCMS-240202,ASN-28245,PMO - US,Direct Drop,EXW,Ocean,5/11/2014,17-Nov-14,17-Nov-14,17-Nov-14,ARV,Pediatric,"Lamivudine/Zidovudine 30/60mg, dispersible tablets, 60 Tabs",Chewable/dispersible tablet - FDC,60.0,2550.0,5074.5,1.99,0.03,"Mylan,  H-12 & H-13, India",Yes,199,5215.49,5.22,FPQ-14083
20824,,FPQ-12837,,,Cameroon,,,,,,8/23/2013,,,,,,CIPLA LIMITED,,Lamivudine/Zidovudine,Generic,150/300mg,,,,,,,,,,,,901-CM-T30,SCMS-204360,ASN-21528,PMO - US,Direct Drop,EXW,Air,8/19/2013,26-Sep-13,26-Sep-13,26-Sep-13,ARV,Adult,"Lamivudine/Zidovudine 150/300mg, tablets, 60 Tabs",Tablet - FDC,60.0,59.0,388.81,6.59,0.11,"Cipla, Goa, India",Yes,23,1067.02,0.48,
85600,,FPQ-14989,,,Nigeria,,,,,,N/A - From RDC,,,,,,SCMS from RDC,,Lamivudine/Nevirapine/Zidovudine,Generic,150/300/200mg,,,,,,,,,,,,151-NG-T30,SO-51427,DN-4290,PMO - US,From RDC,N/A - From RDC,Air Charter,9/19/2014,30-Jun-15,2-Jun-15,17-Jun-15,ARV,Adult,"Lamivudine/Nevirapine/Zidovudine 150/200/300mg, tablets, 60 Tabs",Tablet - FDC,60.0,88995.0,687041.4,7.72,0.13,"Cipla, Goa, India",No,See DN-4290 (ID#:83340),See DN-4290 (ID#:83340),706.28,
5534,,Pre-PQ Process,,,Vietnam,,,,,,12/5/2007,,,,,,Aurobindo Pharma Limited,,Stavudine,Generic,15mg,,,,,,,,,,,,108-VN-T01,SCMS-14760,ASN-1230,PMO - US,Direct Drop,EXW,Air,Pre-PQ Process,1-Feb-08,1-Feb-08,1-Feb-08,ARV,Adult,"Stavudine 15mg, capsules, 60 Caps",Capsule,60.0,600.0,900.0,1.5,0.02,"Aurobindo Unit III, India",No,See ASN-1230 (ID#:1530),See ASN-1230 (ID#:1530),1.44,
86728,,,,,Guyana,,,,,,N/A - From RDC,,,,,,SCMS from RDC,,Lamivudine/Zidovudine,Generic,150/300mg,,,,,,,,,,,,105-GY-T30,SO-48521,DN-3938,PMO - US,From RDC,N/A - From RDC,Air,4/9/2014,30-Sep-14,9-Oct-14,22-Oct-14,ARV,Adult,"Lamivudine/Zidovudine 150/300mg, tablets, 60 Tabs",Tablet - FDC,60.0,228.0,1504.8,6.6,0.11,"Aurobindo Unit III, India",Yes,21,973.48,1.55,FPQ-14042
2432,,,,,South Africa,,,,,,Date Not Captured,,,,,,S. BUYS WHOLESALER,,Lamivudine,Generic,150mg,,,,,,,,,,,,116-ZA-T01,SCMS-40860,ASN-3581,PMO - US,Direct Drop,DDP,Air,Pre-PQ Process,23-Jun-09,29-Jan-09,29-Jan-09,ARV,Adult,"Lamivudine 150mg, tablets, 60 Tabs",Tablet,60.0,6700.0,36582.0,5.46,0.09,"Aurobindo Unit III, India",Yes,Weight Captured Separately,Freight Included in Commodity Cost,71.7,Pre-PQ Process
27804,106-HT-T30,FPQ-15038,SCMS-262890,ASN-32716,Haiti,PMO - US,Direct Drop,FCA,Air,10/22/14,1/30/15,7-Jul-15,7-Jul-15,7-Jul-15,ARV,Adult,ABBVIE LOGISTICS (FORMERLY ABBOTT LOGISTICS BV),"Lopinavir/Ritonavir 200/50mg [Aluvia], tablets, 120 Tabs",Lopinavir/Ritonavir,Aluvia,200/50mg,Tablet,120.0,6050.0,111743.5,18.47,0.15,ABBVIE Ludwigshafen Germany,No,See ASN-32716 (ID#:22417),See ASN-32716 (ID#:22417),114.87,,,,,,,,,,,,,,,,,,,,,,,,,,
86459,,,,,Burundi,,,,,,N/A - From RDC,,,,,,SCMS from RDC,,Lamivudine/Zidovudine,Generic,150/300mg,,,,,,,,,,,,102-BI-T30,SO-41530,DN-2594,PMO - US,From RDC,N/A - From RDC,Air,1/25/2012,26-Apr-12,4-May-12,4-May-12,ARV,Adult,"Lamivudine/Zidovudine 150/300mg, tablets, 60 Tabs",Tablet - FDC,60.0,25240.0,201920.0,8.0,0.13,Hetero Unit III Hyderabad IN,No,See DN-2594 (ID#:83021),See DN-2594 (ID#:83021),283.09,FPQ-9229
84801,,,,,South Sudan,,,,,,N/A - From RDC,,,,,,SCMS from RDC,,Efavirenz,Generic,200mg,,,,,,,,,,,,103-SS-T30,SO-44620,DN-3080,PMO - US,From RDC,N/A - From RDC,Air,1/16/2013,17-Apr-13,23-Apr-13,23-Apr-13,ARV,Pediatric,"Efavirenz 200mg, scored tablets, 90 Tabs",Tablet,90.0,66.0,481.8,7.3,0.08,"Strides, Bangalore, India.",No,See DN-3080 (ID#:82562),See DN-3080 (ID#:82562),0.6,FPQ-11489
11436,,,,,Côte d'Ivoire,,,,,,N/A - From RDC,,,,,,SCMS from RDC,,Lopinavir/Ritonavir,Aluvia,200/50mg,,,,,,,,,,,,104-CI-T01,SO-959,DN-320,PMO - US,From RDC,N/A - From RDC,,Pre-PQ Process,30-Aug-07,30-Aug-07,30-Aug-07,ARV,Adult,"Lopinavir/Ritonavir 200/50mg [Aluvia], tablets, 120 Tabs",Tablet,120.0,726.0,29838.6,41.1,0.34,ABBVIE Ludwigshafen Germany,No,See DN-320 (ID#:10593),See DN-320 (ID#:10593),47.74,Pre-PQ Process
84280,,FPQ-12253,,,Uganda,,,,,,N/A - From RDC,,,,,,SCMS from RDC,,Lamivudine/Zidovudine,Generic,150/300mg,,,,,,,,,,,,114-UG-T30,SO-45540,DN-3273,PMO - US,From RDC,N/A - From RDC,Truck,5/8/2013,6-Aug-13,22-Aug-13,22-Aug-13,ARV,Adult,"Lamivudine/Zidovudine 150/300mg, tablets, 60 Tabs",Tablet - FDC,60.0,45233.0,316631.0,7.0,0.12,Hetero Unit III Hyderabad IN,Yes,3984,20074.74,391.67,
29734,,FPQ-9636,,,Haiti,,,,,,7/3/2012,,,,,,Aurobindo Pharma Limited,,Zidovudine,Generic,100mg,,,,,,,,,,,,106-HT-T30,SCMS-148360,ASN-16560,PMO - US,Direct Drop,EXW,Ocean,5/14/2012,20-Dec-12,20-Dec-12,20-Dec-12,ARV,Pediatric,"Zidovudine 100mg, capsules, 100 Caps",Capsule,100.0,1200.0,5520.0,4.6,0.05,"Aurobindo Unit III, India",Yes,6433,7727.85,7.74,
86071,,,,,Guyana,,,,,,N/A - From RDC,,,,,,SCMS from RDC,,Nevirapine,Generic,10mg/ml,,,,,,,,,,,,105-GY-T30,SO-47730,DN-3626,PMO - US,From RDC,N/A - From RDC,Air,1/16/2014,30-Jun-14,14-Apr-14,6-Jun-14,ARV,Pediatric,"Nevirapine 10mg/ml, oral suspension w/syringe, Bottle, 240 ml",Oral suspension,240.0,152.0,282.72,1.86,0.01,"Aurobindo Unit III, India",No,See DN-3626 (ID#:83781),See DN-3626 (ID#:83781),0.29,FPQ-13567
86056,,,,,Côte d'Ivoire,,,,,,N/A - From RDC,,,,,,SCMS from RDC,,Lamivudine/Nevirapine/Zidovudine,Generic,150/300/200mg,,,,,,,,,,,,104-CI-T30,SO-46400,DN-3568,PMO - US,From RDC,N/A - From RDC,Truck,8/9/2013,28-Mar-14,11-Apr-14,28-Apr-14,ARV,Adult,"Lamivudine/Nevirapine/Zidovudine 150/200/300mg, tablets, 60 Tabs",Tablet - FDC,60.0,100000.0,826000.0,8.26,0.14,"Aurobindo Unit III, India",No,See DN-3568 (ID#:82655),See DN-3568 (ID#:82655),1021.76,FPQ-12800
82916,104-CI-T30,FPQ-5623,SO-36880,DN-2011,Côte d'Ivoire,PMO - US,From RDC,N/A - From RDC,Air,5/7/10,N/A - From RDC,30-Sep-10,25-Sep-10,25-Sep-10,ARV,Pediatric,SCMS from RDC,"Lamivudine 10mg/ml, oral solution, Bottle, 240 ml",Lamivudine,Generic,10mg/ml,Oral solution,240.0,4970.0,9592.1,1.93,0.01,"Cipla, Goa, India",No,See DN-2011 (ID#:82350),See DN-2011 (ID#:82350),20.68,,,,,,,,,,,,,,,,,,,,,,,,,,
28439,,FPQ-16329,,,Nigeria,,,,,,5/26/2015,,,,,,"Orgenics, Ltd",,"HIV 1/2, Determine Complete HIV Kit",Determine,,,,,,,,,,,,,133-NG-T30,SCMS-289130,ASN-32954,PMO - US,Direct Drop,EXW,Air,5/7/2015,14-Jul-15,14-Jul-15,14-Jul-15,HRDT,HIV test,"HIV 1/2, Determine Complete HIV Kit, 100 Tests",Test kit,100.0,6380.0,567820.0,89.0,0.89,"Alere Medical Co., Ltd.",Yes,2587,Freight Included in Commodity Cost,668.32,
70763,,,,,Vietnam,,,,,,2/3/2010,,,,,,Aurobindo Pharma Limited,,Tenofovir Disoproxil Fumarate,Generic,300mg,,,,,,,,,,,,108-VN-T30,SCMS-64570,ASN-6261,PMO - US,Direct Drop,EXW,Air,2/2/2010,23-Mar-10,23-Mar-10,23-Mar-10,ARV,Adult,"Tenofovir Disoproxil Fumarate 300mg, tablets, 30 Tabs",Tablet,30.0,8400.0,65100.0,7.75,0.26,"Aurobindo Unit III, India",Yes,909,5964.52,140.36,FPQ-5019
86239,154-NG-T30,FPQ-3815,SO-32260,DN-1452,Nigeria,PMO - US,From RDC,N/A - From RDC,Air Charter,5/26/09,N/A - From RDC,30-Oct-09,20-Oct-09,20-Oct-09,ARV,Adult,SCMS from RDC,"Stavudine 30mg, capsules, 60 Caps",Stavudine,Generic,30mg,Capsule,60.0,63.0,91.98,1.46,0.02,"Aurobindo Unit III, India",No,See DN-1452 (ID#:82272),See DN-1452 (ID#:82272),0.18,,,,,,,,,,,,,,,,,,,,,,,,,,
84066,,FPQ-6495,,,Côte d'Ivoire,,,,,,N/A - From RDC,,,,,,SCMS from RDC,,Lamivudine/Zidovudine,Generic,150/300mg,,,,,,,,,,,,104-CI-T30,SO-37700,DN-2137,PMO - US,From RDC,N/A - From RDC,Air,10/4/2010,31-Mar-11,29-Mar-11,29-Mar-11,ARV,Adult,"Lamivudine/Zidovudine 150/300mg, tablets, 60 Tabs",Tablet - FDC,60.0,40752.0,348429.6,8.55,0.14,Hetero Unit III Hyderabad IN,No,See DN-2137 (ID#:83490),See DN-2137 (ID#:83490),751.21,
6972,,Pre-PQ Process,,,Lesotho,,,,,,2/27/2008,,,,,,Orasure Technologies Inc.,,"HIV 1/2, OraQuick Advance HIV Rapid Antibody Kit",OraQuick,,,,,,,,,,,,,102-LS-T01,SCMS-18360,ASN-1430,PMO - US,Direct Drop,DDP,Air,Pre-PQ Process,12-Mar-08,12-Mar-08,12-Mar-08,HRDT,HIV test,"HIV 1/2, OraQuick Advance HIV Rapid Antibody Kit, 100 Tests",Test kit,100.0,7.0,2450.0,350.0,3.5,"Pacific Biotech, Thailand",Yes,Weight Captured Separately,Freight Included in Commodity Cost,3.92,
85509,,FPQ-13124,,,Mozambique,,,,,,N/A - From RDC,,,,,,SCMS from RDC,,Lamivudine/Nevirapine/Zidovudine,Generic,150/300/200mg,,,,,,,,,,,,111-MZ-T30,SO-47050,DN-3827,PMO - US,From RDC,N/A - From RDC,Truck,10/21/2013,29-Aug-14,25-Aug-14,28-Aug-14,ARV,Adult,"Lamivudine/Nevirapine/Zidovudine 150/200/300mg, tablets, 60 Tabs",Tablet - FDC,60.0,150000.0,1216500.0,8.11,0.14,Mylan (formerly Matrix) Nashik,No,See DN-3827 (ID#:82705),See DN-3827 (ID#:82705),1250.56,
83763,,FPQ-12144,,,Côte d'Ivoire,,,,,,N/A - From RDC,,,,,,SCMS from RDC,,Abacavir/Lamivudine,Generic,60/30mg,,,,,,,,,,,,104-CI-T30,SO-45631,DN-3547,PMO - US,From RDC,N/A - From RDC,Truck,4/22/2013,28-Feb-14,18-Jan-14,4-Mar-14,ARV,Pediatric,"Abacavir/Lamivudine 60/30mg, tablets, 60 Tabs",Tablet - FDC,60.0,2085.0,8340.0,4.0,0.07,Mylan (formerly Matrix) Nashik,Yes,699,8127.62,10.32,
86486,151-NG-T30,FPQ-9432,SO-42335,DN-2709,Nigeria,PMO - US,From RDC,N/A - From RDC,Air Charter,3/1/12,N/A - From RDC,2-Aug-12,3-Jun-12,3-Jun-12,ARV,Adult,SCMS from RDC,"Lamivudine/Nevirapine/Zidovudine 150/200/300mg, tablets, 60 Tabs",Lamivudine/Nevirapine/Zidovudine,Generic,150/300/200mg,Tablet - FDC,60.0,40000.0,440000.0,11.0,0.18,"Aurobindo Unit III, India",No,See DN-2709 (ID#:83049),See DN-2709 (ID#:83049),616.88,,,,,,,,,,,,,,,,,,,,,,,,,,
12307,,Pre-PQ Process,,,Mozambique,,,,,,N/A - From RDC,,,,,,SCMS from RDC,,Lamivudine/Nevirapine/Stavudine,Generic,150/200/30mg,,,,,,,,,,,,111-MZ-T01,SO-26420,DN-1377,PMO - US,From RDC,N/A - From RDC,Truck,Date Not Captured,17-Sep-09,17-Sep-09,17-Sep-09,ARV,Adult,"Lamivudine/Nevirapine/Stavudine 150/200/30mg, tablets, 60 Tabs",Tablet - FDC,60.0,76000.0,541120.0,7.12,0.12,"Strides, Bangalore, India.",Yes,5597,1799.88,1060.6,
82276,,FPQ-4395,,,Nigeria,,,,,,N/A - From RDC,,,,,,SCMS from RDC,,Zidovudine,Generic,300mg,,,,,,,,,,,,123-NG-T30,SO-32971,DN-1519,PMO - US,From RDC,N/A - From RDC,Air Charter,7/27/2009,18-Dec-09,18-Dec-09,18-Dec-09,ARV,Adult,"Zidovudine 300mg, tablets, 60 Tabs",Tablet,60.0,1697.0,12778.41,7.53,0.13,"Aurobindo Unit III, India",Yes,6725,33279.39,25.05,
70991,,FPQ-7175,,,South Africa,,,,,,3/23/2011,,,,,,HETERO LABS LIMITED,,Efavirenz,Generic,600mg,,,,,,,,,,,,161-ZA-T30,SCMS-103700,ASN-12628,PMO - US,Direct Drop,DDP,Ocean,3/10/2011,7-Dec-11,7-Dec-11,7-Dec-11,ARV,Adult,"Efavirenz 600mg, tablets, 30 Tabs",Tablet,30.0,92500.0,435675.0,4.71,0.16,Hetero Unit III Hyderabad IN,Yes,7878,8134.37,718.86,
62761,104-CI-T30,FPQ-12150,SCMS-191950,ASN-23207,Côte d'Ivoire,PMO - US,Direct Drop,FCA,Air,4/29/13,6/12/13,23-Dec-13,23-Dec-13,8-Jan-14,ARV,Adult,ABBVIE LOGISTICS (FORMERLY ABBOTT LOGISTICS BV),"Ritonavir 100mg [Norvir], film coated tablets, 60 Tabs",Ritonavir,Norvir,100mg,Tablet,60.0,350.0,2397.5,6.85,0.11,ABBVIE Ludwigshafen Germany,Yes,56,1726.5,2.97,,,,,,,,,,,,,,,,,,,,,,,,,,
86488,,,,,Tanzania,,,,,,N/A - From RDC,,,,,,SCMS from RDC,,Nevirapine,Generic,10mg/ml,,,,,,,,,,,,109-TZ-T30,SO-40470,DN-2714,PMO - US,From RDC,N/A - From RDC,Truck,8/22/2011,7-Aug-12,25-Jul-12,25-Jul-12,ARV,Pediatric,"Nevirapine 10mg/ml, oral suspension w/syringe, Bottle, 240 ml",Oral suspension,240.0,26439.0,51556.05,1.95,0.01,"Aurobindo Unit III, India",Yes,9907,3853.89,85.07,FPQ-8303
83472,110-ZM-T30,FPQ-6221,SO-37340,DN-2072,Zambia,PMO - US,From RDC,N/A - From RDC,Truck,8/20/10,N/A - From RDC,15-Nov-10,10-Dec-10,10-Dec-10,ARV,Adult,SCMS from RDC,"Emtricitabine/Tenofovir Disoproxil Fumarate 200/300mg, tablets, 30 Tabs",Emtricitabine/Tenofovir Disoproxil Fumarate,Generic,200/300mg,Tablet - FDC,30.0,220002.0,2585023.5,11.75,0.39,Mylan (formerly Matrix) Nashik,Yes,20364,31373.1,5573.31,,,,,,,,,,,,,,,,,,,,,,,,,,
86617,,FPQ-12253,,,Uganda,,,,,,N/A - From RDC,,,,,,SCMS from RDC,,Nevirapine,Generic,200mg,,,,,,,,,,,,114-UG-T30,SO-45550,DN-3378,PMO - US,From RDC,N/A - From RDC,Truck,5/8/2013,29-Nov-13,20-Nov-13,7-Dec-13,ARV,Adult,"Nevirapine 200mg, tablets, 60 Tabs",Tablet,60.0,45525.0,102886.5,2.26,0.04,Hetero Unit III Hyderabad IN,Yes,2818,6976.78,127.27,
83855,101-CD-T30,FPQ-14576,SO-49290,DN-3975,"Congo, DRC",PMO - US,From RDC,N/A - From RDC,Air,7/14/14,N/A - From RDC,30-Jan-15,18-Feb-15,23-Feb-15,ARV,Adult,SCMS from RDC,"Efavirenz 600mg, tablets, 30 Tabs",Efavirenz,Generic,600mg,Tablet,30.0,2660.0,8352.4,3.14,0.1,"Micro labs, Verna, Goa, India",No,See DN-3975 (ID#:82748),See DN-3975 (ID#:82748),8.59,,,,,,,,,,,,,,,,,,,,,,,,,,
12822,,,,,Nigeria,,,,,,N/A - From RDC,,,,,,SCMS from RDC,,Ritonavir,Norvir,100mg,,,,,,,,,,,,112-NG-T01,SO-2729,DN-1008,PMO - US,From RDC,N/A - From RDC,Air,Pre-PQ Process,17-Nov-08,17-Nov-08,17-Nov-08,ARV,Adult,"Ritonavir 100mg [Norvir], capsules, cool, 4 x 84 Caps",Capsule,336.0,2.0,76.72,38.36,0.11,ABBVIE (Abbott) France,No,See DN-1008 (ID#:11570),See DN-1008 (ID#:11570),0.15,Pre-PQ Process
84914,,FPQ-13567,,,Guyana,,,,,,N/A - From RDC,,,,,,SCMS from RDC,,Efavirenz,Generic,200mg,,,,,,,,,,,,105-GY-T30,SO-47730,DN-3626,PMO - US,From RDC,N/A - From RDC,Air,1/16/2014,30-Jun-14,14-Apr-14,6-Jun-14,ARV,Pediatric,"Efavirenz 200mg, scored tablets, 90 Tabs",Tablet,90.0,74.0,688.2,9.3,0.1,"Strides, Bangalore, India.",No,See DN-3626 (ID#:83781),See DN-3626 (ID#:83781),0.71,
79646,109-TZ-T30,FPQ-11427,SCMS-175460,ASN-18603,Tanzania,PMO - US,Direct Drop,EXW,Air,1/15/13,2/20/13,23-Apr-13,23-Apr-13,23-Apr-13,ARV,Adult,MYLAN LABORATORIES LTD (FORMERLY MATRIX LABORATORIES),"Atazanavir/Ritonavir 300/100mg, tablets, 30 Tabs",Atazanavir/Ritonavir,Generic,300/100mg,Tablet,30.0,12830.0,288675.0,22.5,0.75,Mylan (formerly Matrix) Nashik,Yes,1710,8344.86,357.09,,,,,,,,,,,,,,,,,,,,,,,,,,
85116,,,,,Côte d'Ivoire,,,,,,N/A - From RDC,,,,,,SCMS from RDC,,Lamivudine,Generic,150mg,,,,,,,,,,,,104-CI-T30,SO-35560,DN-1799,PMO - US,From RDC,N/A - From RDC,Air,12/8/2009,10-May-10,7-May-10,7-May-10,ARV,Adult,"Lamivudine 150mg, tablets, 60 Tabs",Tablet,60.0,6000.0,14640.0,2.44,0.04,Mylan (formerly Matrix) Nashik,No,See DN-1799 (ID#:84560),See DN-1799 (ID#:84560),31.56,FPQ-4659
13205,,,,,Côte d'Ivoire,,,,,,7/9/2009,,,,,,"Orgenics, Ltd",,"HIV 1/2, Determine HIV Kit, without Lancets",Determine,,,,,,,,,,,,,104-CI-T30,SCMS-48630,ASN-4783,PMO - US,Direct Drop,EXW,Air,6/19/2009,15-Sep-09,15-Sep-09,15-Sep-09,HRDT,HIV test,"HIV 1/2, Determine HIV Kit, without Lancets, 100 Tests",Test kit,100.0,3500.0,245000.0,70.0,0.7,Inverness Japan,Yes,893,12858.12,480.2,FPQ-3885
2297,,Pre-PQ Process,,,Vietnam,,,,,,1/16/2009,,,,,,Aurobindo Pharma Limited,,Lamivudine,Generic,150mg,,,,,,,,,,,,108-VN-T01,SCMS-37160,ASN-3561,PMO - US,Direct Drop,EXW,Air,Pre-PQ Process,7-Apr-09,7-Apr-09,7-Apr-09,ARV,Adult,"Lamivudine 150mg, tablets, 60 Tabs",Tablet,60.0,9000.0,21600.0,2.4,0.04,"Aurobindo Unit III, India",Yes,2228,9809.7,42.34,
85126,,FPQ-5023,,,Nigeria,,,,,,N/A - From RDC,,,,,,SCMS from RDC,,Efavirenz,Generic,600mg,,,,,,,,,,,,151-NG-T30,SO-36444,DN-1902,PMO - US,From RDC,N/A - From RDC,Air,2/10/2010,15-Jul-10,28-Jun-10,28-Jun-10,ARV,Adult,"Efavirenz 600mg, tablets, 30 Tabs",Tablet,30.0,5000.0,23000.0,4.6,0.15,"Aurobindo Unit III, India",Yes,428,Freight Included in Commodity Cost,49.59,
84302,110-ZM-T30,FPQ-12087,SO-45100,DN-3396,Zambia,PMO - US,From RDC,N/A - From RDC,Truck,4/19/13,N/A - From RDC,24-Jan-14,24-Jan-14,17-Mar-14,ARV,Adult,SCMS from RDC,"Lopinavir/Ritonavir 200/50mg, tablets, 120 Tabs",Lopinavir/Ritonavir,Generic,200/50mg,Tablet,120.0,46009.0,942264.32,20.48,0.17,Mylan (formerly Matrix) Nashik,Yes,22534,30981.39,1165.58,,,,,,,,,,,,,,,,,,,,,,,,,,
15241,116-ZA-T30,FPQ-11828,SCMS-183950,ASN-19166,South Africa,South Africa Field Office,Direct Drop,DDP,Truck,3/18/13,Date Not Captured,16-Apr-13,16-Apr-13,16-Apr-13,ARV,Adult,S. BUYS WHOLESALER,"Efavirenz 600mg, tablets, 30 Tabs",Efavirenz,Generic,600mg,Tablet,30.0,1368.0,21995.87,16.08,0.54,"Cipla, Goa, India",Yes,Weight Captured Separately,Freight Included in Commodity Cost,27.21,,,,,,,,,,,,,,,,,,,,,,,,,,
69376,,FPQ-6262,,,South Africa,,,,,,9/24/2010,,,,,,Aurobindo Pharma Limited,,Efavirenz,Generic,600mg,,,,,,,,,,,,161-ZA-T30,SCMS-83820,ASN-9485,PMO - US,Direct Drop,DDP,Ocean,8/31/2010,10-Mar-11,10-Mar-11,10-Mar-11,ARV,Adult,"Efavirenz 600mg, tablets, 30 Tabs",Tablet,30.0,127904.0,579405.12,4.53,0.15,"Aurobindo Unit III, India",Yes,10980,15331.5,1249.2,
11917,,Pre-PQ Process,,,Nigeria,,,,,,N/A - From RDC,,,,,,SCMS from RDC,,Efavirenz,Generic,600mg,,,,,,,,,,,,132-NG-T01,SO-2707,DN-921,PMO - US,From RDC,N/A - From RDC,Air,Pre-PQ Process,28-Sep-08,28-Sep-08,28-Sep-08,ARV,Adult,"Efavirenz 600mg, tablets, 30 Tabs",Tablet,30.0,25000.0,300250.0,12.01,0.4,"Aurobindo Unit III, India",Yes,6124,13353.34,480.4,
83145,,FPQ-11133,,,Uganda,,,,,,N/A - From RDC,,,,,,SCMS from RDC,,Lamivudine/Tenofovir Disoproxil Fumarate,Generic,300/300mg,,,,,,,,,,,,114-UG-T30,SO-43900,DN-3214,PMO - US,From RDC,N/A - From RDC,Truck,12/13/2012,30-Jul-13,9-Aug-13,9-Aug-13,ARV,Adult,"Lamivudine/Tenofovir Disoproxil Fumarate 300/300mg, tablets, 30 Tabs",Tablet - FDC,30.0,26112.0,122726.4,4.7,0.16,"Aurobindo Unit VII, IN",Yes,2444,8800.81,151.81,
11409,,Pre-PQ Process,,,Mozambique,,,,,,N/A - From RDC,,,,,,SCMS from RDC,,Efavirenz,Generic,50mg,,,,,,,,,,,,111-MZ-T01,SO-577,DN-279,PMO - US,From RDC,N/A - From RDC,Air,Pre-PQ Process,21-Sep-07,21-Sep-07,21-Sep-07,ARV,Pediatric,"Efavirenz 50mg, capsule, 30 Caps",Capsule,30.0,570.0,1949.4,3.42,0.11,"Aurobindo Unit III, India",Yes,35,364.51,3.12,
12522,,,,,Mozambique,,,,,,N/A - From RDC,,,,,,SCMS from RDC,,Ritonavir,Norvir,100mg,,,,,,,,,,,,111-MZ-T01,SO-18330,DN-1002,PMO - US,From RDC,N/A - From RDC,Air,Pre-PQ Process,27-Nov-08,27-Nov-08,27-Nov-08,ARV,Adult,"Ritonavir 100mg [Norvir], capsules, cool, 4 x 84 Caps",Capsule,336.0,180.0,0.0,0.0,0.0,ABBVIE (Abbott) France,Yes,256,2765.64,0.0,Pre-PQ Process
54035,,,,,Haiti,,,,,,8/3/2012,,,,,,Aurobindo Pharma Limited,,Didanosine,Generic,400mg,,,,,,,,,,,,106-HT-T30,SCMS-147150,ASN-16343,PMO - US,Direct Drop,EXW,Air,4/20/2012,4-Oct-12,4-Oct-12,4-Oct-12,ARV,Adult,"Didanosine 400mg, delayed-release capsules, 30 Caps",Delayed-release capsules,30.0,48.0,960.0,20.0,0.67,"Aurobindo Unit III, India",Yes,4,970.79,1.35,FPQ-9621
25477,114-UG-T30,FPQ-7268,SCMS-104110,ASN-12478,Uganda,PMO - US,Direct Drop,CIP,Air,3/11/11,3/25/11,19-Oct-11,19-Oct-11,19-Oct-11,ARV,Adult,MERCK SHARP & DOHME IDEA GMBH (FORMALLY MERCK SHARP & DOHME B.V.),"Raltegravir 400mg [Isentress], tablets, 60 Tabs",Raltegravir,Isentress,400mg,Tablet,60.0,274.0,25071.0,91.5,1.52,"MSD, Haarlem, NL",Yes,28,501,41.37,,,,,,,,,,,,,,,,,,,,,,,,,,
11267,,,,,Zimbabwe,,,,,,N/A - From RDC,,,,,,SCMS from RDC,,"HIV 1/2, Determine HIV Kit, without Lancets",Determine,,,,,,,,,,,,,113-ZW-T01,SO-1873,DN-773,PMO - US,From RDC,N/A - From RDC,Air,Pre-PQ Process,17-Jun-08,17-Jun-08,17-Jun-08,HRDT,HIV test,"HIV 1/2, Determine HIV Kit, without Lancets, 100 Tests",Test kit,100.0,550.0,39594.5,71.99,0.72,Inverness Japan,Yes,161,939.12,63.35,Pre-PQ Process
85162,104-CI-T30,FPQ-5925,SO-37120,DN-2033,Côte d'Ivoire,PMO - US,From RDC,N/A - From RDC,Truck,6/23/10,N/A - From RDC,28-Oct-10,23-Nov-10,23-Nov-10,ARV,Adult,SCMS from RDC,"Lamivudine/Zidovudine 150/300mg, tablets, 60 Tabs",Lamivudine/Zidovudine,Generic,150/300mg,Tablet - FDC,60.0,50928.0,435434.4,8.55,0.14,Hetero Unit III Hyderabad IN,No,See DN-2033 (ID#:82922),See DN-2033 (ID#:82922),938.8,,,,,,,,,,,,,,,,,,,,,,,,,,
49837,,FPQ-8365,,,Rwanda,,,,,,11/11/2011,,,,,,ABBVIE LOGISTICS (FORMERLY ABBOTT LOGISTICS BV),,Ritonavir,Norvir,100mg,,,,,,,,,,,,107-RW-T30,SCMS-126450,ASN-13722,PMO - US,Direct Drop,FCA,Air,10/26/2011,27-Feb-12,27-Feb-12,27-Feb-12,ARV,Adult,"Ritonavir 100mg [Norvir], film coated tablets, 60 Tabs",Tablet,60.0,110.0,753.5,6.85,0.11,ABBVIE Ludwigshafen Germany,Yes,43,1046.02,1.24,
3153,,Pre-PQ Process,,,Botswana,,,,,,4/28/2008,,,,,,"Orgenics, Ltd",,"HIV, Lancet, Safety, for HIV Test kits, 100 Pcs",Generic,,,,,,,,,,,,,102-BW-T01,SCMS-22730,ASN-1939,PMO - US,Direct Drop,EXW,Air,Pre-PQ Process,31-Jul-08,7-Jul-08,7-Jul-08,HRDT,HIV test - Ancillary,"HIV, Lancet, Safety, for HIV Test kits, 100 Pcs",Test kit - Ancillary,100.0,100.0,1.0,0.01,0.0,Inverness Japan,Yes,Weight Captured Separately,Invoiced Separately,0.0,
85269,,,,,Côte d'Ivoire,,,,,,N/A - From RDC,,,,,,SCMS from RDC,,Abacavir/Lamivudine/Zidovudine,Generic,300/150/300mg,,,,,,,,,,,,104-CI-T30,SO-41471,DN-2698,PMO - US,From RDC,N/A - From RDC,Air Charter,1/30/2012,20-Jun-12,15-Jun-12,15-Jun-12,ARV,Adult,"Abacavir/Lamivudine/Zidovudine 300/150/300mg, tablets, 60 Tabs",Tablet - FDC,60.0,3136.0,94080.0,30.0,0.5,Mylan (formerly Matrix) Nashik,Yes,478,2330.22,131.9,FPQ-9261
3040,,,,,Zambia,,,,,,2/25/2008,,,,,,"Orgenics, Ltd",,"HIV 1/2, Determine HIV Kit, without Lancets",Determine,,,,,,,,,,,,,110-ZM-T01,SCMS-18070,ASN-1576,PMO - US,Direct Drop,EXW,Air,Pre-PQ Process,22-Apr-08,5-May-08,5-May-08,HRDT,HIV test,"HIV 1/2, Determine HIV Kit, without Lancets, 100 Tests",Test kit,100.0,2000.0,143980.0,71.99,0.72,Inverness Japan,Yes,455,4113.16,230.37,Pre-PQ Process
11312,,Pre-PQ Process,,,Kenya,,,,,,N/A - From RDC,,,,,,SCMS from RDC,,Efavirenz,Stocrin/Sustiva,30mg/ml,,,,,,,,,,,,127-KE-T01,SO-29010,DN-1193,PMO - US,From RDC,N/A - From RDC,Truck,Pre-PQ Process,23-Apr-09,23-Apr-09,23-Apr-09,ARV,Pediatric,"Efavirenz 30mg/ml [Stocrin/Sustiva], oral solution, Bottle, 180 ml",Oral solution,180.0,3930.0,39.3,0.01,0.0,"MSD, Haarlem, NL",Yes,Weight Captured Separately,Invoiced Separately,0.08,
83595,151-NG-T30,FPQ-8952,SO-41258,DN-2707,Nigeria,PMO - US,From RDC,N/A - From RDC,Air Charter,12/8/11,N/A - From RDC,20-Jun-12,3-Jun-12,3-Jun-12,ARV,Adult,SCMS from RDC,"Emtricitabine/Tenofovir Disoproxil Fumarate 200/300mg, tablets, 30 Tabs",Emtricitabine/Tenofovir Disoproxil Fumarate,Generic,200/300mg,Tablet - FDC,30.0,8257.0,66386.28,8.04,0.27,"Aurobindo Unit III, India",Yes,814,17090,93.07,,,,,,,,,,,,,,,,,,,,,,,,,,
83525,,,,,Zambia,,,,,,N/A - From RDC,,,,,,SCMS from RDC,,Nevirapine,Generic,200mg,,,,,,,,,,,,110-ZM-T30,SO-38741,DN-2322,PMO - US,From RDC,N/A - From RDC,Truck,2/3/2011,29-Sep-11,29-Aug-11,29-Aug-11,ARV,Adult,"Nevirapine 200mg, tablets, 60 Tabs",Tablet,60.0,31892.0,80048.92,2.51,0.04,Hetero Unit III Hyderabad IN,No,See DN-2322 (ID#:82973),See DN-2322 (ID#:82973),132.08,FPQ-7085
3302,108-VN-T01,Pre-PQ Process,SCMS-27370,ASN-2806,Vietnam,PMO - US,Direct Drop,EXW,Air,Pre-PQ Process,7/24/08,29-Nov-08,29-Nov-08,29-Nov-08,ARV,Adult,CIPLA LIMITED,"Lamivudine/Nevirapine/Stavudine 150/200/30mg, tablets, 60 Tabs",Lamivudine/Nevirapine/Stavudine,Generic,150/200/30mg,Tablet - FDC,60.0,1440.0,10440.0,7.25,0.12,"Cipla, Goa, India",Yes,128,2147.61,20.46,,,,,,,,,,,,,,,,,,,,,,,,,,
86538,,FPQ-10210,,,Mozambique,,,,,,N/A - From RDC,,,,,,SCMS from RDC,,Lamivudine/Nevirapine/Zidovudine,Generic,150/300/200mg,,,,,,,,,,,,111-MZ-T30,SO-42832,DN-2965,PMO - US,From RDC,N/A - From RDC,Truck,6/28/2012,11-Jan-13,11-Jan-13,11-Jan-13,ARV,Adult,"Lamivudine/Nevirapine/Zidovudine 150/200/300mg, tablets, 60 Tabs",Tablet - FDC,60.0,67609.0,650398.58,9.62,0.16,"Aurobindo Unit III, India",No,See DN-2965 (ID#:85321),See DN-2965 (ID#:85321),911.86,
9937,116-ZA-T01,Pre-PQ Process,SCMS-28830,ASN-2503,South Africa,PMO - US,Direct Drop,DDP,Truck,Pre-PQ Process,Date Not Captured,25-Aug-08,14-Aug-08,14-Aug-08,ARV,Pediatric,S. BUYS WHOLESALER,"Didanosine 2g [Videx], powder for oral solution 10mg/ml, reconstitute to 200 ml",Didanosine,Videx,2g,Powder for oral solution,200.0,10.0,125.4,12.54,0.06,"BMS Meymac, France",No,Weight Captured Separately,Freight Included in Commodity Cost,0.2,,,,,,,,,,,,,,,,,,,,,,,,,,
49919,,FPQ-14516,,,Vietnam,,,,,,8/8/2014,,,,,,MYLAN LABORATORIES LTD (FORMERLY MATRIX LABORATORIES),,Lamivudine/Nevirapine/Zidovudine,Generic,150/300/200mg,,,,,,,,,,,,108-VN-T30,SCMS-251670,ASN-29770,PMO - US,Direct Drop,EXW,Air,7/9/2014,15-Jan-15,15-Jan-15,15-Jan-15,ARV,Adult,"Lamivudine/Nevirapine/Zidovudine 150/200/300mg, tablets, 60 Tabs",Tablet - FDC,60.0,7000.0,56700.0,8.1,0.13,Mylan (formerly Matrix) Nashik,Yes,974,1069.31,58.29,
73585,,FPQ-14942,,,South Africa,,,,,,3/9/2015,,,,,,PHARMACY DIRECT,,Raltegravir,Isentress,400mg,,,,,,,,,,,,116-ZA-T30,SCMS-259074,ASN-31069,PMO - US,Direct Drop,DDP,Truck,9/11/2014,9-Mar-15,9-Mar-15,9-Mar-15,ARV,Adult,"Raltegravir 400mg [Isentress], tablets, 60 Tabs",Tablet,60.0,62.0,3792.2,61.16,1.02,"MSD, Haarlem, NL",No,Weight Captured Separately,Freight Included in Commodity Cost,3.9,
21742,102-GY-T30,FPQ-6501,SCMS-89530,ASN-8827,Guyana,PMO - US,Direct Drop,EXW,Air,10/8/10,10/27/10,19-Nov-10,19-Nov-10,19-Nov-10,HRDT,HIV test,"CHEMBIO DIAGNOSTIC SYSTEMS, INC.","HIV 1/2, Stat-Pak HIV, Kit, 20 Tests","HIV 1/2, Stat-Pak HIV, Kit",Stat-Pak,,Test kit,20.0,40.0,1080.0,27.0,1.35,Chembio Diagnostics Sys. Inc.,Yes,14,269.98,1.78,,,,,,,,,,,,,,,,,,,,,,,,,,
43286,,,,,Haiti,,,,,,6/28/2012,,,,,,MYLAN LABORATORIES LTD (FORMERLY MATRIX LABORATORIES),,Efavirenz/Lamivudine/Tenofovir Disoproxil Fumarate,Generic,600/300/300mg,,,,,,,,,,,,106-HT-T30,SCMS-148440,ASN-15571,PMO - US,Direct Drop,EXW,Ocean,5/14/2012,22-Oct-12,22-Oct-12,22-Oct-12,ARV,Adult,"Efavirenz/Lamivudine/Tenofovir Disoproxil Fumarate 600/300/300mg, tablets, 30 Tabs",Tablet - FDC,30.0,33480.0,435240.0,13.0,0.43,Mylan (formerly Matrix) Nashik,No,See ASN-15571 (ID#:21091),See ASN-15571 (ID#:21091),610.21,FPQ-9635
11948,110-ZM-T01,Pre-PQ Process,SO-2543,DN-975,Zambia,PMO - US,From RDC,N/A - From RDC,Truck,Pre-PQ Process,N/A - From RDC,25-Nov-08,25-Nov-08,25-Nov-08,ARV,Adult,SCMS from RDC,"Emtricitabine/Tenofovir Disoproxil Fumarate 200/300mg [Truvada], tablets, 30 Tabs",Emtricitabine/Tenofovir Disoproxil Fumarate,Truvada,300/200mg,Tablet - FDC,30.0,100000.0,2625000.0,26.25,0.88,"Aspen-OSD, Port Elizabeth, SA",Yes,88190,11519.94,5145.0,,,,,,,,,,,,,,,,,,,,,,,,,,
10348,,,,,South Africa,,,,,,Date Not Captured,,,,,,S. BUYS WHOLESALER,,Stavudine,Generic,30mg,,,,,,,,,,,,116-ZA-T01,SCMS-41090,ASN-3626,PMO - US,Direct Drop,DDP,Air,Pre-PQ Process,9-Jun-09,27-Jan-09,27-Jan-09,ARV,Adult,"Stavudine 30mg, capsules, 60 Caps",Capsule,60.0,24150.0,59892.0,2.48,0.04,"Aurobindo Unit III, India",No,Weight Captured Separately,Freight Included in Commodity Cost,117.39,Pre-PQ Process
23375,106-HT-T30,FPQ-15038,SCMS-263030,ASN-30812,Haiti,PMO - US,Direct Drop,EXW,Air,10/22/14,12/24/14,26-Mar-15,26-Mar-15,30-Mar-15,ARV,Adult,HETERO LABS LIMITED,"Lamivudine 150mg, tablets, 60 Tabs",Lamivudine,Generic,150mg,Tablet,60.0,3600.0,6480.0,1.8,0.03,Hetero Unit III Hyderabad IN,Yes,216,2612.79,6.66,,,,,,,,,,,,,,,,,,,,,,,,,,
85508,113-ZW-T30,FPQ-13508,SO-47540,DN-3825,Zimbabwe,PMO - US,From RDC,N/A - From RDC,Truck,12/24/13,N/A - From RDC,30-Sep-14,29-Jun-14,4-Aug-14,ARV,Adult,SCMS from RDC,"Lamivudine/Tenofovir Disoproxil Fumarate 300/300mg, tablets, 30 Tabs",Lamivudine/Tenofovir Disoproxil Fumarate,Generic,300/300mg,Tablet - FDC,30.0,75701.0,350495.63,4.63,0.15,"Cipla, Kurkumbh, India",No,See DN-3825 (ID#:82702),See DN-3825 (ID#:82702),360.31,,,,,,,,,,,,,,,,,,,,,,,,,,
33807,,,,,Haiti,,,,,,2/5/2013,,,,,,ABBVIE LOGISTICS (FORMERLY ABBOTT LOGISTICS BV),,Lopinavir/Ritonavir,Generic,100/25mg,,,,,,,,,,,,106-HT-T30,SCMS-176360,ASN-21068,PMO - US,Direct Drop,FCA,Air,1/16/2013,11-Sep-13,11-Sep-13,11-Sep-13,ARV,Pediatric,"Lopinavir/Ritonavir 100/25mg [Aluvia], tablets, 60 Tabs",Tablet,60.0,612.0,3635.28,5.94,0.1,ABBVIE Ludwigshafen Germany,Yes,76,1259.05,4.5,FPQ-11287
82467,,FPQ-8464,,,Zimbabwe,,,,,,N/A - From RDC,,,,,,SCMS from RDC,,Lamivudine/Zidovudine,Generic,150/300mg,,,,,,,,,,,,113-ZW-T30,SO-40850,DN-2605,PMO - US,From RDC,N/A - From RDC,Truck,10/4/2011,13-Apr-12,10-Apr-12,10-Apr-12,ARV,Adult,"Lamivudine/Zidovudine 150/300mg, tablets, 60 Tabs",Tablet - FDC,60.0,3345.0,26760.0,8.0,0.13,"Aurobindo Unit VII, IN",Yes,21063,29250.68,44.15,
85980,,,,,Côte d'Ivoire,,,,,,N/A - From RDC,,,,,,SCMS from RDC,,Lopinavir/Ritonavir,Generic,200/50mg,,,,,,,,,,,,104-CI-T30,SO-44230,DN-3215,PMO - US,From RDC,N/A - From RDC,Truck,12/14/2012,31-Jul-13,6-Aug-13,6-Aug-13,ARV,Adult,"Lopinavir/Ritonavir 200/50mg, tablets, 120 Tabs",Tablet,120.0,16000.0,336000.0,21.0,0.18,"Aurobindo Unit III, India",Yes,3893,17548.41,415.63,FPQ-11253
82721,,,,,Mozambique,,,,,,N/A - From RDC,,,,,,SCMS from RDC,,Lamivudine/Stavudine,Generic,150/30mg,,,,,,,,,,,,111-MZ-T30,SO-48882,DN-3855,PMO - US,From RDC,N/A - From RDC,Truck,5/2/2014,31-Dec-14,27-Oct-14,7-Nov-14,ARV,Adult,"Lamivudine/Stavudine 150/30mg, tablets, 60 Tabs",Tablet - FDC,60.0,3068.0,7976.8,2.6,0.04,"Strides, Bangalore, India.",Yes,150,118.16,8.2,FPQ-14226
84640,113-ZW-T30,FPQ-6470,SO-37850,DN-2181,Zimbabwe,PMO - US,From RDC,N/A - From RDC,Truck,10/13/10,N/A - From RDC,31-Mar-11,20-May-11,20-May-11,ARV,Adult,SCMS from RDC,"Lamivudine/Nevirapine/Stavudine 150/200/30mg, tablets, 60 Tabs",Lamivudine/Nevirapine/Stavudine,Generic,150/200/30mg,Tablet - FDC,60.0,88719.0,493277.64,5.56,0.09,"Cipla, Goa, India",Yes,11668,15697.15,1063.51,,,,,,,,,,,,,,,,,,,,,,,,,,
82650,109-TZ-T30,FPQ-12354,SO-45742,DN-3532,Tanzania,PMO - US,From RDC,N/A - From RDC,Truck,5/16/13,N/A - From RDC,31-Jan-14,19-Feb-14,24-Feb-14,ARV,Adult,SCMS from RDC,"Efavirenz/Lamivudine/Tenofovir Disoproxil Fumarate 600/300/300mg, tablets, 30 Tabs",Efavirenz/Lamivudine/Tenofovir Disoproxil Fumarate,Generic,600/300/300mg,Tablet - FDC,30.0,46066.0,500737.42,10.87,0.36,Mylan (formerly Matrix) Nashik,Yes,5175,3541.59,619.41,,,,,,,,,,,,,,,,,,,,,,,,,,
2015,,Pre-PQ Process,,,South Africa,,,,,,Date Not Captured,,,,,,S. BUYS WHOLESALER,,Nevirapine,Viramune,10mg/ml,,,,,,,,,,,,116-ZA-T01,SCMS-28830,ASN-2503,PMO - US,Direct Drop,DDP,Truck,Pre-PQ Process,25-Aug-08,14-Aug-08,14-Aug-08,ARV,Pediatric,"Nevirapine 10mg/ml [Viramune], oral suspension, Bottle, 240 ml",Oral suspension,240.0,40.0,557.6,13.94,0.06,"BI, Ingelheim, Germany",No,Weight Captured Separately,Freight Included in Commodity Cost,0.89,
86410,,FPQ-7052,,,Zimbabwe,,,,,,N/A - From RDC,,,,,,SCMS from RDC,,Lamivudine/Tenofovir Disoproxil Fumarate,Generic,300/300mg,,,,,,,,,,,,113-ZW-T30,SO-38512,DN-2343,PMO - US,From RDC,N/A - From RDC,Truck,1/19/2011,30-Sep-11,7-Oct-11,7-Oct-11,ARV,Adult,"Lamivudine/Tenofovir Disoproxil Fumarate 300/300mg, tablets, 30 Tabs",Tablet - FDC,30.0,10114.0,83238.22,8.23,0.27,Mylan (formerly Matrix) Nashik,No,See DN-2343 (ID#:82977),See DN-2343 (ID#:82977),137.34,
52803,116-ZA-T30,FPQ-14942,SCMS-259074,ASN-31070,South Africa,PMO - US,Direct Drop,DDP,Truck,9/11/14,3/9/15,9-Mar-15,9-Mar-15,9-Mar-15,ARV,Pediatric,PHARMACY DIRECT,"Lamivudine 10mg/ml, oral solution, Bottle, 240 ml",Lamivudine,Generic,10mg/ml,Oral solution,240.0,4.0,20.67,5.17,0.02,"Aurobindo Unit III, India",No,Weight Captured Separately,Freight Included in Commodity Cost,0.02,,,,,,,,,,,,,,,,,,,,,,,,,,
70788,133-NG-T30,FPQ-9599,SCMS-144200,ASN-15698,Nigeria,PMO - US,Direct Drop,EXW,Air,3/27/12,5/3/12,1-Aug-12,1-Aug-12,1-Aug-12,HRDT,HIV test,"Orgenics, Ltd","HIV 1/2, Determine Complete HIV Kit, 100 Tests","HIV 1/2, Determine Complete HIV Kit",Determine,,Test kit,100.0,3200.0,284800.0,89.0,0.89,"Alere Medical Co., Ltd.",Yes,1533,35813.98,399.29,,,,,,,,,,,,,,,,,,,,,,,,,,
18494,117-ET-T30,FPQ-9096,SCMS-133400,ASN-14924,Ethiopia,PMO - US,Direct Drop,EXW,Air,1/5/12,1/23/12,18-May-12,18-May-12,18-May-12,HRDT,HIV test,"SHANGHAI KEHUA BIOENGINEERING CO.,LTD.  (KHB)","HIV 1/2, SKB Colloidal Gold, Diagnostic Kit, Antibody, 50 Tests","HIV 1/2, Colloidal Gold, Diagnostic Kit, Antibody",Colloidal Gold,,Test kit,1.0,175.0,4287.5,24.5,24.5,"KHB Test Kit Facility, Shanghai China",Yes,128,1584.09,6.01,,,,,,,,,,,,,,,,,,,,,,,,,,
19406,,,,,Vietnam,,,,,,11/7/2012,,,,,,HETERO LABS LIMITED,,Zidovudine,Generic,300mg,,,,,,,,,,,,108-VN-T30,SCMS-164680,ASN-18664,PMO - US,Direct Drop,EXW,Air,10/15/2012,2-Apr-13,2-Apr-13,2-Apr-13,ARV,Adult,"Zidovudine 300mg, tablets, 60 Tabs",Tablet,60.0,1082.0,6221.5,5.75,0.1,Hetero Unit III Hyderabad IN,Yes,2228,3565.08,7.7,FPQ-10811
84574,151-NG-T30,FPQ-5023,SO-36446,DN-1904,Nigeria,PMO - US,From RDC,N/A - From RDC,Air,2/10/10,N/A - From RDC,15-Jul-10,28-Jun-10,28-Jun-10,ARV,Adult,SCMS from RDC,"Efavirenz 600mg, tablets, 30 Tabs",Efavirenz,Generic,600mg,Tablet,30.0,200.0,920.0,4.6,0.15,"Aurobindo Unit III, India",Yes,17,Freight Included in Commodity Cost,1.98,,,,,,,,,,,,,,,,,,,,,,,,,,
17373,,FPQ-4740,,,Mozambique,,,,,,1/29/2010,,,,,,INTERNATIONAL HEALTHCARE DISTRIBUTORS,,Ritonavir,Norvir,100mg,,,,,,,,,,,,111-MZ-T30,SCMS-62340,ASN-7341,PMO - US,Direct Drop,CIP,Air,12/23/2009,23-Jun-10,23-Jun-10,23-Jun-10,ARV,Adult,"Ritonavir 100mg [Norvir], capsules, cool, 84 Caps",Capsule,84.0,320.0,3312.0,10.35,0.12,ABBVIE (Abbott) Logis. UK,Yes,Weight Captured Separately,Freight Included in Commodity Cost,7.14,
82653,,FPQ-12416,,,Mozambique,,,,,,N/A - From RDC,,,,,,SCMS from RDC,,Abacavir,Generic,300mg,,,,,,,,,,,,111-MZ-T30,SO-45890,DN-3553,PMO - US,From RDC,N/A - From RDC,Truck,6/28/2013,3-Jun-14,3-Jun-14,11-Jun-14,ARV,Adult,"Abacavir 300mg, tablets, 60 Tabs",Tablet,60.0,10000.0,113600.0,11.36,0.19,Mylan (formerly Matrix) Nashik,Yes,3118,4768.06,140.52,
12560,,Pre-PQ Process,,,Côte d'Ivoire,,,,,,N/A - From RDC,,,,,,SCMS from RDC,,Lopinavir/Ritonavir,Kaletra,80/20mg/ml,,,,,,,,,,,,104-CI-T01,SO-27030,DN-1161,PMO - US,From RDC,N/A - From RDC,Air,Pre-PQ Process,20-Mar-09,20-Mar-09,20-Mar-09,ARV,Pediatric,"Lopinavir/Ritonavir 80/20mg/ml [Kaletra], oral solution, cool, Bottle 5 x 60 ml",Oral solution,300.0,896.0,36825.6,41.1,0.14,ABBVIE (Abbott) Logis. UK,Yes,Weight Captured Separately,Invoiced Separately,72.18,
16693,,,,,Kenya,,,,,,2/3/2011,,,,,,"Orgenics, Ltd",,"HIV 1/2, Determine Complete HIV Kit",Determine,,,,,,,,,,,,,102-KE-T30,SCMS-98350,ASN-10471,PMO - US,Direct Drop,FCA,Air,1/19/2011,17-May-11,17-May-11,17-May-11,HRDT,HIV test,"HIV 1/2, Determine Complete HIV Kit, 100 Tests",Test kit,100.0,12315.0,1096035.0,89.0,0.89,Inverness Japan,Yes,3637,38452.73,1808.46,FPQ-7056
11533,,,,,Nigeria,,,,,,N/A - From RDC,,,,,,SCMS from RDC,,Lamivudine/Nevirapine/Zidovudine,Generic,150/300/200mg,,,,,,,,,,,,131-NG-T01,SO-2575,DN-737,PMO - US,From RDC,N/A - From RDC,Air,Pre-PQ Process,14-May-08,14-May-08,14-May-08,ARV,Adult,"Lamivudine/Nevirapine/Zidovudine 150/200/300mg, tablets, 60 Tabs",Tablet - FDC,60.0,164.0,2177.92,13.28,0.22,"Aurobindo Unit III, India",Yes,2095,10098.25,3.48,Pre-PQ Process
10809,107-RW-T01,Pre-PQ Process,SO-249,DN-6,Rwanda,PMO - US,From RDC,N/A - From RDC,Air,Pre-PQ Process,N/A - From RDC,1-Feb-07,1-Feb-07,1-Feb-07,ARV,Adult,SCMS from RDC,"Abacavir 300mg, tablets, 60 Tabs",Abacavir,Generic,300mg,Tablet,60.0,600.0,21480.0,35.8,0.6,"Aurobindo Unit III, India",Yes,55,913.15,,,,,,,,,,,,,,,,,,,,,,,,,,,
67011,113-ZW-T30,FPQ-13939,SCMS-240570,ASN-27581,Zimbabwe,PMO - US,Direct Drop,EXW,Air Charter,4/1/14,5/27/14,17-Sep-14,17-Sep-14,19-Sep-14,ARV,Adult,HETERO LABS LIMITED,"Lamivudine/Tenofovir Disoproxil Fumarate 300/300mg, tablets, 30 Tabs",Lamivudine/Tenofovir Disoproxil Fumarate,Generic,300/300mg,Tablet - FDC,30.0,47136.0,217768.32,4.62,0.15,Hetero Unit III Hyderabad IN,Yes,5151,29257.65,223.87,,,,,,,,,,,,,,,,,,,,,,,,,,
31892,,FPQ-4752,,,Ethiopia,,,,,,12/29/2009,,,,,,STRIDES ARCOLAB LIMITED,,Lamivudine/Stavudine,Generic,150/30mg,,,,,,,,,,,,117-ET-T30,SCMS-61150,ASN-5843,PMO - US,Direct Drop,EXW,Air,12/23/2009,22-Jan-10,22-Jan-10,22-Jan-10,ARV,Adult,"Lamivudine/Stavudine 150/30mg, tablets, 60 Tabs",Tablet - FDC,60.0,39939.0,134594.43,3.37,0.06,"Strides, Bangalore, India.",Yes,2038,11789.31,290.19,
9100,,,,,Nigeria,,,,,,4/9/2009,,,,,,"Orgenics, Ltd",,"HIV 1/2, Determine Complete HIV Kit",Determine,,,,,,,,,,,,,133-NG-T01,SCMS-43320,ASN-4100,PMO - US,Direct Drop,EXW,Air,Pre-PQ Process,24-Jun-09,8-Jun-09,8-Jun-09,HRDT,HIV test,"HIV 1/2, Determine Complete HIV Kit, 100 Tests",Test kit,100.0,1500.0,120000.0,80.0,0.8,Inverness Japan,Yes,445,7120,235.2,Pre-PQ Process
54035,,FPQ-9621,,,Haiti,,,,,,8/3/2012,,,,,,Aurobindo Pharma Limited,,Didanosine,Generic,400mg,,,,,,,,,,,,106-HT-T30,SCMS-147150,ASN-16343,PMO - US,Direct Drop,EXW,Air,4/20/2012,4-Oct-12,4-Oct-12,4-Oct-12,ARV,Adult,"Didanosine 400mg, delayed-release capsules, 30 Caps",Delayed-release capsules,30.0,48.0,960.0,20.0,0.67,"Aurobindo Unit III, India",Yes,4,970.79,1.35,
82680,,,,,Uganda,,,,,,N/A - From RDC,,,,,,SCMS from RDC,,Lamivudine/Nevirapine/Zidovudine,Generic,150/300/200mg,,,,,,,,,,,,114-UG-T30,SO-46875,DN-3732,PMO - US,From RDC,N/A - From RDC,Truck,10/16/2013,30-Jun-14,30-Jun-14,1-Jul-14,ARV,Adult,"Lamivudine/Nevirapine/Zidovudine 150/200/300mg, tablets, 60 Tabs",Tablet - FDC,60.0,100000.0,811000.0,8.11,0.14,"Aurobindo Unit III, India",Yes,18737,9857.35,833.71,FPQ-13108
20280,,,,,Nigeria,,,,,,8/12/2009,,,,,,Hoffmann-La Roche ltd Basel,,Saquinavir,Invirase,500mg,,,,,,,,,,,,123-NG-T30,SCMS-51270,ASN-5524,PMO - US,Direct Drop,FCA,Air,8/3/2009,15-Dec-09,15-Dec-09,15-Dec-09,ARV,Adult,"Saquinavir 500mg [Invirase], tablets, 120 Tabs",Tablet,120.0,500.0,47667.85,95.34,0.79,Roche Basel,Yes,83,852.02,93.43,FPQ-4066
82507,,FPQ-9749,,,Côte d'Ivoire,,,,,,N/A - From RDC,,,,,,SCMS from RDC,,Lamivudine/Zidovudine,Generic,150/300mg,,,,,,,,,,,,104-CI-T30,SO-42382,DN-2837,PMO - US,From RDC,N/A - From RDC,Truck,4/19/2012,13-Nov-12,5-Sep-12,5-Sep-12,ARV,Adult,"Lamivudine/Zidovudine 150/300mg, tablets, 60 Tabs",Tablet - FDC,60.0,84900.0,660522.0,7.78,0.13,Mylan (formerly Matrix) Nashik,Yes,18204,36194.84,926.05,
86139,,FPQ-13628,,,Côte d'Ivoire,,,,,,N/A - From RDC,,,,,,SCMS from RDC,,Tenofovir Disoproxil Fumarate,Generic,300mg,,,,,,,,,,,,104-CI-T30,SO-49880,DN-3966,PMO - US,From RDC,N/A - From RDC,Truck,1/29/2014,31-Oct-14,17-Oct-14,7-Nov-14,ARV,Adult,"Tenofovir Disoproxil Fumarate 300mg, tablets, 30 Tabs",Tablet,30.0,2095.0,7583.9,3.62,0.12,Mylan (formerly Matrix) Nashik,No,See DN-3966 (ID#:82739),See DN-3966 (ID#:82739),7.8,
64685,,FPQ-12235,,,Guyana,,,,,,5/21/2013,,,,,,"CHEMBIO DIAGNOSTIC SYSTEMS, INC.",,"HIV 1/2, Stat-Pak HIV, Kit",Stat-Pak,,,,,,,,,,,,,105-GY-T30,SCMS-190750,ASN-20442,PMO - US,Direct Drop,EXW,Air,5/6/2013,17-Jul-13,17-Jul-13,17-Jul-13,HRDT,HIV test,"HIV 1/2, Stat-Pak HIV, Kit, 20 Tests",Test kit,20.0,25.0,725.0,29.0,1.45,Chembio Diagnostics Sys. Inc.,Yes,7,130,0.9,
10754,,Pre-PQ Process,,,Tanzania,,,,,,N/A - From RDC,,,,,,SCMS from RDC,,Efavirenz,Generic,600mg,,,,,,,,,,,,109-TZ-T01,SO-11820,DN-868,PMO - US,From RDC,N/A - From RDC,Air,Pre-PQ Process,22-Aug-08,22-Aug-08,22-Aug-08,ARV,Adult,"Efavirenz 600mg, tablets, 30 Tabs",Tablet,30.0,145000.0,1741450.0,12.01,0.4,Mylan (formerly Matrix) Nashik,Yes,11186,9330,2786.32,
82845,114-UG-T30,FPQ-4275,SO-33860,DN-1522,Uganda,PMO - US,From RDC,N/A - From RDC,Air,9/17/09,N/A - From RDC,3-Dec-09,30-Nov-09,30-Nov-09,ARV,Adult,SCMS from RDC,"Lamivudine/Nevirapine/Zidovudine 150/200/300mg, tablets, 60 Tabs",Lamivudine/Nevirapine/Zidovudine,Generic,150/300/200mg,Tablet - FDC,60.0,15584.0,174852.48,11.22,0.19,"Aurobindo Unit III, India",Yes,6843,15170.33,342.71,,,,,,,,,,,,,,,,,,,,,,,,,,
6394,,Pre-PQ Process,,,South Africa,,,,,,Date Not Captured,,,,,,S. BUYS WHOLESALER,,Lamivudine,Generic,150mg,,,,,,,,,,,,116-ZA-T01,SCMS-40780,ASN-3607,PMO - US,Direct Drop,DDP,Air,Pre-PQ Process,17-Mar-09,28-Nov-08,28-Nov-08,ARV,Adult,"Lamivudine 150mg, tablets, 60 Tabs",Tablet,60.0,5000.0,27450.0,5.49,0.09,"Aurobindo Unit III, India",No,Weight Captured Separately,Freight Included in Commodity Cost,53.8,
6623,110-ZM-T01,Pre-PQ Process,SCMS-162,ASN-115,Zambia,PMO - US,Direct Drop,CIP,Air,Pre-PQ Process,Date Not Captured,5-Dec-06,5-Dec-06,5-Dec-06,ARV,Pediatric,INTERNATIONAL HEALTHCARE DISTRIBUTORS,"Lopinavir/Ritonavir 80/20mg/ml [Kaletra], oral solution, cool, Bottle 5 x 60 ml",Lopinavir/Ritonavir,Kaletra,80/20mg/ml,Oral solution,300.0,70.0,2877.0,41.1,0.14,ABBVIE (Abbott) Logis. UK,Yes,57,Freight Included in Commodity Cost,,,,,,,,,,,,,,,,,,,,,,,,,,,
3375,,Pre-PQ Process,,,Côte d'Ivoire,,,,,,9/3/2008,,,,,,IDA FOUNDATION,,Artesunate+Amodiaquine,Generic,50+153mg,,,,,,,,,,,,104-CI-T01,SCMS-29340,ASN-2921,PMO - US,Direct Drop,EXW,Air,Pre-PQ Process,23-Jan-09,23-Jan-09,23-Jan-09,ACT,ACT,"Artesunate+Amodiaquine 50+153mg, tablets, co-blister 6+6 Tabs",Tablet - FDC + co-blister,12.0,50000.0,19500.0,0.39,0.03,Ipca Dadra/Nagar Haveli IN,No,See ASN-2921 (ID#:719),See ASN-2921 (ID#:719),38.22,
33634,,FPQ-6262,,,South Africa,,,,,,9/24/2010,,,,,,Aurobindo Pharma Limited,,Efavirenz,Generic,600mg,,,,,,,,,,,,161-ZA-T30,SCMS-83830,ASN-9196,PMO - US,Direct Drop,DDP,Ocean,8/31/2010,1-Feb-11,1-Feb-11,1-Feb-11,ARV,Adult,"Efavirenz 600mg, tablets, 30 Tabs",Tablet,30.0,96764.0,438340.92,4.53,0.15,"Aurobindo Unit III, India",Yes,8468,30412.15,945.06,
9753,,Pre-PQ Process,,,South Africa,,,,,,Date Not Captured,,,,,,S. BUYS WHOLESALER,,Saquinavir,Invirase,200mg,,,,,,,,,,,,116-ZA-T01,SCMS-23500,ASN-2300,PMO - US,Direct Drop,DDP,Truck,Pre-PQ Process,20-Aug-08,14-May-08,14-May-08,ARV,Adult,"Saquinavir 200mg [Invirase], capsules, 270 Caps",Capsule,270.0,4.0,285.52,71.38,0.26,Roche Basel,No,Weight Captured Separately,Freight Included in Commodity Cost,0.46,
11887,,,,,Uganda,,,,,,N/A - From RDC,,,,,,SCMS from RDC,,Zidovudine,Generic,300mg,,,,,,,,,,,,114-UG-T01,SO-2674,DN-797,PMO - US,From RDC,N/A - From RDC,Air,Pre-PQ Process,11-Jul-08,11-Jul-08,11-Jul-08,ARV,Adult,"Zidovudine 300mg, tablets, 60 Tabs",Tablet,60.0,46.0,368.0,8.0,0.13,"Aurobindo Unit III, India",No,See DN-797 (ID#:10966),See DN-797 (ID#:10966),0.59,Pre-PQ Process
48516,106-HT-T30,FPQ-15038,SCMS-262950,ASN-30813,Haiti,PMO - US,Direct Drop,EXW,Air,10/22/14,12/24/14,30-Mar-15,30-Mar-15,31-Mar-15,ARV,Pediatric,Aurobindo Pharma Limited,"Zidovudine 100mg, capsules, 100 Caps",Zidovudine,Generic,100mg,Capsule,100.0,120.0,540.0,4.5,0.04,"Aurobindo Unit III, India",Yes,9,820.56,0.56,,,,,,,,,,,,,,,,,,,,,,,,,,
35279,116-ZA-T30,FPQ-12522,SCMS-199289,ASN-28037,South Africa,PMO - US,Direct Drop,DDP,Truck,7/11/13,8/29/14,29-Aug-14,29-Aug-14,29-Aug-14,ARV,Adult,S. BUYS WHOLESALER,"Efavirenz 600mg, tablets, 30 Tabs",Efavirenz,Generic,600mg,Tablet,30.0,768.0,12726.75,16.57,0.55,Hetero Unit III Hyderabad IN,No,Weight Captured Separately,Freight Included in Commodity Cost,15.74,,,,,,,,,,,,,,,,,,,,,,,,,,
30974,,FPQ-12051,,,Vietnam,,,,,,8/19/2013,,,,,,ABBVIE LOGISTICS (FORMERLY ABBOTT LOGISTICS BV),,Ritonavir,Norvir,100mg,,,,,,,,,,,,108-VN-T30,SCMS-188580,ASN-21380,PMO - US,Direct Drop,FCA,Air,5/3/2013,16-Sep-13,16-Sep-13,16-Sep-13,ARV,Adult,"Ritonavir 100mg [Norvir], film coated tablets, 30 Tabs",Tablet,30.0,429.0,9978.54,23.26,0.78,ABBVIE Ludwigshafen Germany,Yes,43,421.24,12.34,
13899,,FPQ-14942,,,South Africa,,,,,,11/28/2014,,,,,,PHARMACY DIRECT,,Efavirenz,Generic,200mg,,,,,,,,,,,,116-ZA-T30,SCMS-259071,ASN-29597,PMO - US,Direct Drop,DDP,Truck,9/11/2014,28-Nov-14,28-Nov-14,28-Nov-14,ARV,Pediatric,"Efavirenz 200mg, capsule, 90 Caps",Capsule,90.0,16.0,272.7,17.04,0.19,"Aurobindo Unit III, India",Yes,Weight Captured Separately,Freight Included in Commodity Cost,0.28,
58252,,,,,South Sudan,,,,,,6/20/2012,,,,,,"Orgenics, Ltd",,"HIV, Capillary Tubes, for Determine, EDTA, 50uL,100 Pcs",Determine,,,,,,,,,,,,,105-SS-T30,SCMS-147640,ASN-15985,PMO - US,Direct Drop,EXW,Air,5/18/2012,20-Sep-12,20-Sep-12,20-Sep-12,HRDT,HIV test - Ancillary,"Capillary Tubes, for Determine, EDTA, 50uL,100 Pcs",Test kit - Ancillary,100.0,326.0,2608.0,8.0,0.08,"Alere Medical Co., Ltd.",No,See ASN-15985 (ID#:30320),See ASN-15985 (ID#:30320),3.66,FPQ-9807
25483,900-TG-T30,FPQ-15921,SCMS-278370,ASN-31081,Togo,PMO - US,Direct Drop,EXW,Air,2/18/15,2/27/15,23-Apr-15,23-Apr-15,1-Jun-15,ARV,Adult,HETERO LABS LIMITED,"Lamivudine/Tenofovir Disoproxil Fumarate 300/300mg, tablets, 30 Tabs",Lamivudine/Tenofovir Disoproxil Fumarate,Generic,300/300mg,Tablet - FDC,30.0,6678.0,30051.0,4.5,0.15,Hetero Unit III Hyderabad IN,Yes,734,3710.65,35.37,,,,,,,,,,,,,,,,,,,,,,,,,,
85377,,FPQ-11545,,,Zimbabwe,,,,,,N/A - From RDC,,,,,,SCMS from RDC,,Nevirapine,Generic,200mg,,,,,,,,,,,,113-ZW-T30,SO-44340,DN-3231,PMO - US,From RDC,N/A - From RDC,Truck,1/24/2013,31-Jul-13,6-Aug-13,6-Aug-13,ARV,Adult,"Nevirapine 200mg, tablets, 60 Tabs",Tablet,60.0,98203.0,221938.78,2.26,0.04,"Cipla, Goa, India",No,See DN-3231 (ID#:84831),See DN-3231 (ID#:84831),274.54,
78419,,,,,Zimbabwe,,,,,,7/18/2012,,,,,,ABBVIE LOGISTICS (FORMERLY ABBOTT LOGISTICS BV),,Lopinavir/Ritonavir,Kaletra,80/20mg/ml,,,,,,,,,,,,103-ZW-T30,SCMS-148310,ASN-18001,PMO - US,Direct Drop,FCA,Air,5/29/2012,9-Feb-13,14-Mar-13,14-Mar-13,ARV,Pediatric,"Lopinavir/Ritonavir 80/20mg/ml [Kaletra], oral solution, cool, Bottle 5 x 60 ml",Oral solution,300.0,1021.0,31467.22,30.82,0.1,ABBVIE (Abbott) Logis. UK,Yes,1013,13257.79,44.12,FPQ-9905
82871,,,,,Nigeria,,,,,,N/A - From RDC,,,,,,SCMS from RDC,,Zidovudine,Generic,300mg,,,,,,,,,,,,151-NG-T30,SO-35095,DN-1745,PMO - US,From RDC,N/A - From RDC,Air Charter,11/6/2009,19-Apr-10,30-Mar-10,30-Mar-10,ARV,Adult,"Zidovudine 300mg, tablets, 60 Tabs",Tablet,60.0,50.0,375.0,7.5,0.12,Mylan (formerly Matrix) Nashik,Yes,3,Freight Included in Commodity Cost,0.81,FPQ-4537
82954,100-BJ-T30,FPQ-7658,SO-39790,DN-2237,Benin,PMO - US,From RDC,N/A - From RDC,Air,5/15/11,N/A - From RDC,13-Jun-11,9-Jun-11,9-Jun-11,ARV,Adult,SCMS from RDC,"Efavirenz 600mg, tablets, 30 Tabs",Efavirenz,Generic,600mg,Tablet,30.0,72029.0,303962.38,4.22,0.14,Mylan (formerly Matrix) Nashik,Yes,7682,28541.79,501.54,,,,,,,,,,,,,,,,,,,,,,,,,,
10969,,,,,Nigeria,,,,,,N/A - From RDC,,,,,,SCMS from RDC,,Stavudine,Generic,1mg/ml,,,,,,,,,,,,112-NG-T01,SO-2350,DN-718,PMO - US,From RDC,N/A - From RDC,Air,Pre-PQ Process,21-Apr-08,21-Apr-08,21-Apr-08,ARV,Pediatric,"Stavudine 1mg/ml, powder for oral solution, 200 ml",Oral solution,200.0,16.0,22.4,1.4,0.01,"Aurobindo Unit III, India",No,See DN-718 (ID#:10968),See DN-718 (ID#:10968),0.04,Pre-PQ Process
11664,,,,,Mozambique,,,,,,N/A - From RDC,,,,,,SCMS from RDC,,Stavudine,Generic,30mg,,,,,,,,,,,,111-MZ-T01,SO-32200,DN-1336,PMO - US,From RDC,N/A - From RDC,Air,Date Not Captured,3-Sep-09,3-Sep-09,3-Sep-09,ARV,Adult,"Stavudine 30mg, capsules, 60 Caps",Capsule,60.0,370.0,551.3,1.49,0.02,"Strides, Bangalore, India.",Yes,18,423.89,1.08,Pre-PQ Process
83038,,,,,Uganda,,,,,,N/A - From RDC,,,,,,SCMS from RDC,,Efavirenz,Generic,600mg,,,,,,,,,,,,114-UG-T30,SO-42050,DN-2675,PMO - US,From RDC,N/A - From RDC,Air,5/9/2012,4-Jul-12,12-Jun-12,12-Jun-12,ARV,Adult,"Efavirenz 600mg, tablets, 30 Tabs",Tablet,30.0,20000.0,78200.0,3.91,0.13,"Strides, Bangalore, India.",Yes,2501,18520.22,109.64,FPQ-9875
84179,151-NG-T30,FPQ-9432,SO-41681,DN-2727,Nigeria,PMO - US,From RDC,N/A - From RDC,Air Charter,3/1/12,N/A - From RDC,2-Aug-12,9-Jul-12,9-Jul-12,ARV,Adult,SCMS from RDC,"Nevirapine 200mg, tablets, 60 Tabs",Nevirapine,Generic,200mg,Tablet,60.0,37844.0,92339.36,2.44,0.04,Hetero Unit III Hyderabad IN,No,See DN-2727 (ID#:83053),See DN-2727 (ID#:83053),129.46,,,,,,,,,,,,,,,,,,,,,,,,,,
76135,,,,,Vietnam,,,,,,4/14/2011,,,,,,HETERO LABS LIMITED,,Lamivudine/Nevirapine/Stavudine,Generic,150/200/30mg,,,,,,,,,,,,108-VN-T30,SCMS-105530,ASN-11955,PMO - US,Direct Drop,EXW,Air,3/31/2011,26-Sep-11,26-Sep-11,26-Sep-11,ARV,Adult,"Lamivudine/Nevirapine/Stavudine 150/200/30mg, tablets, 60 Tabs",Tablet - FDC,60.0,37075.0,177960.0,4.8,0.08,Hetero Unit III Hyderabad IN,No,See ASN-11955 (ID#:61190),See ASN-11955 (ID#:61190),293.63,FPQ-7427
1798,,Pre-PQ Process,,,Vietnam,,,,,,5/13/2008,,,,,,STRIDES ARCOLAB LIMITED,,Stavudine,Generic,30mg,,,,,,,,,,,,108-VN-T01,SCMS-23470,ASN-2244,PMO - US,Direct Drop,EXW,Air,Pre-PQ Process,19-Aug-08,19-Aug-08,19-Aug-08,ARV,Adult,"Stavudine 30mg, capsules, 60 Caps",Capsule,60.0,10780.0,15631.0,1.45,0.02,"Strides, Bangalore, India.",Yes,502,7575.6,25.01,
23787,144-BW-T30,FPQ-4167,SCMS-54110,ASN-5951,Botswana,PMO - US,Direct Drop,EXW,Air,9/9/09,9/30/09,3-Mar-10,3-Mar-10,3-Mar-10,HRDT,HIV test,"Trinity Biotech, Plc","HIV 1/2, Uni-Gold HIV Kit, 20 Tests","HIV 1/2, Uni-Gold HIV Kit",Uni-Gold,,Test kit,20.0,5.0,160.0,32.0,1.6,"Trinity Biotech, Plc",Yes,3,603.53,0.31,,,,,,,,,,,,,,,,,,,,,,,,,,
12143,,Pre-PQ Process,,,Ethiopia,,,,,,N/A - From RDC,,,,,,SCMS from RDC,,Nevirapine,Generic,200mg,,,,,,,,,,,,117-ET-T01,SO-1530,DN-525,PMO - US,From RDC,N/A - From RDC,Air,Pre-PQ Process,20-Dec-07,20-Dec-07,20-Dec-07,ARV,Adult,"Nevirapine 200mg, tablets, 60 Tabs",Tablet,60.0,1255.0,4267.0,3.4,0.06,"Aurobindo Unit III, India",Yes,120,1318,6.83,
11072,,Pre-PQ Process,,,Lebanon,,,,,,N/A - From RDC,,,,,,SCMS from RDC,,Saquinavir,Invirase,200mg,,,,,,,,,,,,100-LB-T01,SO-33890,DN-1486,PMO - US,From RDC,N/A - From RDC,Air,Date Not Captured,18-Nov-09,18-Nov-09,18-Nov-09,ARV,Adult,"Saquinavir 200mg [Invirase], capsules, 270 Caps",Capsule,270.0,200.0,2.0,0.01,0.0,Roche Basel,Yes,Weight Captured Separately,Invoiced Separately,0.0,
11133,112-NG-T01,Pre-PQ Process,SO-663,DN-190,Nigeria,PMO - US,From RDC,N/A - From RDC,,Pre-PQ Process,N/A - From RDC,26-Jun-07,26-Jun-07,26-Jun-07,ARV,Adult,SCMS from RDC,"Stavudine 30mg, capsules, 60 Caps",Stavudine,Generic,30mg,Capsule,60.0,700.0,1064.0,1.52,0.03,"Strides, Bangalore, India.",No,See DN-190 (ID#:10570),See DN-190 (ID#:10570),1.7,,,,,,,,,,,,,,,,,,,,,,,,,,
77552,,,,,Nigeria,,,,,,7/10/2013,,,,,,"Orgenics, Ltd",,"HIV 1/2, Determine Complete HIV Kit",Determine,,,,,,,,,,,,,133-NG-T30,SCMS-196561,ASN-22172,PMO - US,Direct Drop,EXW,Air,6/10/2013,7-Nov-13,7-Nov-13,17-Nov-13,HRDT,HIV test,"HIV 1/2, Determine Complete HIV Kit, 100 Tests",Test kit,100.0,3036.0,270204.0,89.0,0.89,"Alere Medical Co., Ltd.",Yes,1233,20602.3,334.24,FPQ-12456
70991,161-ZA-T30,FPQ-7175,SCMS-103700,ASN-12628,South Africa,PMO - US,Direct Drop,DDP,Ocean,3/10/11,3/23/11,7-Dec-11,7-Dec-11,7-Dec-11,ARV,Adult,HETERO LABS LIMITED,"Efavirenz 600mg, tablets, 30 Tabs",Efavirenz,Generic,600mg,Tablet,30.0,92500.0,435675.0,4.71,0.16,Hetero Unit III Hyderabad IN,Yes,7878,8134.37,718.86,,,,,,,,,,,,,,,,,,,,,,,,,,
82498,,,,,Côte d'Ivoire,,,,,,N/A - From RDC,,,,,,SCMS from RDC,,Efavirenz/Emtricitabine/Tenofovir Disoproxil Fumarate,Generic,600/200/300mg,,,,,,,,,,,,104-CI-T30,SO-41190,DN-2776,PMO - US,From RDC,N/A - From RDC,Air,11/11/2011,20-Aug-12,18-Aug-12,18-Aug-12,ARV,Adult,"Efavirenz/Emtricitabine/Tenofovir Disoproxil Fumarate 600/200/300mg, tablets, 30 Tabs",Tablet - FDC,30.0,14880.0,223795.2,15.04,0.5,Mylan (formerly Matrix) Nashik,Yes,1674,4754.53,313.76,FPQ-8790
68496,,,,,Haiti,,,,,,1/7/2015,,,,,,HETERO LABS LIMITED,,Tenofovir Disoproxil Fumarate,Generic,300mg,,,,,,,,,,,,106-HT-T30,SCMS-262980,ASN-30463,PMO - US,Direct Drop,EXW,Ocean,10/22/2014,9-Apr-15,9-Apr-15,13-Apr-15,ARV,Adult,"Tenofovir Disoproxil Fumarate 300mg, tablets, 30 Tabs",Tablet,30.0,336.0,1192.8,3.55,0.12,Hetero Unit III Hyderabad IN,No,See ASN-30463 (ID#:15460),See ASN-30463 (ID#:15460),1.23,FPQ-15038
80090,,,,,Nigeria,,,,,,8/13/2012,,,,,,"Orgenics, Ltd",,"HIV 1/2, Determine Complete HIV Kit",Determine,,,,,,,,,,,,,133-NG-T30,SCMS-155321,ASN-17165,PMO - US,Direct Drop,EXW,Air,7/17/2012,28-Nov-12,28-Nov-12,28-Nov-12,HRDT,HIV test,"HIV 1/2, Determine Complete HIV Kit, 100 Tests",Test kit,100.0,1139.0,101371.0,89.0,0.89,"Alere Medical Co., Ltd.",Yes,542,13117.86,142.12,FPQ-10349
61783,,FPQ-12540,,,Tanzania,,,,,,8/27/2013,,,,,,MYLAN LABORATORIES LTD (FORMERLY MATRIX LABORATORIES),,Efavirenz/Emtricitabine/Tenofovir Disoproxil Fumarate,Generic,600/200/300mg,,,,,,,,,,,,109-TZ-T30,SCMS-198801,ASN-21504,PMO - US,Direct Drop,EXW,Ocean,7/3/2013,23-Oct-13,23-Oct-13,23-Oct-13,ARV,Adult,"Efavirenz/Emtricitabine/Tenofovir Disoproxil Fumarate 600/200/300mg, tablets, 30 Tabs",Tablet - FDC,30.0,65763.0,821379.87,12.49,0.42,Mylan (formerly Matrix) Nashik,Yes,8182,7814.59,1016.05,
38021,,FPQ-14942,,,South Africa,,,,,,10/9/2014,,,,,,PHARMACY DIRECT,,Abacavir,Generic,300mg,,,,,,,,,,,,116-ZA-T30,SCMS-259077,ASN-33477,PMO - US,Direct Drop,DDP,Truck,9/11/2014,24-Jul-15,24-Jul-15,24-Jul-15,ARV,Adult,"Abacavir 300mg, tablets, 60 Tabs",Tablet,60.0,33.0,1645.14,49.85,0.83,"Aurobindo Unit III, India",No,Weight Captured Separately,Freight Included in Commodity Cost,1.69,
50514,,,,,Haiti,,,,,,2/19/2014,,,,,,"Orgenics, Ltd",,"HIV 1/2, Determine Complete HIV Kit",Determine,,,,,,,,,,,,,106-HT-T30,SCMS-225412,ASN-26564,PMO - US,Direct Drop,EXW,Air,1/21/2014,7-Aug-14,7-Aug-14,12-Aug-14,HRDT,HIV test,"HIV 1/2, Determine Complete HIV Kit, 100 Tests",Test kit,100.0,4500.0,450000.0,100.0,1.0,"Alere Medical Co., Ltd.",Yes,1825,17758.82,462.6,FPQ-13494
86797,,,,,Uganda,,,,,,N/A - From RDC,,,,,,SCMS from RDC,,Lamivudine/Nevirapine/Zidovudine,Generic,150/300/200mg,,,,,,,,,,,,114-UG-T30,SO-50670,DN-4215,PMO - US,From RDC,N/A - From RDC,Truck,12/22/2014,30-Apr-15,22-Apr-15,24-Apr-15,ARV,Adult,"Lamivudine/Nevirapine/Zidovudine 150/200/300mg, tablets, 60 Tabs",Tablet - FDC,60.0,21667.0,167269.24,7.72,0.13,Mylan (formerly Matrix) Nashik,No,Weight Captured Separately,Freight Included in Commodity Cost,196.88,FPQ-15639
51016,,,,,Nigeria,,,,,,3/13/2015,,,,,,"Orgenics, Ltd",,"HIV 1/2, Determine Complete HIV Kit",Determine,,,,,,,,,,,,,133-NG-T30,SCMS-270770,ASN-31786,PMO - US,Direct Drop,EXW,Air,12/8/2014,7-May-15,7-May-15,13-May-15,HRDT,HIV test,"HIV 1/2, Determine Complete HIV Kit, 100 Tests",Test kit,100.0,6360.0,566040.0,89.0,0.89,"Alere Medical Co., Ltd.",Yes,2579,28759.53,666.23,FPQ-15504
77082,,FPQ-13494,,,Haiti,,,,,,2/19/2014,,,,,,"Orgenics, Ltd",,"HIV 1/2, Determine Complete HIV Kit",Determine,,,,,,,,,,,,,106-HT-T30,SCMS-225413,ASN-28731,PMO - US,Direct Drop,EXW,Air,1/21/2014,6-Nov-14,6-Nov-14,19-Nov-14,HRDT,HIV test,"HIV 1/2, Determine Complete HIV Kit, 100 Tests",Test kit,100.0,4000.0,400000.0,100.0,1.0,"Alere Medical Co., Ltd.",Yes,1624,14758.34,411.2,
83776,106-HT-T30,FPQ-13648,SO-47800,DN-3587,Haiti,PMO - US,From RDC,N/A - From RDC,Air,2/3/14,N/A - From RDC,5-May-14,24-Mar-14,6-May-14,ARV,Pediatric,SCMS from RDC,"Lamivudine 10mg/ml, oral solution w/syringe, Bottle, 240 ml",Lamivudine,Generic,10mg/ml,Oral solution,240.0,4000.0,5720.0,1.43,0.01,"Aurobindo Unit III, India",Yes,2769,29216.84,5.88,,,,,,,,,,,,,,,,,,,,,,,,,,
85131,,FPQ-5023,,,Nigeria,,,,,,N/A - From RDC,,,,,,SCMS from RDC,,Lamivudine/Zidovudine,Generic,150/300mg,,,,,,,,,,,,151-NG-T30,SO-36542,DN-1945,PMO - US,From RDC,N/A - From RDC,Air Charter,2/10/2010,15-Jul-10,28-Jun-10,28-Jun-10,ARV,Adult,"Lamivudine/Zidovudine 150/300mg, tablets, 60 Tabs",Tablet - FDC,60.0,15000.0,131400.0,8.76,0.15,"Aurobindo Unit III, India",Yes,1040,Freight Included in Commodity Cost,283.3,
75153,,FPQ-12812,,,Nigeria,,,,,,11/1/2013,,,,,,"CHEMBIO DIAGNOSTIC SYSTEMS, INC.",,"HIV 1/2, Stat-Pak HIV, Kit",Stat-Pak,,,,,,,,,,,,,133-NG-T30,SCMS-210340,ASN-23200,PMO - US,Direct Drop,EXW,Air,8/13/2013,3-Jan-14,3-Jan-14,13-Jan-14,HRDT,HIV test,"HIV 1/2, Stat-Pak HIV, Kit, 20 Tests",Test kit,20.0,3337.0,106784.0,32.0,1.6,Chembio Diagnostics Sys. Inc.,Yes,1252,5758.84,132.09,
84016,151-NG-T30,FPQ-5023,SO-36445,DN-1903,Nigeria,PMO - US,From RDC,N/A - From RDC,Air,2/10/10,N/A - From RDC,15-Jul-10,28-Jun-10,28-Jun-10,ARV,Adult,SCMS from RDC,"Efavirenz 600mg, tablets, 30 Tabs",Efavirenz,Generic,600mg,Tablet,30.0,804.0,3698.4,4.6,0.15,"Aurobindo Unit III, India",Yes,68,Freight Included in Commodity Cost,7.97,,,,,,,,,,,,,,,,,,,,,,,,,,
47853,,FPQ-4157,,,Tanzania,,,,,,9/3/2009,,,,,,"Orgenics, Ltd",,"HIV 1/2, Determine HIV Kit, without Lancets",Determine,,,,,,,,,,,,,109-TZ-T30,SCMS-52775,ASN-5402,PMO - US,Direct Drop,EXW,Air,8/27/2009,18-Jan-10,18-Jan-10,18-Jan-10,HRDT,HIV test,"HIV 1/2, Determine HIV Kit, without Lancets, 100 Tests",Test kit,100.0,2024.0,141680.0,70.0,0.7,Inverness Japan,Yes,461,6923.2,277.69,
83173,,,,,Zambia,,,,,,N/A - From RDC,,,,,,SCMS from RDC,,Nevirapine,Generic,200mg,,,,,,,,,,,,110-ZM-T30,SO-45091,DN-3361,PMO - US,From RDC,N/A - From RDC,Truck,4/19/2013,29-Nov-13,29-Nov-13,12-Dec-13,ARV,Adult,"Nevirapine 200mg, tablets, 60 Tabs",Tablet,60.0,80000.0,180800.0,2.26,0.04,"Aurobindo Unit III, India",No,See DN-3361 (ID#:83172),See DN-3361 (ID#:83172),223.65,FPQ-12066
84067,,,,,Côte d'Ivoire,,,,,,N/A - From RDC,,,,,,SCMS from RDC,,Didanosine,Generic,200mg,,,,,,,,,,,,104-CI-T30,SO-38300,DN-2139,PMO - US,From RDC,N/A - From RDC,Air,6/23/2010,15-Mar-11,29-Mar-11,29-Mar-11,ARV,Pediatric,"Didanosine 200mg, chewable/dispersible tablets, 60 Tabs",Chewable/dispersible tablet,60.0,648.0,10044.0,15.5,0.26,"Aurobindo Unit III, India",Yes,138,17941.47,21.65,FPQ-5925
17348,,,,,South Africa,,,,,,4/21/2010,,,,,,S. BUYS WHOLESALER,,Efavirenz,Generic,50mg,,,,,,,,,,,,116-ZA-T30,SCMS-71370,ASN-7373,PMO - US,Direct Drop,DDP,Truck,4/19/2010,31-May-10,31-May-10,31-May-10,ARV,Pediatric,"Efavirenz 50mg, capsule, 30 Caps",Capsule,30.0,300.0,1046.28,3.49,0.12,"Aurobindo Unit III, India",Yes,Weight Captured Separately,Freight Included in Commodity Cost,2.26,FPQ-5535
67057,,,,,Rwanda,,,,,,6/9/2014,,,,,,"Orgenics, Ltd",,"HIV 1/2, Determine Complete HIV Kit",Determine,,,,,,,,,,,,,107-RW-T30,SCMS-239700,ASN-28331,PMO - US,Direct Drop,EXW,Air,4/17/2014,17-Oct-14,17-Oct-14,17-Oct-14,HRDT,HIV test,"HIV 1/2, Determine Complete HIV Kit, 100 Tests",Test kit,100.0,1891.0,151280.0,80.0,0.8,"Alere Medical Co., Ltd.",Yes,766,14125.63,155.52,FPQ-14090
56996,,,,,Zimbabwe,,,,,,2/17/2010,,,,,,"Orgenics, Ltd",,"HIV 1/2, Determine Complete HIV Kit",Determine,,,,,,,,,,,,,100-ZW-T30,SCMS-65350,ASN-6753,PMO - US,Direct Drop,EXW,Air,2/2/2010,20-May-10,31-May-10,31-May-10,HRDT,HIV test,"HIV 1/2, Determine Complete HIV Kit, 100 Tests",Test kit,100.0,2450.0,176400.0,72.0,0.72,Inverness Japan,Yes,1183,21170.3,380.32,FPQ-5018
8922,109-TZ-T01,Pre-PQ Process,SCMS-38410,ASN-4381,Tanzania,PMO - US,Direct Drop,FCA,Air,Pre-PQ Process,2/5/09,11-Aug-09,11-Aug-09,11-Aug-09,ARV,Adult,ABBVIE LOGISTICS (FORMERLY ABBOTT LOGISTICS BV),"Lopinavir/Ritonavir 200/50mg [Aluvia], tablets, 120 Tabs",Lopinavir/Ritonavir,Aluvia,200/50mg,Tablet,120.0,60.0,2466.0,41.1,0.34,ABBVIE Ludwigshafen Germany,No,See ASN-4381 (ID#:4949),See ASN-4381 (ID#:4949),4.83,,,,,,,,,,,,,,,,,,,,,,,,,,
51155,,,,,Haiti,,,,,,1/21/2010,,,,,,Orasure Technologies Inc.,,"HIV 1/2, OraQuick Advance HIV Rapid Antibody Kit",OraQuick,,,,,,,,,,,,,106-HT-T30,SCMS-63790,ASN-6064,PMO - US,Direct Drop,EXW,Air,1/7/2010,2-Mar-10,2-Mar-10,2-Mar-10,HRDT,HIV test,"HIV 1/2, OraQuick Advance HIV Rapid Antibody Kit, 100 Tests",Test kit,100.0,100.0,35000.0,350.0,3.5,"Pacific Biotech, Thailand",Yes,240,5362.39,75.46,FPQ-4822
85673,,,,,Haiti,,,,,,N/A - From RDC,,,,,,SCMS from RDC,,Efavirenz,Generic,600mg,,,,,,,,,,,,106-HT-T30,SO-34650,DN-1833,PMO - US,From RDC,N/A - From RDC,Air,10/23/2009,19-May-10,19-May-10,19-May-10,ARV,Adult,"Efavirenz 600mg, tablets, 30 Tabs",Tablet,30.0,6576.0,31236.0,4.75,0.16,"Strides, Bangalore, India.",No,See DN-1833 (ID#:84565),See DN-1833 (ID#:84565),67.34,FPQ-4384
12276,113-ZW-T01,Pre-PQ Process,SO-18111,DN-1214,Zimbabwe,PMO - US,From RDC,N/A - From RDC,Air,Pre-PQ Process,N/A - From RDC,12-May-09,12-May-09,12-May-09,ARV,Adult,SCMS from RDC,"Lamivudine/Stavudine 150/30mg, tablets, 60 Tabs",Lamivudine/Stavudine,Generic,150/30mg,Tablet - FDC,60.0,4000.0,16000.0,4.0,0.07,"Cipla, Goa, India",Yes,305,2698.04,31.36,,,,,,,,,,,,,,,,,,,,,,,,,,
49378,,FPQ-4141,,,Zambia,,,,,,9/11/2009,,,,,,"Trinity Biotech, Plc",,"HIV 1/2, Uni-Gold HIV Kit",Uni-Gold,,,,,,,,,,,,,110-ZM-T30,SCMS-53260,ASN-5857,PMO - US,Direct Drop,EXW,Air,8/31/2009,3-Feb-10,3-Feb-10,3-Feb-10,HRDT,HIV test,"HIV 1/2, Uni-Gold HIV Kit, 20 Tests",Test kit,20.0,5500.0,176000.0,32.0,1.6,"Trinity Biotech, Plc",Yes,1907,17975.84,344.96,
12364,,Pre-PQ Process,,,Mozambique,,,,,,N/A - From RDC,,,,,,SCMS from RDC,,Abacavir/Lamivudine/Zidovudine,Trizivir,300/150/300mg,,,,,,,,,,,,111-MZ-T01,SO-578,DN-184,PMO - US,From RDC,N/A - From RDC,Air,Pre-PQ Process,11-Jul-07,11-Jul-07,11-Jul-07,ARV,Adult,"Abacavir/Lamivudine/Zidovudine 300/150/300mg [Trizivir], tablets, 60 Tabs",Tablet - FDC,60.0,1171.0,81970.0,70.0,1.17,GSK Ware (UK),No,See DN-184 (ID#:12060),See DN-184 (ID#:12060),,
46860,,,,,Vietnam,,,,,,7/1/2010,,,,,,STRIDES ARCOLAB LIMITED,,Lamivudine/Nevirapine/Zidovudine,Generic,150/300/200mg,,,,,,,,,,,,108-VN-T30,SCMS-77470,ASN-8455,PMO - US,Direct Drop,EXW,Air,6/23/2010,25-Oct-10,25-Oct-10,25-Oct-10,ARV,Adult,"Lamivudine/Nevirapine/Zidovudine 150/200/300mg, tablets, 60 Tabs",Tablet - FDC,60.0,24000.0,264000.0,11.0,0.18,"Strides, Bangalore, India.",Yes,2769,10546.68,569.18,FPQ-5899
83107,111-MZ-T30,FPQ-11033,SO-43760,DN-3012,Mozambique,PMO - US,From RDC,N/A - From RDC,Truck,11/12/12,N/A - From RDC,1-Apr-13,22-Mar-13,22-Mar-13,ARV,Adult,SCMS from RDC,"Lamivudine/Zidovudine 150/300mg, tablets, 60 Tabs",Lamivudine/Zidovudine,Generic,150/300mg,Tablet - FDC,60.0,39096.0,284227.92,7.27,0.12,"Aurobindo Unit III, India",Yes,3591,7733.77,351.59,,,,,,,,,,,,,,,,,,,,,,,,,,
86043,,,,,Rwanda,,,,,,N/A - From RDC,,,,,,SCMS from RDC,,Lopinavir/Ritonavir,Generic,200/50mg,,,,,,,,,,,,107-RW-T30,SO-46484,DN-3536,PMO - US,From RDC,N/A - From RDC,Truck,8/2/2013,31-Jan-14,25-Feb-14,13-Mar-14,ARV,Adult,"Lopinavir/Ritonavir 200/50mg, tablets, 120 Tabs",Tablet,120.0,5247.0,107458.56,20.48,0.17,Mylan (formerly Matrix) Nashik,Yes,1382,8456.96,132.93,FPQ-12766
57016,104-CI-T30,FPQ-12806,SCMS-206570,ASN-24432,Côte d'Ivoire,PMO - US,Direct Drop,EXW,Air,8/9/13,9/17/13,27-Feb-14,27-Feb-14,26-Mar-14,ARV,Pediatric,Aurobindo Pharma Limited,"Zidovudine 100mg, capsules, 100 Caps",Zidovudine,Generic,100mg,Capsule,100.0,400.0,1800.0,4.5,0.04,"Aurobindo Unit III, India",No,See ASN-24432 (ID#:40680),See ASN-24432 (ID#:40680),2.23,,,,,,,,,,,,,,,,,,,,,,,,,,
83819,,,,,Nigeria,,,,,,N/A - From RDC,,,,,,SCMS from RDC,,Lamivudine/Nevirapine/Zidovudine,Generic,150/300/200mg,,,,,,,,,,,,151-NG-T30,SO-47272,DN-3794,PMO - US,From RDC,N/A - From RDC,Air Charter,11/19/2013,30-Jun-14,20-Jun-14,25-Jun-14,ARV,Adult,"Lamivudine/Nevirapine/Zidovudine 150/200/300mg, tablets, 60 Tabs",Tablet - FDC,60.0,63285.0,513241.35,8.11,0.14,Mylan (formerly Matrix) Nashik,No,See DN-3794 (ID#:82694),See DN-3794 (ID#:82694),527.61,FPQ-13293
84473,151-NG-T30,FPQ-14989,SO-51425,DN-4278,Nigeria,PMO - US,From RDC,N/A - From RDC,Air Charter,9/19/14,N/A - From RDC,30-Jun-15,15-May-15,22-May-15,ARV,Adult,SCMS from RDC,"Zidovudine 300mg, tablets, 60 Tabs",Zidovudine,Generic,300mg,Tablet,60.0,1220.0,6502.6,5.33,0.09,"Aurobindo Unit III, India",No,See DN-4278 (ID#:83338),See DN-4278 (ID#:83338),6.68,,,,,,,,,,,,,,,,,,,,,,,,,,
86522,,FPQ-9774,,,Tanzania,,,,,,N/A - From RDC,,,,,,SCMS from RDC,,Emtricitabine/Tenofovir Disoproxil Fumarate,Generic,200/300mg,,,,,,,,,,,,109-TZ-T30,SO-42650,DN-2883,PMO - US,From RDC,N/A - From RDC,Truck,5/2/2012,30-Nov-12,31-Oct-12,31-Oct-12,ARV,Adult,"Emtricitabine/Tenofovir Disoproxil Fumarate 200/300mg, tablets, 30 Tabs",Tablet - FDC,30.0,43040.0,283633.6,6.59,0.22,Mylan (formerly Matrix) Nashik,No,See DN-2883 (ID#:83630),See DN-2883 (ID#:83630),397.65,
11074,,Pre-PQ Process,,,Lebanon,,,,,,N/A - From RDC,,,,,,SCMS from RDC,,Lamivudine/Zidovudine,Generic,150/300mg,,,,,,,,,,,,100-LB-T01,SO-33910,DN-1488,PMO - US,From RDC,N/A - From RDC,Air,Date Not Captured,24-Nov-09,24-Nov-09,24-Nov-09,ARV,Adult,"Lamivudine/Zidovudine 150/300mg, tablets, 60 Tabs",Tablet - FDC,60.0,42.0,0.42,0.01,0.0,"Aurobindo Unit III, India",Yes,Weight Captured Separately,Invoiced Separately,0.0,
12329,114-UG-T01,Pre-PQ Process,SO-34290,DN-1528,Uganda,PMO - US,From RDC,N/A - From RDC,Air,Date Not Captured,N/A - From RDC,23-Nov-09,23-Nov-09,23-Nov-09,ARV,Adult,SCMS from RDC,"Lamivudine/Stavudine 150/30mg, tablets, 60 Tabs",Lamivudine/Stavudine,Generic,150/30mg,Tablet - FDC,60.0,60.0,240.0,4.0,0.07,"Cipla, Goa, India",Yes,4,396.08,0.52,,,,,,,,,,,,,,,,,,,,,,,,,,
30213,,,,,Rwanda,,,,,,9/27/2010,,,,,,Aurobindo Pharma Limited,,Zidovudine,Generic,10mg/ml,,,,,,,,,,,,107-RW-T30,SCMS-84910,ASN-10140,PMO - US,Direct Drop,EXW,Air,9/3/2010,8-Apr-11,8-Apr-11,8-Apr-11,ARV,Pediatric,"Zidovudine 10mg/ml, oral solution, Bottle, 240 ml",Oral solution,240.0,1992.0,4183.2,2.1,0.01,"Aurobindo Unit III, India",Yes,777,6400.44,9.02,FPQ-6341
12593,110-ZM-T01,Pre-PQ Process,SO-31900,DN-1286,Zambia,PMO - US,From RDC,N/A - From RDC,Air,Date Not Captured,N/A - From RDC,2-Jul-09,2-Jul-09,2-Jul-09,ARV,Pediatric,SCMS from RDC,"Efavirenz 200mg, capsule, 90 Caps",Efavirenz,Generic,200mg,Capsule,90.0,4000.0,61040.0,15.26,0.17,"Aurobindo Unit III, India",Yes,481,2951.12,119.64,,,,,,,,,,,,,,,,,,,,,,,,,,
51818,104-CI-T30,FPQ-6252,SCMS-85430,ASN-8572,Côte d'Ivoire,PMO - US,Direct Drop,EXW,Air,8/26/10,9/16/10,24-Nov-10,24-Nov-10,24-Nov-10,HRDT,HIV test - Ancillary,"CHEMBIO DIAGNOSTIC SYSTEMS, INC.","HIV 1/2, Stat-Pak Buffer Only, 20 Tests","HIV 1/2, Stat-Pak Buffer Only",Stat-Pak,,Test kit - Ancillary,1.0,660.0,1650.0,2.5,2.5,Chembio Diagnostics Sys. Inc.,Yes,Weight Captured Separately,Invoiced Separately,3.56,,,,,,,,,,,,,,,,,,,,,,,,,,
10501,,Pre-PQ Process,,,South Africa,,,,,,6/5/2009,,,,,,S. BUYS WHOLESALER,,Efavirenz,Generic,50mg,,,,,,,,,,,,116-ZA-T01,SCMS-47060,ASN-4815,PMO - US,Direct Drop,DDP,Truck,Pre-PQ Process,21-Jul-09,21-Jul-09,21-Jul-09,ARV,Pediatric,"Efavirenz 50mg, capsule, 30 Caps",Capsule,30.0,400.0,1468.0,3.67,0.12,"Aurobindo Unit III, India",Yes,Weight Captured Separately,Freight Included in Commodity Cost,2.88,
85280,114-UG-T30,FPQ-9875,SO-42081,DN-2747,Uganda,PMO - US,From RDC,N/A - From RDC,Air,5/9/12,N/A - From RDC,17-Aug-12,7-Aug-12,7-Aug-12,ARV,Adult,SCMS from RDC,"Lamivudine/Zidovudine 150/300mg, tablets, 60 Tabs",Lamivudine/Zidovudine,Generic,150/300mg,Tablet - FDC,60.0,26574.0,206745.72,7.78,0.13,"Cipla, Goa, India",Yes,2369,19980.62,289.86,,,,,,,,,,,,,,,,,,,,,,,,,,
61993,,,,,Mozambique,,,,,,7/30/2014,,,,,,"Trinity Biotech, Plc",,"HIV 1/2, Uni-Gold HIV Kit",Uni-Gold,,,,,,,,,,,,,111-MZ-T30,SCMS-247350,ASN-27821,PMO - US,Direct Drop,EXW,Air,5/15/2014,8-Sep-14,8-Sep-14,9-Sep-14,HRDT,HIV test,"HIV 1/2, Uni-Gold HIV Kit, 20 Tests",Test kit,20.0,8261.0,264352.0,32.0,1.6,"Trinity Biotech, Plc",Yes,298,16397.94,271.75,FPQ-14294
12046,,,,,Côte d'Ivoire,,,,,,N/A - From RDC,,,,,,SCMS from RDC,,Lamivudine/Zidovudine,Generic,150/300mg,,,,,,,,,,,,100-CI-T01,SO-285,DN-74,PMO - US,From RDC,N/A - From RDC,,Pre-PQ Process,30-Apr-07,30-Apr-07,30-Apr-07,ARV,Adult,"Lamivudine/Zidovudine 150/300mg, tablets, 60 Tabs",Tablet - FDC,60.0,6944.0,71176.0,10.25,0.17,"Aurobindo Unit III, India",No,See DN-74 (ID#:12045),See DN-74 (ID#:12045),,Pre-PQ Process
85181,,FPQ-6427,,,Uganda,,,,,,N/A - From RDC,,,,,,SCMS from RDC,,Nevirapine,Generic,200mg,,,,,,,,,,,,114-UG-T30,SO-38760,DN-2144,PMO - US,From RDC,N/A - From RDC,Truck,9/29/2010,31-Mar-11,1-Apr-11,1-Apr-11,ARV,Adult,"Nevirapine 200mg, tablets, 60 Tabs",Tablet,60.0,11979.0,30067.29,2.51,0.04,"Strides, Bangalore, India.",No,See DN-2144 (ID#:83493),See DN-2144 (ID#:83493),64.83,
82671,109-TZ-T30,FPQ-12354,SO-45740,DN-3659,Tanzania,PMO - US,From RDC,N/A - From RDC,Truck,5/16/13,N/A - From RDC,5-May-14,18-Jun-14,1-Jul-14,ARV,Adult,SCMS from RDC,"Efavirenz/Lamivudine/Tenofovir Disoproxil Fumarate 600/300/300mg, tablets, 30 Tabs",Efavirenz/Lamivudine/Tenofovir Disoproxil Fumarate,Generic,600/300/300mg,Tablet - FDC,30.0,116931.0,1260516.18,10.78,0.36,Mylan (formerly Matrix) Nashik,Yes,13280,7083.18,1559.26,,,,,,,,,,,,,,,,,,,,,,,,,,
85905,,FPQ-10641,,,Cameroon,,,,,,N/A - From RDC,,,,,,SCMS from RDC,,Lamivudine/Zidovudine,Generic,150/300mg,,,,,,,,,,,,900-CM-T30,SO-43390,DN-2886,PMO - US,From RDC,N/A - From RDC,Air Charter,9/19/2012,24-Oct-12,17-Oct-12,17-Oct-12,ARV,Adult,"Lamivudine/Zidovudine 150/300mg, tablets, 60 Tabs",Tablet - FDC,60.0,28057.0,216600.04,7.72,0.13,Hetero Unit III Hyderabad IN,No,See DN-2886 (ID#:82519),See DN-2886 (ID#:82519),303.67,
12604,,,,,Mozambique,,,,,,N/A - From RDC,,,,,,SCMS from RDC,,Lamivudine/Nevirapine/Stavudine,Generic,150/200/30mg,,,,,,,,,,,,111-MZ-T01,SO-32530,DN-1380,PMO - US,From RDC,N/A - From RDC,Truck,Date Not Captured,17-Sep-09,17-Sep-09,17-Sep-09,ARV,Adult,"Lamivudine/Nevirapine/Stavudine 150/200/30mg, tablets, 60 Tabs",Tablet - FDC,60.0,42000.0,299040.0,7.12,0.12,"Strides, Bangalore, India.",No,See DN-1380 (ID#:12000),See DN-1380 (ID#:12000),586.12,Pre-PQ Process
10472,100-BW-T01,Pre-PQ Process,SCMS-46460,ASN-4185,Botswana,PMO - US,Direct Drop,EXW,Air,Pre-PQ Process,5/26/09,10-Jul-09,10-Jul-09,10-Jul-09,HRDT,HIV test,"Trinity Biotech, Plc","HIV 1/2, Uni-Gold HIV Kit, 20 Tests","HIV 1/2, Uni-Gold HIV Kit",Uni-Gold,,Test kit,20.0,138.0,4416.0,32.0,1.6,"Trinity Biotech, Plc",Yes,56,1060.43,8.66,,,,,,,,,,,,,,,,,,,,,,,,,,
28309,,FPQ-13973,,,South Africa,,,,,,5/8/2014,,,,,,PHARMACY DIRECT,,Lopinavir/Ritonavir,Kaletra,80/20mg/ml,,,,,,,,,,,,116-ZA-T30,SCMS-238570,ASN-30715,PMO - US,Direct Drop,DDP,Truck,4/30/2014,16-Feb-15,16-Feb-15,16-Feb-15,ARV,Pediatric,"Lopinavir/Ritonavir 80/20mg/ml [Kaletra], oral solution, cool, Bottle 5 x 60 ml",Oral solution,300.0,3.0,66.2,22.07,0.07,ABBVIE (Abbott) Logis. UK,Yes,Weight Captured Separately,Freight Included in Commodity Cost,0.07,
62990,108-VN-T30,FPQ-10811,SCMS-166120,ASN-17672,Vietnam,PMO - US,Direct Drop,EXW,Air,10/15/12,11/9/12,29-Jan-13,29-Jan-13,29-Jan-13,ARV,Pediatric,Aurobindo Pharma Limited,"Zidovudine 10mg/ml, oral solution w/syringe, Bottle, 240 ml",Zidovudine,Generic,10mg/ml,Oral solution,240.0,691.0,1451.1,2.1,0.01,"Aurobindo Unit III, India",No,See ASN-17672 (ID#:15352),See ASN-17672 (ID#:15352),1.8,,,,,,,,,,,,,,,,,,,,,,,,,,
2994,116-ZA-T01,Pre-PQ Process,SCMS-16600,ASN-1520,South Africa,PMO - US,Direct Drop,DDP,,Pre-PQ Process,1/4/08,21-Jan-08,4-Jan-08,4-Jan-08,ARV,Adult,"JSI R&T INSTITUTE, INC.","Efavirenz 600mg [Stocrin/Sustiva], tablets, 30 Tabs",Efavirenz,Stocrin/Sustiva,600mg,Tablet,30.0,1200.0,23808.0,19.84,0.66,"MSD Midrand, J'burg, SA",No,Weight Captured Separately,Freight Included in Commodity Cost,38.09,,,,,,,,,,,,,,,,,,,,,,,,,,
49875,106-HT-T30,FPQ-10944,SCMS-168390,ASN-17743,Haiti,PMO - US,Direct Drop,DAP,Air,11/16/12,12/5/12,20-Dec-12,20-Dec-12,20-Dec-12,HRDT,HIV test,REINBOLD EXPORT IMPORT,"HIV 1/2, Determine Complete HIV Kit, 100 Tests","HIV 1/2, Determine Complete HIV Kit",Determine,,Test kit,100.0,4000.0,466000.0,116.5,1.16,"Alere Medical Co., Ltd.",Yes,Weight Captured Separately,Freight Included in Commodity Cost,576.44,,,,,,,,,,,,,,,,,,,,,,,,,,
19293,,,,,Mozambique,,,,,,5/13/2009,,,,,,GLAXOSMITHKLINE EXPORT LIMITED,,Abacavir/Lamivudine/Zidovudine,Trizivir,300/150/300mg,,,,,,,,,,,,111-MZ-T30,SCMS-45670,ASN-5525,PMO - US,Direct Drop,CIP,Air,3/25/2009,4-Dec-09,4-Dec-09,4-Dec-09,ARV,Adult,"Abacavir/Lamivudine/Zidovudine 300/150/300mg [Trizivir], tablets, 60 Tabs",Tablet - FDC,60.0,4.0,214.84,53.71,0.9,GSK Ware (UK),Yes,155,Freight Included in Commodity Cost,0.42,FPQ-3588
86475,,FPQ-8790,,,Côte d'Ivoire,,,,,,N/A - From RDC,,,,,,SCMS from RDC,,Abacavir,Generic,300mg,,,,,,,,,,,,104-CI-T30,SO-41200,DN-2652,PMO - US,From RDC,N/A - From RDC,Air,11/11/2011,30-May-12,30-May-12,30-May-12,ARV,Adult,"Abacavir 300mg, tablets, 60 Tabs",Tablet,60.0,620.0,8153.0,13.15,0.22,Mylan (formerly Matrix) Nashik,No,See DN-2652 (ID#:82477),See DN-2652 (ID#:82477),11.43,
11271,,,,,Zambia,,,,,,N/A - From RDC,,,,,,SCMS from RDC,,Lamivudine/Nevirapine/Stavudine,Generic,150/200/30mg,,,,,,,,,,,,110-ZM-T01,SO-2549,DN-823,PMO - US,From RDC,N/A - From RDC,Truck,Pre-PQ Process,23-Jul-08,23-Jul-08,23-Jul-08,ARV,Adult,"Lamivudine/Nevirapine/Stavudine 150/200/30mg, tablets, 60 Tabs",Tablet - FDC,60.0,60000.0,432000.0,7.2,0.12,"Strides, Bangalore, India.",Yes,12606,7053.51,691.2,Pre-PQ Process
12279,,,,,Haiti,,,,,,N/A - From RDC,,,,,,SCMS from RDC,,Efavirenz,Generic,600mg,,,,,,,,,,,,106-HT-T01,SO-24841,DN-1219,PMO - US,From RDC,N/A - From RDC,Air,Pre-PQ Process,22-May-09,22-May-09,22-May-09,ARV,Adult,"Efavirenz 600mg, tablets, 30 Tabs",Tablet,30.0,7323.0,71179.56,9.72,0.32,"Aurobindo Unit III, India",Yes,631,7584.12,139.51,Pre-PQ Process
86635,,,,,Mozambique,,,,,,N/A - From RDC,,,,,,SCMS from RDC,,Lamivudine/Nevirapine/Stavudine,Generic,150/200/30mg,,,,,,,,,,,,111-MZ-T30,SO-46170,DN-3554,PMO - US,From RDC,N/A - From RDC,Truck,6/28/2013,31-Mar-14,28-Mar-14,4-Apr-14,ARV,Adult,"Lamivudine/Nevirapine/Stavudine 150/200/30mg, tablets, 60 Tabs",Tablet - FDC,60.0,12160.0,52531.2,4.32,0.07,"Strides, Bangalore, India.",No,See DN-3554 (ID#:83748),See DN-3554 (ID#:83748),64.98,FPQ-12573
4650,111-MZ-T01,Pre-PQ Process,SCMS-28730,ASN-2658,Mozambique,PMO - US,Direct Drop,EXW,Air,Pre-PQ Process,8/26/08,1-Nov-08,1-Nov-08,1-Nov-08,HRDT,HIV test - Ancillary,"Orgenics, Ltd","HIV, Lancet, Safety, for HIV Test kits, 100 Pcs","HIV, Lancet, Safety, for HIV Test kits, 100 Pcs",Generic,,Test kit - Ancillary,100.0,7690.0,76.9,0.01,0.0,Inverness Japan,Yes,2278,23743.01,0.15,,,,,,,,,,,,,,,,,,,,,,,,,,
82868,151-NG-T30,FPQ-4537,SO-35058,DN-1718,Nigeria,PMO - US,From RDC,N/A - From RDC,Air Charter,11/6/09,N/A - From RDC,19-Apr-10,31-Mar-10,31-Mar-10,ARV,Adult,SCMS from RDC,"Lamivudine/Zidovudine 150/300mg, tablets, 60 Tabs",Lamivudine/Zidovudine,Generic,150/300mg,Tablet - FDC,60.0,710.0,6219.6,8.76,0.15,"Aurobindo Unit III, India",Yes,62,Freight Included in Commodity Cost,13.41,,,,,,,,,,,,,,,,,,,,,,,,,,
10956,,,,,Zambia,,,,,,N/A - From RDC,,,,,,SCMS from RDC,,Emtricitabine/Tenofovir Disoproxil Fumarate,Truvada,300/200mg,,,,,,,,,,,,110-ZM-T01,SO-1806,DN-625,PMO - US,From RDC,N/A - From RDC,,Pre-PQ Process,28-Mar-08,28-Mar-08,28-Mar-08,ARV,Adult,"Emtricitabine/Tenofovir Disoproxil Fumarate 200/300mg [Truvada], tablets, 30 Tabs",Tablet - FDC,30.0,27156.0,712845.0,26.25,0.88,"Aspen-OSD, Port Elizabeth, SA",Yes,9344,35246.5,1140.55,Pre-PQ Process
60816,,FPQ-14942,,,South Africa,,,,,,5/11/2015,,,,,,PHARMACY DIRECT,,Darunavir,Prezista,600mg,,,,,,,,,,,,116-ZA-T30,SCMS-259075,ASN-32138,PMO - US,Direct Drop,DDP,Truck,9/11/2014,12-May-15,12-May-15,12-May-15,ARV,Adult,"Darunavir 600mg [Prezista], tablets, 60 Tabs",Tablet,60.0,3.0,141.39,47.13,0.79,"Janssen-Cilag, Latina, IT",No,Weight Captured Separately,Freight Included in Commodity Cost,0.15,
83658,,FPQ-10895,,,Zimbabwe,,,,,,N/A - From RDC,,,,,,SCMS from RDC,,Efavirenz,Generic,600mg,,,,,,,,,,,,113-ZW-T30,SO-43580,DN-3033,PMO - US,From RDC,N/A - From RDC,Truck,10/25/2012,31-Mar-13,14-Mar-13,14-Mar-13,ARV,Adult,"Efavirenz 600mg, tablets, 30 Tabs",Tablet,30.0,4800.0,15984.0,3.33,0.11,"Hetero, Jadcherla, unit 5, IN",Yes,3082,9405.8,19.77,
33863,,FPQ-12837,,,Cameroon,,,,,,8/23/2013,,,,,,Aurobindo Pharma Limited,,Lamivudine/Nevirapine/Zidovudine,Generic,150/300/200mg,,,,,,,,,,,,901-CM-T30,SCMS-204300,ASN-21706,PMO - US,Direct Drop,EXW,Air,8/19/2013,18-Oct-13,9-Nov-13,19-Nov-13,ARV,Adult,"Lamivudine/Nevirapine/Zidovudine 150/200/300mg, tablets, 60 Tabs",Tablet - FDC,60.0,38515.0,313126.95,8.13,0.14,"Aurobindo Unit III, India",Yes,4892,41173.77,387.34,
13739,,,,,Haiti,,,,,,3/22/2013,,,,,,Aurobindo Pharma Limited,,Zidovudine,Generic,10mg/ml,,,,,,,,,,,,106-HT-T30,SCMS-180940,ASN-19819,PMO - US,Direct Drop,EXW,Ocean,2/7/2013,2-Sep-13,2-Sep-13,2-Sep-13,ARV,Pediatric,"Zidovudine 10mg/ml, oral solution w/syringe, Bottle, 240 ml",Oral solution,240.0,1832.0,3847.2,2.1,0.01,"Aurobindo Unit III, India",Yes,3504,7117.39,4.76,FPQ-11443
84554,,,,,Nigeria,,,,,,N/A - From RDC,,,,,,SCMS from RDC,,Lamivudine/Nevirapine/Zidovudine,Generic,150/300/200mg,,,,,,,,,,,,151-NG-T30,SO-36007,DN-1793,PMO - US,From RDC,N/A - From RDC,Air Charter,11/6/2009,31-May-10,18-May-10,18-May-10,ARV,Adult,"Lamivudine/Nevirapine/Zidovudine 150/200/300mg, tablets, 60 Tabs",Tablet - FDC,60.0,40000.0,448800.0,11.22,0.19,"Aurobindo Unit III, India",Yes,4693,9736.1,967.61,FPQ-4537
2687,,Pre-PQ Process,,,Vietnam,,,,,,11/15/2006,,,,,,CIPLA LIMITED,,Lamivudine,Generic,10mg/ml,,,,,,,,,,,,108-VN-T01,SCMS-169,ASN-272,PMO - US,Direct Drop,EXW,Air,Pre-PQ Process,14-Mar-07,14-Mar-07,14-Mar-07,ARV,Pediatric,"Lamivudine 10mg/ml, oral solution, Bottle, 240 ml",Oral solution,240.0,1000.0,2440.0,2.44,0.01,"Cipla, Goa, India",No,See ASN-272 (ID#:1282),See ASN-272 (ID#:1282),,
84813,,,,,South Sudan,,,,,,N/A - From RDC,,,,,,SCMS from RDC,,Lamivudine,Generic,150mg,,,,,,,,,,,,900-SS-T30,SO-44690,DN-3134,PMO - US,From RDC,N/A - From RDC,Air,2/27/2013,28-Jun-13,17-May-13,17-May-13,ARV,Adult,"Lamivudine 150mg, tablets, 60 Tabs",Tablet,60.0,270.0,537.3,1.99,0.03,Hetero Unit III Hyderabad IN,Yes,15,735.24,0.66,FPQ-11637
72426,101-CD-T30,FPQ-12035,SCMS-188850,ASN-20251,"Congo, DRC",PMO - US,Direct Drop,EXW,Air,4/12/13,5/17/13,30-Sep-13,30-Sep-13,30-Sep-13,ANTM,Malaria,IMRES B.V.,"Sulfadoxine/Pyrimethamine 500/25mg, tablets, 1000 Tabs",Sulfadoxine/Pyrimethamine,Generic,500/25mg,Tablet - FDC,1000.0,720.0,16164.0,22.45,0.02,"Guilin OSD site, No 17, China",Yes,578,3089.83,19.99,,,,,,,,,,,,,,,,,,,,,,,,,,
7922,104-CI-T01,Pre-PQ Process,SCMS-21,ASN-15,Côte d'Ivoire,PMO - US,Direct Drop,FCA,Air,Pre-PQ Process,Date Not Captured,16-Sep-06,16-Sep-06,16-Sep-06,HRDT,HIV test,Abbott GmbH & Co. KG,"HIV 1/2, Determine Complete HIV Kit, 100 Tests","HIV 1/2, Determine Complete HIV Kit",Determine,,Test kit,100.0,500.0,40000.0,80.0,0.8,ABBVIE GmbH & Co.KG Wiesbaden,Yes,171,1275.12,,,,,,,,,,,,,,,,,,,,,,,,,,,
84702,101-CD-T30,FPQ-8840,SO-41147,DN-2511,"Congo, DRC",PMO - US,From RDC,N/A - From RDC,Air,11/21/11,N/A - From RDC,16-Mar-12,14-Mar-12,14-Mar-12,ARV,Adult,SCMS from RDC,"Lamivudine/Tenofovir Disoproxil Fumarate 300/300mg, tablets, 30 Tabs",Lamivudine/Tenofovir Disoproxil Fumarate,Generic,300/300mg,Tablet - FDC,30.0,45.0,273.6,6.08,0.2,Mylan (formerly Matrix) Nashik,No,See DN-2511 (ID#:83563),See DN-2511 (ID#:83563),0.38,,,,,,,,,,,,,,,,,,,,,,,,,,
83556,101-CD-T30,FPQ-8840,SO-41135,DN-2497,"Congo, DRC",PMO - US,From RDC,N/A - From RDC,Air,11/21/11,N/A - From RDC,16-Mar-12,14-Feb-12,14-Feb-12,ARV,Adult,SCMS from RDC,"Efavirenz 600mg, tablets, 30 Tabs",Efavirenz,Generic,600mg,Tablet,30.0,10.0,41.2,4.12,0.14,"Strides, Bangalore, India.",No,See DN-2497 (ID#:82435),See DN-2497 (ID#:82435),0.06,,,,,,,,,,,,,,,,,,,,,,,,,,
12407,110-ZM-T01,Pre-PQ Process,SO-1077,DN-367,Zambia,PMO - US,From RDC,N/A - From RDC,,Pre-PQ Process,N/A - From RDC,28-Sep-07,28-Sep-07,28-Sep-07,ARV,Adult,SCMS from RDC,"Lamivudine/Nevirapine/Stavudine 150/200/30mg, tablets, 60 Tabs",Lamivudine/Nevirapine/Stavudine,Generic,150/200/30mg,Tablet - FDC,60.0,16974.0,125607.6,7.4,0.12,"Cipla, Goa, India",Yes,1732,7927.55,200.97,,,,,,,,,,,,,,,,,,,,,,,,,,
13027,,,,,Vietnam,,,,,,3/10/2014,,,,,,HETERO LABS LIMITED,,Efavirenz,Generic,600mg,,,,,,,,,,,,108-VN-T30,SCMS-226220,ASN-26923,PMO - US,Direct Drop,EXW,Air,2/6/2014,29-Jul-14,29-Jul-14,6-Aug-14,ARV,Adult,"Efavirenz 600mg, tablets, 30 Tabs",Tablet,30.0,5300.0,18550.0,3.5,0.12,Hetero Unit III Hyderabad IN,Yes,2922,5616.02,19.07,FPQ-13524
85432,,,,,South Sudan,,,,,,N/A - From RDC,,,,,,SCMS from RDC,,Efavirenz,Generic,200mg,,,,,,,,,,,,103-SS-T30,SO-47110,DN-3493,PMO - US,From RDC,N/A - From RDC,Air,10/28/2013,22-Jan-14,11-Feb-14,13-Feb-14,ARV,Pediatric,"Efavirenz 200mg, scored tablets, 90 Tabs",Tablet,90.0,66.0,613.8,9.3,0.1,"Strides, Bangalore, India.",No,See DN-3493 (ID#:84322),See DN-3493 (ID#:84322),0.63,FPQ-13173
59017,,,,,Botswana,,,,,,12/2/2010,,,,,,Premier Medical Corporation Ltd.,,"HIV 1/2/O, First Response HIV 1-2.0, v.3.0 Cards Kit",First Response,,,,,,,,,,,,,102-BW-T30,SCMS-92620,ASN-9373,PMO - US,Direct Drop,EXW,Air,11/11/2010,4-Feb-11,4-Feb-11,4-Feb-11,HRDT,HIV test,"HIV 1/2/O, First Response HIV 1-2.0, v.3.0 Cards Kit, 30 Tests",Test kit,30.0,34.0,765.0,22.5,0.75,Premier Med. Corp Ltd. India,Yes,13,766.62,1.26,FPQ-6645
86384,200-ZW-T30,FPQ-6483,SO-37880,DN-2203,Zimbabwe,PMO - US,From RDC,N/A - From RDC,Truck,10/13/10,N/A - From RDC,31-May-11,13-Jun-11,13-Jun-11,ARV,Pediatric,SCMS from RDC,"Lamivudine/Nevirapine/Zidovudine 30/50/60mg, dispersible tablets, 60 Tabs",Lamivudine/Nevirapine/Zidovudine,Generic,30/50/60mg,Chewable/dispersible tablet - FDC,60.0,20000.0,85000.0,4.25,0.07,Mylan (formerly Matrix) Nashik,No,See DN-2203 (ID#:82949),See DN-2203 (ID#:82949),183.26,,,,,,,,,,,,,,,,,,,,,,,,,,
40936,,FPQ-10286,,,Vietnam,,,,,,8/15/2012,,,,,,HETERO LABS LIMITED,,Abacavir,Generic,300mg,,,,,,,,,,,,108-VN-T30,SCMS-156310,ASN-17176,PMO - US,Direct Drop,EXW,Air,7/25/2012,14-Dec-12,14-Dec-12,14-Dec-12,ARV,Adult,"Abacavir 300mg, tablets, 60 Tabs",Tablet,60.0,385.0,4966.5,12.9,0.22,Hetero Unit III Hyderabad IN,No,See ASN-17176 (ID#:20219),See ASN-17176 (ID#:20219),6.96,
79885,,FPQ-13939,,,Zimbabwe,,,,,,5/27/2014,,,,,,HETERO LABS LIMITED,,Lamivudine/Tenofovir Disoproxil Fumarate,Generic,300/300mg,,,,,,,,,,,,113-ZW-T30,SCMS-240570,ASN-27582,PMO - US,Direct Drop,EXW,Air Charter,4/1/2014,17-Sep-14,17-Sep-14,19-Sep-14,ARV,Adult,"Lamivudine/Tenofovir Disoproxil Fumarate 300/300mg, tablets, 30 Tabs",Tablet - FDC,30.0,27053.0,124984.86,4.62,0.15,Hetero Unit III Hyderabad IN,Yes,4598,25467.64,128.48,
4949,,,,,Tanzania,,,,,,2/5/2009,,,,,,ABBVIE LOGISTICS (FORMERLY ABBOTT LOGISTICS BV),,Lopinavir/Ritonavir,Aluvia,200/50mg,,,,,,,,,,,,109-TZ-T01,SCMS-38410,ASN-4381,PMO - US,Direct Drop,FCA,Air,Pre-PQ Process,11-Aug-09,11-Aug-09,11-Aug-09,ARV,Adult,"Lopinavir/Ritonavir 200/50mg [Aluvia], tablets, 120 Tabs",Tablet,120.0,10680.0,438948.0,41.1,0.34,ABBVIE Ludwigshafen Germany,Yes,2724,12620.12,860.34,Pre-PQ Process
46127,,FPQ-6341,,,Rwanda,,,,,,9/28/2010,,,,,,HETERO LABS LIMITED,,Nevirapine,Generic,200mg,,,,,,,,,,,,107-RW-T30,SCMS-84990,ASN-11548,PMO - US,Direct Drop,EXW,Ocean,9/3/2010,17-Oct-11,17-Oct-11,17-Oct-11,ARV,Adult,"Nevirapine 200mg, tablets, 60 Tabs",Tablet,60.0,236925.0,575727.75,2.43,0.04,Hetero Unit III Hyderabad IN,Yes,13622,82095.85,1241.27,
84702,,,,,"Congo, DRC",,,,,,N/A - From RDC,,,,,,SCMS from RDC,,Lamivudine/Tenofovir Disoproxil Fumarate,Generic,300/300mg,,,,,,,,,,,,101-CD-T30,SO-41147,DN-2511,PMO - US,From RDC,N/A - From RDC,Air,11/21/2011,16-Mar-12,14-Mar-12,14-Mar-12,ARV,Adult,"Lamivudine/Tenofovir Disoproxil Fumarate 300/300mg, tablets, 30 Tabs",Tablet - FDC,30.0,45.0,273.6,6.08,0.2,Mylan (formerly Matrix) Nashik,No,See DN-2511 (ID#:83563),See DN-2511 (ID#:83563),0.38,FPQ-8840
80086,,,,,Cameroon,,,,,,8/23/2013,,,,,,CIPLA LIMITED,,Lamivudine/Zidovudine,Generic,150/300mg,,,,,,,,,,,,901-CM-T30,SCMS-204360,ASN-21529,PMO - US,Direct Drop,EXW,Air,8/19/2013,26-Sep-13,26-Sep-13,26-Sep-13,ARV,Adult,"Lamivudine/Zidovudine 150/300mg, tablets, 60 Tabs",Tablet - FDC,60.0,7854.0,51757.86,6.59,0.11,"Cipla, Goa, India",Yes,803,7032.5,64.02,FPQ-12837
14605,,FPQ-11442,,,Haiti,,,,,,3/7/2013,,,,,,HETERO LABS LIMITED,,Efavirenz,Generic,600mg,,,,,,,,,,,,106-HT-T30,SCMS-177160,ASN-18905,PMO - US,Direct Drop,EXW,Ocean,1/30/2013,7-Aug-13,7-Aug-13,7-Aug-13,ARV,Adult,"Efavirenz 600mg, tablets, 30 Tabs",Tablet,30.0,71376.0,231258.24,3.24,0.11,"Hetero, Jadcherla, unit 5, IN",Yes,5864,7558.01,286.07,
34551,133-NG-T30,FPQ-12812,SCMS-210350,ASN-22877,Nigeria,PMO - US,Direct Drop,EXW,Air,8/13/13,11/1/13,23-Dec-13,23-Dec-13,10-Jan-14,HRDT,HIV test,"Orgenics, Ltd","HIV 1/2, Determine Complete HIV Kit, 100 Tests","HIV 1/2, Determine Complete HIV Kit",Determine,,Test kit,100.0,9335.0,830815.0,89.0,0.89,"Alere Medical Co., Ltd.",Yes,3788,61035.9,1027.72,,,,,,,,,,,,,,,,,,,,,,,,,,
12233,,Pre-PQ Process,,,Zambia,,,,,,N/A - From RDC,,,,,,SCMS from RDC,,Didanosine,Generic,100mg,,,,,,,,,,,,110-ZM-T01,SO-2477,DN-854,PMO - US,From RDC,N/A - From RDC,Truck,Pre-PQ Process,20-Aug-08,20-Aug-08,20-Aug-08,ARV,Pediatric,"Didanosine 100mg, chewable/dispersible tablets, 60 Tabs",Chewable/dispersible tablet,60.0,3600.0,27900.0,7.75,0.13,"Aurobindo Unit III, India",Yes,750,813.75,44.64,
86315,151-NG-T30,FPQ-5023,SO-36493,DN-1912,Nigeria,PMO - US,From RDC,N/A - From RDC,Air,2/10/10,N/A - From RDC,15-Jul-10,28-Jun-10,28-Jun-10,ARV,Adult,SCMS from RDC,"Lamivudine 150mg, tablets, 60 Tabs",Lamivudine,Generic,150mg,Tablet,60.0,64.0,156.16,2.44,0.04,"Aurobindo Unit III, India",Yes,3,Freight Included in Commodity Cost,0.34,,,,,,,,,,,,,,,,,,,,,,,,,,
84050,151-NG-T30,FPQ-5688,SO-37500,DN-2025,Nigeria,PMO - US,From RDC,N/A - From RDC,Air,5/27/10,N/A - From RDC,22-Oct-10,10-Nov-10,10-Nov-10,ARV,Adult,SCMS from RDC,"Lamivudine/Zidovudine 150/300mg, tablets, 60 Tabs",Lamivudine/Zidovudine,Generic,150/300mg,Tablet - FDC,60.0,72023.0,615796.65,8.55,0.14,"Aurobindo Unit III, India",No,See DN-2025 (ID#:83460),See DN-2025 (ID#:83460),1327.66,,,,,,,,,,,,,,,,,,,,,,,,,,
60112,,,,,Uganda,,,,,,12/17/2013,,,,,,Aurobindo Pharma Limited,,Nevirapine,Generic,200mg,,,,,,,,,,,,114-UG-T30,SCMS-216720,ASN-23721,PMO - US,Direct Drop,EXW,Air,11/18/2013,22-Feb-14,22-Feb-14,24-Mar-14,ARV,Adult,"Nevirapine 200mg, tablets, 60 Tabs",Tablet,60.0,18216.0,40986.0,2.25,0.04,"Aurobindo Unit III, India",Yes,1863,6757.18,42.13,FPQ-13258
83033,,FPQ-8464,,,Zimbabwe,,,,,,N/A - From RDC,,,,,,SCMS from RDC,,Efavirenz,Generic,600mg,,,,,,,,,,,,113-ZW-T30,SO-40870,DN-2656,PMO - US,From RDC,N/A - From RDC,Truck,10/4/2011,12-Jun-12,25-May-12,25-May-12,ARV,Adult,"Efavirenz 600mg, tablets, 30 Tabs",Tablet,30.0,17422.0,68120.02,3.91,0.13,"Strides, Bangalore, India.",No,See DN-2656 (ID#:83032),See DN-2656 (ID#:83032),112.4,
85699,151-NG-T30,FPQ-5023,SO-36450,DN-1980,Nigeria,PMO - US,From RDC,N/A - From RDC,Air Charter,2/10/10,N/A - From RDC,31-Aug-10,17-Aug-10,17-Aug-10,ARV,Adult,SCMS from RDC,"Abacavir 300mg, tablets, 60 Tabs",Abacavir,Generic,300mg,Tablet,60.0,2300.0,37812.0,16.44,0.27,"Aurobindo Unit III, India",Yes,336,6147.18,81.52,,,,,,,,,,,,,,,,,,,,,,,,,,
85599,107-RW-T30,FPQ-15622,SO-50720,DN-4286,Rwanda,PMO - US,From RDC,N/A - From RDC,Truck,12/22/14,N/A - From RDC,30-Jun-15,17-Jun-15,29-Jun-15,ARV,Adult,SCMS from RDC,"Efavirenz/Lamivudine/Tenofovir Disoproxil Fumarate 600/300/300mg, tablets, 30 Tabs",Efavirenz/Lamivudine/Tenofovir Disoproxil Fumarate,Generic,600/300/300mg,Tablet - FDC,30.0,294399.0,2826230.4,9.6,0.32,Mylan (formerly Matrix) Nashik,Yes,33500,Freight Included in Commodity Cost,3326.47,,,,,,,,,,,,,,,,,,,,,,,,,,
6692,108-VN-T01,Pre-PQ Process,SCMS-751,ASN-633,Vietnam,PMO - US,Direct Drop,FCA,Air,Pre-PQ Process,7/3/07,10-Sep-07,10-Sep-07,10-Sep-07,ARV,Adult,ABBVIE LOGISTICS (FORMERLY ABBOTT LOGISTICS BV),"Lopinavir/Ritonavir 200/50mg [Aluvia], tablets, 120 Tabs",Lopinavir/Ritonavir,Aluvia,200/50mg,Tablet,120.0,1000.0,82190.0,82.19,0.68,ABBVIE Ludwigshafen Germany,Yes,226,5294.51,131.5,,,,,,,,,,,,,,,,,,,,,,,,,,
86386,110-ZM-T30,FPQ-7232,SO-39020,DN-2226,Zambia,PMO - US,From RDC,N/A - From RDC,Air,3/1/11,N/A - From RDC,11-May-11,13-Jun-11,13-Jun-11,ARV,Pediatric,SCMS from RDC,"Nevirapine 10mg/ml, oral suspension, Bottle, 240 ml",Nevirapine,Generic,10mg/ml,Oral suspension,240.0,10000.0,18000.0,1.8,0.01,"Aurobindo Unit III, India",Yes,3637,9499.46,29.7,,,,,,,,,,,,,,,,,,,,,,,,,,
84681,104-CI-T30,FPQ-7659,SO-40090,DN-2419,Côte d'Ivoire,PMO - US,From RDC,N/A - From RDC,Air,5/3/11,N/A - From RDC,20-Dec-11,19-Nov-11,19-Nov-11,ARV,Pediatric,SCMS from RDC,"Didanosine 200mg, chewable/dispersible tablets, 60 Tabs",Didanosine,Generic,200mg,Chewable/dispersible tablet,60.0,5184.0,77760.0,15.0,0.25,"Aurobindo Unit III, India",Yes,1103,3296.34,128.3,,,,,,,,,,,,,,,,,,,,,,,,,,
86248,,FPQ-4471,,,Mozambique,,,,,,N/A - From RDC,,,,,,SCMS from RDC,,Lamivudine/Zidovudine,Generic,150/300mg,,,,,,,,,,,,111-MZ-T30,SO-33600,DN-1587,PMO - US,From RDC,N/A - From RDC,Air,9/14/2009,26-Feb-10,16-Jan-10,16-Jan-10,ARV,Adult,"Lamivudine/Zidovudine 150/300mg, tablets, 60 Tabs",Tablet - FDC,60.0,30564.0,267740.64,8.76,0.15,"Aurobindo Unit III, India",Yes,2773,6355.08,524.77,
83507,100-BJ-T30,FPQ-7658,SO-39810,DN-2250,Benin,PMO - US,From RDC,N/A - From RDC,Air,5/15/11,N/A - From RDC,13-Jun-11,30-Jun-11,30-Jun-11,ARV,Adult,SCMS from RDC,"Lopinavir/Ritonavir 200/50mg [Aluvia], tablets, 120 Tabs",Lopinavir/Ritonavir,Aluvia,200/50mg,Tablet,120.0,611.0,20615.14,33.74,0.28,ABBVIE Ludwigshafen Germany,Yes,129,6477.67,34.01,,,,,,,,,,,,,,,,,,,,,,,,,,
12257,123-NG-T01,Pre-PQ Process,SO-2554,DN-960,Nigeria,PMO - US,From RDC,N/A - From RDC,Air,Pre-PQ Process,N/A - From RDC,30-Oct-08,30-Oct-08,30-Oct-08,ARV,Adult,SCMS from RDC,"Zidovudine 300mg, tablets, 60 Tabs",Zidovudine,Generic,300mg,Tablet,60.0,5641.0,45974.15,8.15,0.14,"Aurobindo Unit III, India",No,See DN-960 (ID#:11945),See DN-960 (ID#:11945),90.11,,,,,,,,,,,,,,,,,,,,,,,,,,
86329,151-NG-T30,FPQ-5023,SO-36464,DN-1994,Nigeria,PMO - US,From RDC,N/A - From RDC,Air Charter,2/10/10,N/A - From RDC,12-Aug-10,17-Aug-10,17-Aug-10,ARV,Adult,SCMS from RDC,"Nevirapine 200mg, tablets, 60 Tabs",Nevirapine,Generic,200mg,Tablet,60.0,1400.0,3822.0,2.73,0.05,"Strides, Bangalore, India.",No,See DN-1994 (ID#:85140),See DN-1994 (ID#:85140),8.24,,,,,,,,,,,,,,,,,,,,,,,,,,
1804,,Pre-PQ Process,,,South Africa,,,,,,Date Not Captured,,,,,,S. BUYS WHOLESALER,,Nevirapine,Viramune,10mg/ml,,,,,,,,,,,,116-ZA-T01,SCMS-23500,ASN-2293,PMO - US,Direct Drop,DDP,Truck,Pre-PQ Process,20-Aug-08,8-May-08,8-May-08,ARV,Pediatric,"Nevirapine 10mg/ml [Viramune], oral suspension, Bottle, 240 ml",Oral suspension,240.0,30.0,435.9,14.53,0.06,"BI, Ingelheim, Germany",No,Weight Captured Separately,Freight Included in Commodity Cost,0.7,
11270,,,,,Uganda,,,,,,N/A - From RDC,,,,,,SCMS from RDC,,Lamivudine/Zidovudine,Generic,150/300mg,,,,,,,,,,,,114-UG-T01,SO-2344,DN-818,PMO - US,From RDC,N/A - From RDC,Air,Pre-PQ Process,21-Aug-08,21-Aug-08,21-Aug-08,ARV,Adult,"Lamivudine/Zidovudine 150/300mg, tablets, 60 Tabs",Tablet - FDC,60.0,1350.0,12757.5,9.45,0.16,"Aurobindo Unit III, India",Yes,239,1277.22,20.41,Pre-PQ Process
11326,,Pre-PQ Process,,,Zambia,,,,,,N/A - From RDC,,,,,,SCMS from RDC,,Abacavir,Generic,300mg,,,,,,,,,,,,110-ZM-T01,SO-30300,DN-1250,PMO - US,From RDC,N/A - From RDC,Truck,Pre-PQ Process,15-Jun-09,15-Jun-09,15-Jun-09,ARV,Adult,"Abacavir 300mg, tablets, 60 Tabs",Tablet,60.0,4594.0,116917.3,25.45,0.42,Mylan (formerly Matrix) Nashik,No,See DN-1250 (ID#:10774),See DN-1250 (ID#:10774),229.16,
56996,100-ZW-T30,FPQ-5018,SCMS-65350,ASN-6753,Zimbabwe,PMO - US,Direct Drop,EXW,Air,2/2/10,2/17/10,20-May-10,31-May-10,31-May-10,HRDT,HIV test,"Orgenics, Ltd","HIV 1/2, Determine Complete HIV Kit, 100 Tests","HIV 1/2, Determine Complete HIV Kit",Determine,,Test kit,100.0,2450.0,176400.0,72.0,0.72,Inverness Japan,Yes,1183,21170.3,380.32,,,,,,,,,,,,,,,,,,,,,,,,,,
12813,,Pre-PQ Process,,,Zambia,,,,,,N/A - From RDC,,,,,,SCMS from RDC,,Efavirenz,Generic,600mg,,,,,,,,,,,,110-ZM-T01,SO-2484,DN-976,PMO - US,From RDC,N/A - From RDC,Truck,Pre-PQ Process,7-Nov-08,7-Nov-08,7-Nov-08,ARV,Adult,"Efavirenz 600mg, tablets, 30 Tabs",Tablet,30.0,35000.0,420350.0,12.01,0.4,Mylan (formerly Matrix) Nashik,Yes,2641,2938.92,823.89,
69219,107-RW-T30,FPQ-12518,SCMS-198222,ASN-24439,Rwanda,PMO - US,Direct Drop,EXW,Air,6/21/13,8/12/13,27-Mar-14,27-Mar-14,27-Mar-14,HRDT,HIV test,"SHANGHAI KEHUA BIOENGINEERING CO.,LTD.  (KHB)","HIV 1/2, SKB Colloidal Gold, Diagnostic Kit, Antibody, 50 Tests","HIV 1/2, Colloidal Gold, Diagnostic Kit, Antibody",Colloidal Gold,,Test kit,1.0,2988.0,73206.0,24.5,24.5,"KHB Test Kit Facility, Shanghai China",Yes,1992,27313,90.56,,,,,,,,,,,,,,,,,,,,,,,,,,
83922,103-CM-T30,FPQ-16539,SO-51670,DN-4320,Cameroon,PMO - US,From RDC,N/A - From RDC,Air,6/29/15,N/A - From RDC,10-Aug-15,19-Aug-15,31-Aug-15,ARV,Adult,SCMS from RDC,"Lopinavir/Ritonavir 200/50mg, tablets, 120 Tabs",Lopinavir/Ritonavir,Generic,200/50mg,Tablet,120.0,12000.0,232320.0,19.36,0.16,"Aurobindo Unit III, India",Yes,2912,32165.56,273.44,,,,,,,,,,,,,,,,,,,,,,,,,,
12323,,,,,Côte d'Ivoire,,,,,,N/A - From RDC,,,,,,SCMS from RDC,,Nevirapine,Generic,10mg/ml,,,,,,,,,,,,104-CI-T01,SO-32830,DN-1451,PMO - US,From RDC,N/A - From RDC,Air,Date Not Captured,25-Aug-09,7-Oct-09,7-Oct-09,ARV,Pediatric,"Nevirapine 10mg/ml, oral suspension, Bottle, 240 ml",Oral suspension,240.0,1547.0,2970.24,1.92,0.01,"Aurobindo Unit III, India",Yes,581,1234.9,5.82,Pre-PQ Process
37475,,FPQ-10287,,,Vietnam,,,,,,8/14/2012,,,,,,MYLAN LABORATORIES LTD (FORMERLY MATRIX LABORATORIES),,Lamivudine/Zidovudine,Generic,30/60mg,,,,,,,,,,,,108-VN-T30,SCMS-156281,ASN-17806,PMO - US,Direct Drop,EXW,Air,7/25/2012,2-Feb-13,2-Feb-13,2-Feb-13,ARV,Pediatric,"Lamivudine/Zidovudine 30/60mg, tablets, 60 Tabs",Tablet - FDC,60.0,3434.0,7726.5,2.25,0.04,Mylan (formerly Matrix) Nashik,Yes,876,2183.92,10.83,
6621,,Pre-PQ Process,,,Uganda,,,,,,Date Not Captured,,,,,,Aurobindo Pharma Limited,,Stavudine,Generic,30mg,,,,,,,,,,,,114-UG-T01,SCMS-157,ASN-127,PMO - US,Direct Drop,EXW,Air,Pre-PQ Process,21-Dec-06,21-Dec-06,21-Dec-06,ARV,Adult,"Stavudine 30mg, capsules, 60 Caps",Capsule,60.0,6349.0,12380.55,1.95,0.03,"Aurobindo Unit III, India",No,See ASN-127 (ID#:3955),See ASN-127 (ID#:3955),,
9536,,Pre-PQ Process,,,Haiti,,,,,,1/3/2008,,,,,,"Trinity Biotech, Plc",,"HIV 1/2, Capillus HIV Kit",Capillus,,,,,,,,,,,,,100-HT-T01,SCMS-15870,ASN-1319,PMO - US,Direct Drop,EXW,Air,Pre-PQ Process,18-Feb-08,18-Feb-08,18-Feb-08,HRDT,HIV test,"HIV 1/2, Capillus HIV Kit, 100 Tests",Test kit,100.0,2.0,278.0,139.0,1.39,"Trinity Biotech, Plc",Yes,Weight Captured Separately,Invoiced Separately,0.44,
11020,,Pre-PQ Process,,,Haiti,,,,,,N/A - From RDC,,,,,,SCMS from RDC,,Lamivudine,Generic,150mg,,,,,,,,,,,,106-HT-T01,SO-2602,DN-1018,PMO - US,From RDC,N/A - From RDC,Air,Pre-PQ Process,10-Dec-08,10-Dec-08,10-Dec-08,ARV,Adult,"Lamivudine 150mg, tablets, 60 Tabs",Tablet,60.0,8100.0,23571.0,2.91,0.05,"Aurobindo Unit III, India",Yes,404,5866.29,46.2,
68641,,,,,South Africa,,,,,,8/5/2014,,,,,,PHARMACY DIRECT,,Raltegravir,Isentress,400mg,,,,,,,,,,,,116-ZA-T30,SCMS-238552,ASN-27609,PMO - US,Direct Drop,DDP,Truck,4/30/2014,5-Aug-14,5-Aug-14,5-Aug-14,ARV,Adult,"Raltegravir 400mg [Isentress], tablets, 60 Tabs",Tablet,60.0,40.0,3199.67,79.99,1.33,"MSD, Haarlem, NL",No,Weight Captured Separately,Freight Included in Commodity Cost,3.29,FPQ-13973
11662,,,,,Zambia,,,,,,N/A - From RDC,,,,,,SCMS from RDC,,Lamivudine/Nevirapine/Stavudine,Generic,150/200/30mg,,,,,,,,,,,,110-ZM-T01,SO-32490,DN-1328,PMO - US,From RDC,N/A - From RDC,Truck,Date Not Captured,4-Sep-09,4-Sep-09,4-Sep-09,ARV,Adult,"Lamivudine/Nevirapine/Stavudine 150/200/30mg, tablets, 60 Tabs",Tablet - FDC,60.0,40126.0,285697.12,7.12,0.12,"Cipla, Goa, India",Yes,4414,4506.2,559.97,Pre-PQ Process
69528,,,,,Nigeria,,,,,,8/13/2012,,,,,,"Orgenics, Ltd",,"HIV 1/2, Determine Complete HIV Kit",Determine,,,,,,,,,,,,,133-NG-T30,SCMS-155321,ASN-17167,PMO - US,Direct Drop,EXW,Air,7/17/2012,28-Nov-12,27-Nov-12,27-Nov-12,HRDT,HIV test,"HIV 1/2, Determine Complete HIV Kit, 100 Tests",Test kit,100.0,2744.0,244216.0,89.0,0.89,"Alere Medical Co., Ltd.",Yes,1303,28734.43,342.39,FPQ-10349
11327,,,,,Zambia,,,,,,N/A - From RDC,,,,,,SCMS from RDC,,Lamivudine/Nevirapine/Stavudine,Generic,150/200/30mg,,,,,,,,,,,,110-ZM-T01,SO-30300,DN-1250,PMO - US,From RDC,N/A - From RDC,Truck,Pre-PQ Process,15-Jun-09,15-Jun-09,15-Jun-09,ARV,Adult,"Lamivudine/Nevirapine/Stavudine 150/200/30mg, tablets, 60 Tabs",Tablet - FDC,60.0,95000.0,676400.0,7.12,0.12,"Cipla, Goa, India",No,See DN-1250 (ID#:10774),See DN-1250 (ID#:10774),1325.74,Pre-PQ Process
82761,,FPQ-14893,,,Rwanda,,,,,,N/A - From RDC,,,,,,SCMS from RDC,,Tenofovir Disoproxil Fumarate,Generic,300mg,,,,,,,,,,,,107-RW-T30,SO-49990,DN-4055,PMO - US,From RDC,N/A - From RDC,Air,10/15/2014,31-Jan-15,24-Dec-14,31-Dec-14,ARV,Adult,"Tenofovir Disoproxil Fumarate 300mg, tablets, 30 Tabs",Tablet,30.0,189.0,691.74,3.66,0.12,Hetero Unit III Hyderabad IN,Yes,15,925.6,0.71,
79424,133-NG-T30,FPQ-16329,SCMS-289120,ASN-33413,Nigeria,PMO - US,Direct Drop,EXW,Air,5/7/15,5/26/15,7-Aug-15,7-Aug-15,10-Aug-15,HRDT,HIV test,"CHEMBIO DIAGNOSTIC SYSTEMS, INC.","HIV 1/2, Stat-Pak HIV, Kit, 20 Tests","HIV 1/2, Stat-Pak HIV, Kit",Stat-Pak,,Test kit,20.0,1564.0,50048.0,32.0,1.6,Chembio Diagnostics Sys. Inc.,Yes,Weight Captured Separately,Invoiced Separately,58.91,,,,,,,,,,,,,,,,,,,,,,,,,,
85099,,FPQ-4537,,,Nigeria,,,,,,N/A - From RDC,,,,,,SCMS from RDC,,Emtricitabine/Tenofovir Disoproxil Fumarate,Generic,200/300mg,,,,,,,,,,,,151-NG-T30,SO-35073,DN-1731,PMO - US,From RDC,N/A - From RDC,Air Charter,11/6/2009,19-Apr-10,31-Mar-10,31-Mar-10,ARV,Adult,"Emtricitabine/Tenofovir Disoproxil Fumarate 200/300mg, tablets, 30 Tabs",Tablet - FDC,30.0,35000.0,411250.0,11.75,0.39,Mylan (formerly Matrix) Nashik,Yes,2825,Freight Included in Commodity Cost,886.66,
83031,113-ZW-T30,FPQ-8464,SO-40861,DN-2655,Zimbabwe,PMO - US,From RDC,N/A - From RDC,Truck,10/4/11,N/A - From RDC,31-May-12,25-May-12,25-May-12,ARV,Adult,SCMS from RDC,"Lamivudine/Tenofovir Disoproxil Fumarate 300/300mg, tablets, 30 Tabs",Lamivudine/Tenofovir Disoproxil Fumarate,Generic,300/300mg,Tablet - FDC,30.0,78082.0,432574.28,5.54,0.18,Mylan (formerly Matrix) Nashik,No,See DN-2655 (ID#:82474),See DN-2655 (ID#:82474),713.75,,,,,,,,,,,,,,,,,,,,,,,,,,
84783,151-NG-T30,FPQ-10477,SO-43042,DN-2994,Nigeria,PMO - US,From RDC,N/A - From RDC,Air Charter,8/9/12,N/A - From RDC,11-Feb-13,11-Feb-13,11-Feb-13,ARV,Adult,SCMS from RDC,"Emtricitabine/Tenofovir Disoproxil Fumarate 200/300mg, tablets, 30 Tabs",Emtricitabine/Tenofovir Disoproxil Fumarate,Generic,200/300mg,Tablet - FDC,30.0,8326.0,53119.88,6.38,0.21,"Aurobindo Unit III, India",No,See DN-2994 (ID#:82541),See DN-2994 (ID#:82541),74.47,,,,,,,,,,,,,,,,,,,,,,,,,,
73726,,FPQ-11442,,,Haiti,,,,,,3/11/2013,,,,,,Aurobindo Pharma Limited,,Zidovudine,Generic,10mg/ml,,,,,,,,,,,,106-HT-T30,SCMS-177180,ASN-18919,PMO - US,Direct Drop,EXW,Ocean,1/30/2013,7-Aug-13,7-Aug-13,7-Aug-13,ARV,Pediatric,"Zidovudine 10mg/ml, oral solution w/syringe, Bottle, 240 ml",Oral solution,240.0,1999.0,4197.9,2.1,0.01,"Aurobindo Unit III, India",No,See ASN-18919 (ID#:14578),See ASN-18919 (ID#:14578),5.19,
27820,,,,,Uganda,,,,,,5/12/2011,,,,,,ASPEN PHARMACARE,,Etravirine,Intelence,100mg,,,,,,,,,,,,114-UG-T30,SCMS-109060,ASN-11530,PMO - US,Direct Drop,DDP,Air,4/29/2011,22-Jul-11,22-Jul-11,22-Jul-11,ARV,Adult,"Etravirine 100mg [Intelence], tablets, 120 Tabs",Tablet,120.0,93.0,7839.9,84.3,0.7,"Janssen-Cilag, Latina, IT",Yes,22,140,12.94,FPQ-7617
85477,151-NG-T30,FPQ-13293,SO-47284,DN-3719,Nigeria,PMO - US,From RDC,N/A - From RDC,Air Charter,11/19/13,N/A - From RDC,30-Jun-14,9-May-14,23-May-14,ARV,Pediatric,SCMS from RDC,"Lamivudine/Nevirapine/Zidovudine 30/50/60mg, dispersible tablets, 60 Tabs",Lamivudine/Nevirapine/Zidovudine,Generic,30/50/60mg,Chewable/dispersible tablet - FDC,60.0,85800.0,321750.0,3.75,0.06,Mylan (formerly Matrix) Nashik,Yes,5605,45180.63,330.76,,,,,,,,,,,,,,,,,,,,,,,,,,
13648,101-CD-T30,FPQ-16001,SCMS-280220,ASN-32231,"Congo, DRC",PMO - US,Direct Drop,EXW,Air,3/10/15,3/17/15,23-Jul-15,23-Jul-15,29-Jul-15,HRDT,HIV test,"Orgenics, Ltd","HIV 1/2, Determine Complete HIV Kit, 100 Tests","HIV 1/2, Determine Complete HIV Kit",Determine,,Test kit,100.0,143.0,11440.0,80.0,0.8,"Alere Medical Co., Ltd.",Yes,Weight Captured Separately,Invoiced Separately,13.46,,,,,,,,,,,,,,,,,,,,,,,,,,
52646,105-GY-T30,FPQ-8025,SCMS-116170,ASN-12905,Guyana,PMO - US,Direct Drop,FCA,Air,7/11/11,7/27/11,30-Nov-11,30-Nov-11,30-Nov-11,ARV,Pediatric,ABBVIE LOGISTICS (FORMERLY ABBOTT LOGISTICS BV),"Lopinavir/Ritonavir 80/20mg/ml [Kaletra], oral solution, cool, Bottle 5 x 60 ml",Lopinavir/Ritonavir,Kaletra,80/20mg/ml,Oral solution,300.0,51.0,4192.2,82.2,0.27,ABBVIE (Abbott) Logis. UK,Yes,99,1454.81,6.92,,,,,,,,,,,,,,,,,,,,,,,,,,
72981,,,,,South Africa,,,,,,3/23/2011,,,,,,EMCURE PHARMACEUTICALS LTD,,Efavirenz,Generic,600mg,,,,,,,,,,,,161-ZA-T30,SCMS-103680,ASN-13133,PMO - US,Direct Drop,DDP,Ocean,3/10/2011,1-Dec-11,19-Dec-11,19-Dec-11,ARV,Adult,"Efavirenz 600mg, tablets, 30 Tabs",Tablet,30.0,47963.0,206240.9,4.3,0.14,"Emcure Plot No.P-2, I.T-B.T. Park, Phase II, MIDC, Hinjwadi, Pune, India",Yes,3789,9582.55,340.3,FPQ-7175
84281,102-ZW-T30,FPQ-11477,SO-44270,DN-3287,Zimbabwe,PMO - US,From RDC,N/A - From RDC,Truck,1/16/13,N/A - From RDC,20-Sep-13,20-Sep-13,20-Sep-13,ARV,Adult,SCMS from RDC,"Efavirenz/Lamivudine/Tenofovir Disoproxil Fumarate 600/300/300mg, tablets, 30 Tabs",Efavirenz/Lamivudine/Tenofovir Disoproxil Fumarate,Generic,600/300/300mg,Tablet - FDC,30.0,59680.0,627833.6,10.52,0.35,Hetero Unit III Hyderabad IN,Yes,7831,4529.65,776.63,,,,,,,,,,,,,,,,,,,,,,,,,,
85122,,FPQ-4537,,,Nigeria,,,,,,N/A - From RDC,,,,,,SCMS from RDC,,Lamivudine/Zidovudine,Generic,150/300mg,,,,,,,,,,,,151-NG-T30,SO-35055,DN-1855,PMO - US,From RDC,N/A - From RDC,Air,11/6/2009,31-May-10,18-May-10,18-May-10,ARV,Adult,"Lamivudine/Zidovudine 150/300mg, tablets, 60 Tabs",Tablet - FDC,60.0,176143.0,1543012.68,8.76,0.15,Hetero Unit III Hyderabad IN,Yes,15200,9735.95,3326.74,
78818,,FPQ-7909,,,Tanzania,,,,,,7/18/2011,,,,,,"Standard Diagnostics, Inc.",,"HIV 1/2, Bioline 3.0 Kit, Lancets, Capillary pipets, Alcohol swabs included",Bioline,,,,,,,,,,,,,109-TZ-T30,SCMS-114990,ASN-12159,PMO - US,Direct Drop,EXW,Air,6/24/2011,29-Sep-11,5-Oct-11,5-Oct-11,HRDT,HIV test,"HIV 1/2, Bioline 3.0 Kit, Lancets, Capillary pipets, Alcohol swabs included, 25 Tests",Test kit,25.0,10000.0,200000.0,20.0,0.8,"Standard Diagnostics, Korea",Yes,3334,22523.12,330.0,
75980,,FPQ-4587,,,Kenya,,,,,,12/2/2009,,,,,,"Orgenics, Ltd",,"HIV 1/2, Determine Complete HIV Kit",Determine,,,,,,,,,,,,,102-KE-T30,SCMS-58380,ASN-5877,PMO - US,Direct Drop,EXW,Air,11/18/2009,16-Feb-10,16-Feb-10,16-Feb-10,HRDT,HIV test,"HIV 1/2, Determine Complete HIV Kit, 100 Tests",Test kit,100.0,8500.0,680000.0,80.0,0.8,Inverness Japan,Yes,1462,14419.86,1466.08,
71956,106-HT-T30,FPQ-15038,SCMS-262980,ASN-30463,Haiti,PMO - US,Direct Drop,EXW,Ocean,10/22/14,1/7/15,9-Apr-15,9-Apr-15,13-Apr-15,ARV,Adult,HETERO LABS LIMITED,"Lamivudine/Nevirapine/Zidovudine 150/200/300mg, tablets, 60 Tabs",Lamivudine/Nevirapine/Zidovudine,Generic,150/300/200mg,Tablet - FDC,60.0,36000.0,298440.0,8.29,0.14,Hetero Unit III Hyderabad IN,No,See ASN-30463 (ID#:15460),See ASN-30463 (ID#:15460),306.8,,,,,,,,,,,,,,,,,,,,,,,,,,
5044,,Pre-PQ Process,,,South Africa,,,,,,Date Not Captured,,,,,,S. BUYS WHOLESALER,,Efavirenz,Generic,50mg,,,,,,,,,,,,116-ZA-T01,SCMS-41080,ASN-3637,PMO - US,Direct Drop,DDP,Air,Pre-PQ Process,26-May-09,22-Jan-09,22-Jan-09,ARV,Pediatric,"Efavirenz 50mg, capsule, 30 Caps",Capsule,30.0,500.0,1530.0,3.06,0.1,"Aurobindo Unit III, India",No,Weight Captured Separately,Freight Included in Commodity Cost,3.0,
52710,,FPQ-13973,,,South Africa,,,,,,6/26/2014,,,,,,PHARMACY DIRECT,,Lopinavir/Ritonavir,Kaletra,80/20mg/ml,,,,,,,,,,,,116-ZA-T30,SCMS-238571,ASN-26885,PMO - US,Direct Drop,DDP,Truck,4/30/2014,25-Jun-14,25-Jun-14,25-Jun-14,ARV,Pediatric,"Lopinavir/Ritonavir 80/20mg/ml [Kaletra], oral solution, cool, Bottle 5 x 60 ml",Oral solution,300.0,2.0,44.13,22.06,0.07,ABBVIE (Abbott) Logis. UK,Yes,Weight Captured Separately,Freight Included in Commodity Cost,0.05,
13555,,FPQ-14516,,,Vietnam,,,,,,8/8/2014,,,,,,MYLAN LABORATORIES LTD (FORMERLY MATRIX LABORATORIES),,Lamivudine/Nevirapine/Zidovudine,Generic,150/300/200mg,,,,,,,,,,,,108-VN-T30,SCMS-249040,ASN-29768,PMO - US,Direct Drop,EXW,Air,7/9/2014,5-Feb-15,5-Feb-15,5-Feb-15,ARV,Adult,"Lamivudine/Nevirapine/Zidovudine 150/200/300mg, tablets, 60 Tabs",Tablet - FDC,60.0,13000.0,105300.0,8.1,0.13,Mylan (formerly Matrix) Nashik,Yes,2672,2504.64,108.25,
83175,111-MZ-T30,FPQ-12416,SO-45892,DN-3376,Mozambique,PMO - US,From RDC,N/A - From RDC,Truck,6/28/13,N/A - From RDC,29-Nov-13,28-Nov-13,12-Dec-13,ARV,Adult,SCMS from RDC,"Lamivudine/Nevirapine/Zidovudine 150/200/300mg, tablets, 60 Tabs",Lamivudine/Nevirapine/Zidovudine,Generic,150/300/200mg,Tablet - FDC,60.0,38976.0,334414.08,8.58,0.14,Hetero Unit III Hyderabad IN,Yes,7482,5846.08,413.67,,,,,,,,,,,,,,,,,,,,,,,,,,
82863,,FPQ-4378,,,Côte d'Ivoire,,,,,,N/A - From RDC,,,,,,SCMS from RDC,,Lamivudine,Generic,150mg,,,,,,,,,,,,104-CI-T30,SO-34412,DN-1671,PMO - US,From RDC,N/A - From RDC,Air,10/15/2009,9-Mar-10,10-Mar-10,10-Mar-10,ARV,Adult,"Lamivudine 150mg, tablets, 60 Tabs",Tablet,60.0,8010.0,19544.4,2.44,0.04,"Aurobindo Unit III, India",Yes,5350,4519.97,38.31,
12538,,,,,Mozambique,,,,,,N/A - From RDC,,,,,,SCMS from RDC,,Lamivudine/Nevirapine/Zidovudine,Generic,150/300/200mg,,,,,,,,,,,,111-MZ-T01,SO-2424,DN-850,PMO - US,From RDC,N/A - From RDC,Air,Pre-PQ Process,5-Sep-08,5-Sep-08,5-Sep-08,ARV,Adult,"Lamivudine/Nevirapine/Zidovudine 150/200/300mg, tablets, 60 Tabs",Tablet - FDC,60.0,16990.0,229365.0,13.5,0.22,"Aurobindo Unit III, India",No,See DN-850 (ID#:10733),See DN-850 (ID#:10733),366.98,Pre-PQ Process
12534,,,,,Kenya,,,,,,N/A - From RDC,,,,,,SCMS from RDC,,"HIV 1/2, Uni-Gold HIV Kit",Uni-Gold,,,,,,,,,,,,,102-KE-T01,SO-11480,DN-994,PMO - US,From RDC,N/A - From RDC,Truck,Pre-PQ Process,31-Oct-08,31-Oct-08,31-Oct-08,HRDT,HIV test,"HIV 1/2, Uni-Gold HIV Kit, 20 Tests",Test kit,20.0,1250.0,40000.0,32.0,1.6,"Trinity Biotech, Plc",Yes,393,157.5,78.4,Pre-PQ Process
82277,,,,,Côte d'Ivoire,,,,,,N/A - From RDC,,,,,,SCMS from RDC,,Lamivudine/Stavudine,Generic,150/30mg,,,,,,,,,,,,104-CI-T30,SO-34520,DN-1536,PMO - US,From RDC,N/A - From RDC,Air,7/24/2009,10-Dec-09,2-Dec-09,2-Dec-09,ARV,Adult,"Lamivudine/Stavudine 150/30mg, tablets, 60 Tabs",Tablet - FDC,60.0,1060.0,4028.0,3.8,0.06,"Strides, Bangalore, India.",Yes,56,1211.48,7.89,FPQ-3964
5076,,,,,South Africa,,,,,,4/2/2009,,,,,,S. BUYS WHOLESALER,,Tenofovir Disoproxil Fumarate,Viread,300mg,,,,,,,,,,,,116-ZA-T01,SCMS-42260,ASN-4333,PMO - US,Direct Drop,DDP,Truck,Pre-PQ Process,21-Apr-09,17-Apr-09,17-Apr-09,ARV,Adult,"Tenofovir Disoproxil Fumarate 300mg [Viread], tablets, 30 Tabs",Tablet,30.0,250.0,5315.0,21.26,0.71,"Aspen-OSD, Port Elizabeth, SA",Yes,Weight Captured Separately,Freight Included in Commodity Cost,10.42,Pre-PQ Process
4259,,Pre-PQ Process,,,South Africa,,,,,,1/4/2008,,,,,,"JSI R&T INSTITUTE, INC.",,Lamivudine,Epivir,10mg/ml,,,,,,,,,,,,116-ZA-T01,SCMS-16600,ASN-1520,PMO - US,Direct Drop,DDP,,Pre-PQ Process,21-Jan-08,4-Jan-08,4-Jan-08,ARV,Pediatric,"Lamivudine 10mg/ml [Epivir], oral solution, Bottle, 240 ml",Oral solution,240.0,300.0,2049.0,6.83,0.03,GSK Mississauga (Canada),No,Weight Captured Separately,Freight Included in Commodity Cost,3.28,
82285,111-MZ-T30,FPQ-4473,SO-26422,DN-1608,Mozambique,PMO - US,From RDC,N/A - From RDC,Truck,2/26/09,N/A - From RDC,31-Mar-10,24-Mar-10,24-Mar-10,ARV,Adult,SCMS from RDC,"Tenofovir Disoproxil Fumarate 300mg, tablets, 30 Tabs",Tenofovir Disoproxil Fumarate,Generic,300mg,Tablet,30.0,3040.0,25931.2,8.53,0.28,Mylan (formerly Matrix) Nashik,Yes,163,1236.13,50.83,,,,,,,,,,,,,,,,,,,,,,,,,,
6624,,,,,Zambia,,,,,,Date Not Captured,,,,,,"GILEAD SCIENCES IRELAND, INC.",,Emtricitabine/Tenofovir Disoproxil Fumarate,Truvada,300/200mg,,,,,,,,,,,,110-ZM-T01,SCMS-164,ASN-146,PMO - US,Direct Drop,EXW,Air,Pre-PQ Process,9-Jan-07,9-Jan-07,9-Jan-07,ARV,Adult,"Emtricitabine/Tenofovir Disoproxil Fumarate 200/300mg [Truvada], tablets, 30 Tabs",Tablet - FDC,30.0,14851.0,389838.75,26.25,0.88,Gilead(Nycomed) Oranienburg DE,Yes,1244,6546.69,,Pre-PQ Process
12060,,,,,Mozambique,,,,,,N/A - From RDC,,,,,,SCMS from RDC,,Lopinavir/Ritonavir,Aluvia,200/50mg,,,,,,,,,,,,111-MZ-T01,SO-578,DN-184,PMO - US,From RDC,N/A - From RDC,Air,Pre-PQ Process,11-Jul-07,11-Jul-07,11-Jul-07,ARV,Adult,"Lopinavir/Ritonavir 200/50mg [Aluvia], tablets, 120 Tabs",Tablet,120.0,801.0,32921.1,41.1,0.34,ABBVIE Ludwigshafen Germany,Yes,333,630.23,,Pre-PQ Process
11197,111-MZ-T01,Pre-PQ Process,SO-1039,DN-603,Mozambique,PMO - US,From RDC,N/A - From RDC,Air,Pre-PQ Process,N/A - From RDC,8-Apr-08,8-Apr-08,8-Apr-08,ARV,Adult,SCMS from RDC,"Lamivudine/Stavudine 150/30mg, tablets, 30 Tabs",Lamivudine/Stavudine,Generic,150/30mg,Tablet - FDC,30.0,50000.0,100000.0,2.0,0.07,"Cipla, Goa, India",Yes,3584,8405.91,160.0,,,,,,,,,,,,,,,,,,,,,,,,,,
37506,,FPQ-4720,,,Vietnam,,,,,,1/11/2010,,,,,,ABBVIE LOGISTICS (FORMERLY ABBOTT LOGISTICS BV),,Lopinavir/Ritonavir,Aluvia,200/50mg,,,,,,,,,,,,108-VN-T30,SCMS-62370,ASN-6189,PMO - US,Direct Drop,FCA,Air,1/4/2009,22-Mar-10,22-Mar-10,22-Mar-10,ARV,Adult,"Lopinavir/Ritonavir 200/50mg [Aluvia], tablets, 120 Tabs",Tablet,120.0,4165.0,342363.0,82.2,0.68,ABBVIE Ludwigshafen Germany,Yes,1010,5417.87,738.13,
9042,116-ZA-T01,Pre-PQ Process,SCMS-41190,ASN-3732,South Africa,PMO - US,Direct Drop,DDP,Air,Pre-PQ Process,Date Not Captured,30-Mar-09,21-Jan-09,21-Jan-09,ARV,Pediatric,S. BUYS WHOLESALER,"Nevirapine 10mg/ml [Viramune], oral suspension, Bottle, 240 ml",Nevirapine,Viramune,10mg/ml,Oral suspension,240.0,30.0,323.4,10.78,0.04,"BI, Ingelheim, Germany",No,Weight Captured Separately,Freight Included in Commodity Cost,0.63,,,,,,,,,,,,,,,,,,,,,,,,,,
27781,116-ZA-T30,FPQ-14942,SCMS-259072,ASN-30377,South Africa,PMO - US,Direct Drop,DDP,Truck,9/11/14,1/26/15,26-Jan-15,26-Jan-15,26-Jan-15,ARV,Adult,PHARMACY DIRECT,"Abacavir 300mg, tablets, 60 Tabs",Abacavir,Generic,300mg,Tablet,60.0,53.0,2642.19,49.85,0.83,"Aurobindo Unit III, India",No,Weight Captured Separately,Freight Included in Commodity Cost,2.72,,,,,,,,,,,,,,,,,,,,,,,,,,
44363,103-DO-T30,FPQ-11964,SCMS-202650,ASN-21798,Dominican Republic,PMO - US,Direct Drop,EXW,Air,4/10/13,8/12/13,4-Oct-13,4-Oct-13,18-Oct-13,ARV,Adult,EMCURE PHARMACEUTICALS LTD,"Atazanavir 300mg, capsules, 30 Caps",Atazanavir,Generic,300mg,Capsule,30.0,1902.0,38040.0,20.0,0.67,"Emcure Plot No.P-2, I.T-B.T. Park, Phase II, MIDC, Hinjwadi, Pune, India",Yes,170,1965.62,47.06,,,,,,,,,,,,,,,,,,,,,,,,,,
86020,,,,,Guyana,,,,,,N/A - From RDC,,,,,,SCMS from RDC,,Lopinavir/Ritonavir,Aluvia,200/50mg,,,,,,,,,,,,105-GY-T30,SO-46090,DN-3425,PMO - US,From RDC,N/A - From RDC,Air,7/16/2013,31-Dec-13,2-Dec-13,20-Dec-13,ARV,Adult,"Lopinavir/Ritonavir 200/50mg [Aluvia], tablets, 120 Tabs",Tablet,120.0,1490.0,30127.8,20.22,0.17,ABBVIE Ludwigshafen Germany,No,See DN-3425 (ID#:82618),See DN-3425 (ID#:82618),37.27,FPQ-12619
85110,,,,,Uganda,,,,,,N/A - From RDC,,,,,,SCMS from RDC,,Lamivudine/Nevirapine/Zidovudine,Generic,150/300/200mg,,,,,,,,,,,,114-UG-T30,SO-34981,DN-1816,PMO - US,From RDC,N/A - From RDC,Air,10/28/2009,3-May-10,3-May-10,3-May-10,ARV,Adult,"Lamivudine/Nevirapine/Zidovudine 150/200/300mg, tablets, 60 Tabs",Tablet - FDC,60.0,17000.0,190740.0,11.22,0.19,Mylan (formerly Matrix) Nashik,Yes,2156,14467.75,411.24,FPQ-4496
14286,104-CI-T30,FPQ-12134,SCMS-190721,ASN-22462,Côte d'Ivoire,PMO - US,Direct Drop,EXW,Air,4/23/13,5/21/13,27-Nov-13,27-Nov-13,2-Dec-13,HRDT,HIV test,"CHEMBIO DIAGNOSTIC SYSTEMS, INC.","HIV 1/2, Stat-Pak HIV, Kit, 20 Tests","HIV 1/2, Stat-Pak HIV, Kit",Stat-Pak,,Test kit,20.0,1900.0,55100.0,29.0,1.45,Chembio Diagnostics Sys. Inc.,Yes,550,8263.16,68.16,,,,,,,,,,,,,,,,,,,,,,,,,,
79955,,FPQ-15221,,,Mozambique,,,,,,12/19/2014,,,,,,MERCK SHARP & DOHME IDEA GMBH (FORMALLY MERCK SHARP & DOHME B.V.),,Raltegravir,Isentress,400mg,,,,,,,,,,,,111-MZ-T30,SCMS-270120,ASN-32420,PMO - US,Direct Drop,CIP,Air,10/28/2014,9-Jun-15,9-Jun-15,16-Jul-15,ARV,Adult,"Raltegravir 400mg [Isentress], tablets, 60 Tabs",Tablet,60.0,162.0,8991.0,55.5,0.92,"MSD, Haarlem, NL",No,Weight Captured Separately,Freight Included in Commodity Cost,10.58,
21606,161-ZA-T30,FPQ-6708,SCMS-93490,ASN-10129,South Africa,PMO - US,Direct Drop,DDP,Ocean,11/26/10,12/14/10,4-Apr-11,4-Apr-11,4-Apr-11,ARV,Pediatric,Aurobindo Pharma Limited,"Nevirapine 10mg/ml, oral suspension w/syringe, Bottle, 240 ml",Nevirapine,Generic,10mg/ml,Oral suspension,240.0,3971.0,8418.52,2.12,0.01,"Aurobindo Unit III, India",Yes,1472,3524.95,13.89,,,,,,,,,,,,,,,,,,,,,,,,,,
54955,116-ZA-T30,FPQ-5630,SCMS-72760,ASN-7111,South Africa,PMO - US,Direct Drop,DDP,Truck,4/30/10,5/5/10,12-May-10,12-May-10,12-May-10,ARV,Pediatric,S. BUYS WHOLESALER,"Nevirapine 10mg/ml [Viramune], oral suspension, Bottle, 240 ml",Nevirapine,Viramune,10mg/ml,Oral suspension,240.0,20.0,310.55,15.53,0.06,Boehringer Ingelheim Roxane US,No,Weight Captured Separately,Freight Included in Commodity Cost,0.67,,,,,,,,,,,,,,,,,,,,,,,,,,
84193,114-UG-T30,FPQ-9355,SO-41590,DN-2876,Uganda,PMO - US,From RDC,N/A - From RDC,Truck,2/20/12,N/A - From RDC,8-Nov-12,8-Nov-12,8-Nov-12,ARV,Adult,SCMS from RDC,"Efavirenz 600mg, tablets, 30 Tabs",Efavirenz,Generic,600mg,Tablet,30.0,8132.0,29600.48,3.64,0.12,"Aurobindo Unit III, India",Yes,690,3990,41.5,,,,,,,,,,,,,,,,,,,,,,,,,,
10979,,,,,Zimbabwe,,,,,,N/A - From RDC,,,,,,SCMS from RDC,,Lamivudine/Nevirapine/Stavudine,Generic,150/200/30mg,,,,,,,,,,,,113-ZW-T01,SO-2502,DN-813,PMO - US,From RDC,N/A - From RDC,Truck,Pre-PQ Process,26-Jul-08,26-Jul-08,26-Jul-08,ARV,Adult,"Lamivudine/Nevirapine/Stavudine 150/200/30mg, tablets, 60 Tabs",Tablet - FDC,60.0,66268.0,490383.2,7.4,0.12,"Cipla, Goa, India",Yes,6606,22666.98,784.61,Pre-PQ Process
40484,102-KE-T30,FPQ-6406,SCMS-88211,ASN-9546,Kenya,PMO - US,Direct Drop,EXW,Air,9/27/10,11/22/10,10-Feb-11,10-Feb-11,10-Feb-11,HRDT,HIV test,"Orgenics, Ltd","HIV 1/2, Determine Complete HIV Kit, 100 Tests","HIV 1/2, Determine Complete HIV Kit",Determine,,Test kit,100.0,8563.0,762107.0,89.0,0.89,Inverness Japan,Yes,1474,15687.32,1643.1,,,,,,,,,,,,,,,,,,,,,,,,,,
85698,151-NG-T30,FPQ-5688,SO-36933,DN-1977,Nigeria,PMO - US,From RDC,N/A - From RDC,Air Charter,5/27/10,N/A - From RDC,31-Aug-10,17-Aug-10,17-Aug-10,ARV,Adult,SCMS from RDC,"Lamivudine/Nevirapine/Zidovudine 150/200/300mg, tablets, 60 Tabs",Lamivudine/Nevirapine/Zidovudine,Generic,150/300/200mg,Tablet - FDC,60.0,15000.0,168300.0,11.22,0.19,"Aurobindo Unit III, India",Yes,1972,6147.18,362.85,,,,,,,,,,,,,,,,,,,,,,,,,,
86604,,,,,Dominican Republic,,,,,,N/A - From RDC,,,,,,SCMS from RDC,,Lopinavir/Ritonavir,Generic,200/50mg,,,,,,,,,,,,102-DO-T30,SO-46510,DN-3325,PMO - US,From RDC,N/A - From RDC,Air,8/29/2013,26-Sep-13,21-May-13,18-Nov-14,ARV,Adult,"Lopinavir/Ritonavir 200/50mg, [DON] tablets, 120 Tabs",Tablet,120.0,93.0,0.0,0.0,0.0,Mylan (formerly Matrix) Nashik,Yes,Weight Captured Separately,Invoiced Separately,0.0,FPQ-12902
82519,900-CM-T30,FPQ-10641,SO-43390,DN-2886,Cameroon,PMO - US,From RDC,N/A - From RDC,Air Charter,9/19/12,N/A - From RDC,24-Oct-12,17-Oct-12,17-Oct-12,ARV,Adult,SCMS from RDC,"Lamivudine/Nevirapine/Zidovudine 150/200/300mg, tablets, 60 Tabs",Lamivudine/Nevirapine/Zidovudine,Generic,150/300/200mg,Tablet - FDC,60.0,152000.0,1462240.0,9.62,0.16,Mylan (formerly Matrix) Nashik,Yes,43571,67732.54,2050.06,,,,,,,,,,,,,,,,,,,,,,,,,,
27015,104-CI-T30,FPQ-10636,SCMS-162550,ASN-18558,Côte d'Ivoire,PMO - US,Direct Drop,EXW,Air,9/19/12,10/12/12,21-Mar-13,21-Mar-13,21-Mar-13,ARV,Adult,MYLAN LABORATORIES LTD (FORMERLY MATRIX LABORATORIES),"Atazanavir/Ritonavir 300/100mg, tablets, 30 Tabs",Atazanavir/Ritonavir,Generic,300/100mg,Tablet,30.0,1400.0,31500.0,22.5,0.75,Mylan (formerly Matrix) Nashik,Yes,364,4171.65,44.16,,,,,,,,,,,,,,,,,,,,,,,,,,
83042,,FPQ-9912,,,Rwanda,,,,,,N/A - From RDC,,,,,,SCMS from RDC,,Tenofovir Disoproxil Fumarate,Generic,300mg,,,,,,,,,,,,107-RW-T30,SO-42160,DN-2691,PMO - US,From RDC,N/A - From RDC,Air,5/11/2012,31-Jul-12,15-Jun-12,15-Jun-12,ARV,Adult,"Tenofovir Disoproxil Fumarate 300mg, tablets, 30 Tabs",Tablet,30.0,1056.0,5808.0,5.5,0.18,Mylan (formerly Matrix) Nashik,Yes,69,1366.67,8.14,
58173,,,,,South Africa,,,,,,10/9/2014,,,,,,PHARMACY DIRECT,,Efavirenz,Generic,600mg,,,,,,,,,,,,116-ZA-T30,SCMS-259078,ASN-33470,PMO - US,Direct Drop,DDP,Truck,9/11/2014,24-Jul-15,24-Jul-15,24-Jul-15,ARV,Adult,"Efavirenz 600mg, tablets, 30 Tabs",Tablet,30.0,47.0,568.37,12.09,0.4,"Aurobindo Unit III, India",No,Weight Captured Separately,Freight Included in Commodity Cost,0.58,FPQ-14942
83309,151-NG-T30,FPQ-14156,SO-50880,DN-4132,Nigeria,PMO - US,From RDC,N/A - From RDC,Air Charter,4/25/14,N/A - From RDC,2-Mar-15,5-Feb-15,10-Feb-15,ARV,Adult,SCMS from RDC,"Lamivudine/Tenofovir Disoproxil Fumarate 300/300mg, tablets, 30 Tabs",Lamivudine/Tenofovir Disoproxil Fumarate,Generic,300/300mg,Tablet - FDC,30.0,95597.0,443570.08,4.64,0.15,"Cipla, Kurkumbh, India",Yes,10656,20992.67,455.99,,,,,,,,,,,,,,,,,,,,,,,,,,
11001,,,,,Uganda,,,,,,N/A - From RDC,,,,,,SCMS from RDC,,Lopinavir/Ritonavir,Aluvia,200/50mg,,,,,,,,,,,,114-UG-T01,SO-17830,DN-990,PMO - US,From RDC,N/A - From RDC,Air,Pre-PQ Process,9-Dec-08,9-Dec-08,9-Dec-08,ARV,Adult,"Lopinavir/Ritonavir 200/50mg [Aluvia], tablets, 120 Tabs",Tablet,120.0,42.0,1726.2,41.1,0.34,ABBVIE Ludwigshafen Germany,Yes,123,845.37,3.38,Pre-PQ Process
84772,151-NG-T30,FPQ-9968,SO-43435,DN-2946,Nigeria,PMO - US,From RDC,N/A - From RDC,Air,5/23/12,N/A - From RDC,4-Dec-12,4-Dec-12,4-Dec-12,ARV,Adult,SCMS from RDC,"Nevirapine 200mg, tablets, 60 Tabs",Nevirapine,Generic,200mg,Tablet,60.0,35011.0,84726.62,2.42,0.04,Hetero Unit III Hyderabad IN,No,See DN-2946 (ID#:82531),See DN-2946 (ID#:82531),118.79,,,,,,,,,,,,,,,,,,,,,,,,,,
12686,111-MZ-T01,Pre-PQ Process,SO-298,DN-304,Mozambique,PMO - US,From RDC,N/A - From RDC,Air,Pre-PQ Process,N/A - From RDC,21-Sep-07,21-Sep-07,21-Sep-07,ARV,Pediatric,SCMS from RDC,"Abacavir 20mg/ml, oral solution, Bottle, 240 ml",Abacavir,Generic,20mg/ml,Oral solution,240.0,59.0,1241.95,21.05,0.09,"Aurobindo Unit III, India",No,See DN-304 (ID#:10589),See DN-304 (ID#:10589),1.99,,,,,,,,,,,,,,,,,,,,,,,,,,
82636,103-ZW-T30,FPQ-12086,SO-45120,DN-3488,Zimbabwe,PMO - US,From RDC,N/A - From RDC,Truck,4/19/13,N/A - From RDC,31-Jan-14,10-Feb-14,19-Mar-14,ARV,Pediatric,SCMS from RDC,"Lamivudine/Nevirapine/Zidovudine 30/50/60mg, dispersible tablets, 60 Tabs",Lamivudine/Nevirapine/Zidovudine,Generic,30/50/60mg,Chewable/dispersible tablet - FDC,60.0,115211.0,432041.25,3.75,0.06,Mylan (formerly Matrix) Nashik,Yes,6428,15847.19,534.44,,,,,,,,,,,,,,,,,,,,,,,,,,
37362,,FPQ-12522,,,South Africa,,,,,,8/29/2014,,,,,,S. BUYS WHOLESALER,,Didanosine,Generic,250mg,,,,,,,,,,,,116-ZA-T30,SCMS-199289,ASN-28034,PMO - US,Direct Drop,DDP,Truck,7/11/2013,29-Aug-14,29-Aug-14,29-Aug-14,ARV,Adult,"Didanosine 250mg, delayed-release capsules, 30 Caps",Delayed-release capsules,30.0,8.0,134.55,16.82,0.56,"Aurobindo Unit III, India",No,Weight Captured Separately,Freight Included in Commodity Cost,0.17,
11839,,Pre-PQ Process,,,Côte d'Ivoire,,,,,,N/A - From RDC,,,,,,SCMS from RDC,,Lamivudine/Nevirapine/Stavudine,Generic,150/200/30mg,,,,,,,,,,,,104-CI-T01,SO-1104,DN-569,PMO - US,From RDC,N/A - From RDC,Air,Pre-PQ Process,29-Jan-08,29-Jan-08,29-Jan-08,ARV,Adult,"Lamivudine/Nevirapine/Stavudine 150/200/30mg, tablets, 60 Tabs",Tablet - FDC,60.0,22500.0,166500.0,7.4,0.12,"Cipla, Goa, India",No,See DN-569 (ID#:11224),See DN-569 (ID#:11224),266.4,
22675,,FPQ-13939,,,Zimbabwe,,,,,,5/8/2014,,,,,,Aurobindo Pharma Limited,,Lamivudine/Tenofovir Disoproxil Fumarate,Generic,300/300mg,,,,,,,,,,,,113-ZW-T30,SCMS-234720,ASN-26118,PMO - US,Direct Drop,EXW,Air,4/1/2014,14-Jun-14,14-Jun-14,16-Jun-14,ARV,Adult,"Lamivudine/Tenofovir Disoproxil Fumarate 300/300mg, tablets, 30 Tabs",Tablet - FDC,30.0,32760.0,152334.0,4.65,0.16,"Aurobindo Unit VII, IN",Yes,3155,25316.94,156.6,
75733,103-SS-T30,FPQ-14517,SCMS-249920,ASN-29167,South Sudan,PMO - US,Direct Drop,EXW,Air,6/30/14,7/31/14,11-Dec-14,11-Dec-14,16-Dec-14,ARV,Pediatric,CIPLA LIMITED,"Lamivudine/Zidovudine 30/60mg, dispersible tablets, 60 Tabs",Lamivudine/Zidovudine,Generic,30/60mg,Chewable/dispersible tablet - FDC,60.0,635.0,1206.5,1.9,0.03,"Cipla, Goa, India",Yes,59,1944.99,1.24,,,,,,,,,,,,,,,,,,,,,,,,,,
84382,,,,,Nigeria,,,,,,N/A - From RDC,,,,,,SCMS from RDC,,Abacavir/Lamivudine,Generic,60/30mg,,,,,,,,,,,,151-NG-T30,SO-46540,DN-3790,PMO - US,From RDC,N/A - From RDC,Air Charter,8/6/2013,30-Jun-14,20-Jun-14,25-Jun-14,ARV,Pediatric,"Abacavir/Lamivudine 60/30mg, tablets, 60 Tabs",Tablet - FDC,60.0,27137.0,110990.33,4.09,0.07,Mylan (formerly Matrix) Nashik,Yes,1169,28812.58,137.3,FPQ-12801
11616,,Pre-PQ Process,,,Uganda,,,,,,N/A - From RDC,,,,,,SCMS from RDC,,Lamivudine/Nevirapine/Stavudine,Generic,150/200/30mg,,,,,,,,,,,,114-UG-T01,SO-17820,DN-985,PMO - US,From RDC,N/A - From RDC,Air,Pre-PQ Process,9-Jan-09,9-Jan-09,9-Jan-09,ARV,Adult,"Lamivudine/Nevirapine/Stavudine 150/200/30mg, tablets, 60 Tabs",Tablet - FDC,60.0,3374.0,24292.8,7.2,0.12,"Strides, Bangalore, India.",Yes,250,2331.03,47.61,
51608,,FPQ-16474,,,Cameroon,,,,,,6/25/2015,,,,,,Orasure Technologies Inc.,,"HIV 1/2, OraQuick Advance HIV Rapid Antibody Kit",OraQuick,,,,,,,,,,,,,103-CM-T30,SCMS-291900,ASN-33189,PMO - US,Direct Drop,EXW,Air,6/9/2015,23-Jul-15,23-Jul-15,27-Jul-15,HRDT,HIV test,"HIV 1/2, OraQuick Advance HIV Rapid Antibody Kit, 100 Tests",Test kit,100.0,25.0,8750.0,350.0,3.5,"Pacific Biotech, Thailand",Yes,Weight Captured Separately,Invoiced Separately,10.3,
62194,,,,,Vietnam,,,,,,12/8/2014,,,,,,HETERO LABS LIMITED,,Efavirenz,Generic,600mg,,,,,,,,,,,,108-VN-T30,SCMS-263670,ASN-30942,PMO - US,Direct Drop,EXW,Air,10/30/2014,14-Apr-15,14-Apr-15,14-Apr-15,ARV,Adult,"Efavirenz 600mg, tablets, 30 Tabs",Tablet,30.0,12200.0,42700.0,3.5,0.12,Hetero Unit III Hyderabad IN,No,See ASN-30942 (ID#:19840),See ASN-30942 (ID#:19840),43.9,FPQ-15040
9036,116-ZA-T01,Pre-PQ Process,SCMS-41140,ASN-3752,South Africa,PMO - US,Direct Drop,DDP,Air,Pre-PQ Process,Date Not Captured,31-Mar-09,21-Nov-08,21-Nov-08,ARV,Adult,S. BUYS WHOLESALER,"Nevirapine 200mg, tablets, 60 Tabs",Nevirapine,Generic,200mg,Tablet,60.0,200.0,2998.0,14.99,0.25,"Cipla, Goa, India",No,Weight Captured Separately,Freight Included in Commodity Cost,5.88,,,,,,,,,,,,,,,,,,,,,,,,,,
270,108-VN-T01,Pre-PQ Process,SCMS-14200,ASN-1171,Vietnam,PMO - US,Direct Drop,EXW,Air,Pre-PQ Process,11/21/07,21-Jan-08,21-Jan-08,21-Jan-08,ARV,Adult,SUN PHARMACEUTICAL INDUSTRIES LTD (RANBAXY LABORATORIES LIMITED),"Zidovudine 300mg, tablets, 60 Tabs",Zidovudine,Generic,300mg,Tablet,60.0,400.0,3352.0,8.38,0.14,"Ranbaxy, Paonta Shahib, India",Yes,23,2149.05,5.36,,,,,,,,,,,,,,,,,,,,,,,,,,
10565,,Pre-PQ Process,,,Mozambique,,,,,,N/A - From RDC,,,,,,SCMS from RDC,,Saquinavir,Invirase,200mg,,,,,,,,,,,,111-MZ-T01,SO-576,DN-148,PMO - US,From RDC,N/A - From RDC,Air,Pre-PQ Process,13-Jun-07,13-Jun-07,13-Jun-07,ARV,Adult,"Saquinavir 200mg [Invirase], capsules, 270 Caps",Capsule,270.0,421.0,32118.09,76.29,0.28,Roche Basel,No,See DN-148 (ID#:10564),See DN-148 (ID#:10564),,
33522,104-CI-T30,FPQ-9874,SCMS-147590,ASN-17853,Côte d'Ivoire,PMO - US,Direct Drop,EXW,Air,5/11/12,6/13/12,6-Feb-13,6-Feb-13,6-Feb-13,HRDT,HIV test,"Orgenics, Ltd","HIV 1/2, Determine Complete HIV Kit, 100 Tests","HIV 1/2, Determine Complete HIV Kit",Determine,,Test kit,100.0,2400.0,192000.0,80.0,0.8,"Alere Medical Co., Ltd.",Yes,1043,20882.95,269.18,,,,,,,,,,,,,,,,,,,,,,,,,,
2437,,,,,South Africa,,,,,,Date Not Captured,,,,,,S. BUYS WHOLESALER,,Efavirenz,Generic,600mg,,,,,,,,,,,,116-ZA-T01,SCMS-41080,ASN-3638,PMO - US,Direct Drop,DDP,Air,Pre-PQ Process,26-May-09,22-Jan-09,22-Jan-09,ARV,Adult,"Efavirenz 600mg, tablets, 30 Tabs",Tablet,30.0,1120.0,16307.2,14.56,0.49,"Cipla, Goa, India",Yes,Weight Captured Separately,Freight Included in Commodity Cost,31.96,Pre-PQ Process
11312,,,,,Kenya,,,,,,N/A - From RDC,,,,,,SCMS from RDC,,Efavirenz,Stocrin/Sustiva,30mg/ml,,,,,,,,,,,,127-KE-T01,SO-29010,DN-1193,PMO - US,From RDC,N/A - From RDC,Truck,Pre-PQ Process,23-Apr-09,23-Apr-09,23-Apr-09,ARV,Pediatric,"Efavirenz 30mg/ml [Stocrin/Sustiva], oral solution, Bottle, 180 ml",Oral solution,180.0,3930.0,39.3,0.01,0.0,"MSD, Haarlem, NL",Yes,Weight Captured Separately,Invoiced Separately,0.08,Pre-PQ Process
12488,,,,,Mozambique,,,,,,N/A - From RDC,,,,,,SCMS from RDC,,Efavirenz,Generic,600mg,,,,,,,,,,,,111-MZ-T01,SO-2015,DN-665,PMO - US,From RDC,N/A - From RDC,Air,Pre-PQ Process,5-Jun-08,5-Jun-08,5-Jun-08,ARV,Adult,"Efavirenz 600mg, tablets, 30 Tabs",Tablet,30.0,33787.0,419634.54,12.42,0.41,"Aurobindo Unit III, India",Yes,6081,3316.9,671.42,Pre-PQ Process
8714,,,,,Zambia,,,,,,10/2/2008,,,,,,"Orgenics, Ltd",,"HIV, Lancet, Safety, for HIV Test kits, 100 Pcs",Generic,,,,,,,,,,,,,110-ZM-T01,SCMS-31390,ASN-3508,PMO - US,Direct Drop,EXW,Air,Pre-PQ Process,18-Mar-09,18-Mar-09,18-Mar-09,HRDT,HIV test - Ancillary,"HIV, Lancet, Safety, for HIV Test kits, 100 Pcs",Test kit - Ancillary,100.0,5500.0,55.0,0.01,0.0,Inverness Japan,No,See ASN-3508 (ID#:3441),See ASN-3508 (ID#:3441),0.11,Pre-PQ Process
84209,104-CI-T30,FPQ-10633,SO-43320,DN-2967,Côte d'Ivoire,PMO - US,From RDC,N/A - From RDC,Truck,9/11/12,N/A - From RDC,28-Feb-13,25-Jan-13,25-Jan-13,ARV,Adult,SCMS from RDC,"Lopinavir/Ritonavir 200/50mg [Aluvia], tablets, 120 Tabs",Lopinavir/Ritonavir,Aluvia,200/50mg,Tablet,120.0,17500.0,539350.0,30.82,0.26,ABBVIE Ludwigshafen Germany,Yes,6649,27350.2,756.17,,,,,,,,,,,,,,,,,,,,,,,,,,
84446,,FPQ-14784,,,Zambia,,,,,,N/A - From RDC,,,,,,SCMS from RDC,,Lamivudine/Zidovudine,Generic,30/60mg,,,,,,,,,,,,110-ZM-T30,SO-49580,DN-4110,PMO - US,From RDC,N/A - From RDC,Truck,8/12/2014,28-Feb-15,19-Feb-15,20-Feb-15,ARV,Pediatric,"Lamivudine/Zidovudine 30/60mg, dispersible tablets, 60 Tabs",Chewable/dispersible tablet - FDC,60.0,4000.0,7960.0,1.99,0.03,"Mylan,  H-12 & H-13, India",Yes,312,274.51,8.18,
20133,114-UG-T30,FPQ-4185,SCMS-54140,ASN-5318,Uganda,PMO - US,Direct Drop,FCA,Air,9/8/09,9/30/09,4-Nov-09,4-Nov-09,4-Nov-09,ARV,Adult,ABBVIE LOGISTICS (FORMERLY ABBOTT LOGISTICS BV),"Lopinavir/Ritonavir 200/50mg [Aluvia], tablets, 120 Tabs",Lopinavir/Ritonavir,Aluvia,200/50mg,Tablet,120.0,60.0,2169.6,36.16,0.3,ABBVIE Ludwigshafen Germany,Yes,36,814.04,4.25,,,,,,,,,,,,,,,,,,,,,,,,,,
53971,,FPQ-13954,,,Lesotho,,,,,,4/2/2014,,,,,,"Trinity Biotech, Plc",,"HIV 1/2, Uni-Gold HIV Kit",Uni-Gold,,,,,,,,,,,,,800-LS-T30,SCMS-233580,ASN-25539,PMO - US,Direct Drop,EXW,Air,3/24/2014,7-May-14,7-May-14,9-May-14,HRDT,HIV test,"HIV 1/2, Uni-Gold HIV Kit, 20 Tests",Test kit,20.0,2500.0,80000.0,32.0,1.6,"Trinity Biotech, Plc",Yes,Weight Captured Separately,Invoiced Separately,82.24,
82325,110-ZM-T30,FPQ-4273,SO-33701,DN-1866,Zambia,PMO - US,From RDC,N/A - From RDC,Truck,9/17/09,N/A - From RDC,30-Jun-10,29-Jun-10,29-Jun-10,ARV,Adult,SCMS from RDC,"Lamivudine/Zidovudine 150/300mg, tablets, 60 Tabs",Lamivudine/Zidovudine,Generic,150/300mg,Tablet - FDC,60.0,22560.0,197625.6,8.76,0.15,Hetero Unit III Hyderabad IN,Yes,1928,11054.56,387.35,,,,,,,,,,,,,,,,,,,,,,,,,,
56367,105-SS-T30,FPQ-14470,SCMS-245250,ASN-27328,South Sudan,PMO - US,Direct Drop,EXW,Air,6/17/14,6/30/14,3-Oct-14,3-Oct-14,12-Nov-14,HRDT,HIV test - Ancillary,"Orgenics, Ltd","Chase Buffer, Determine, 100 Tests, 2.5ml x 1 Vial","Chase Buffer, Determine, 100 Tests, 2.5ml x 1 Vial",Determine,,Test kit - Ancillary,1.0,160.0,800.0,5.0,5.0,"Alere Medical Co., Ltd.",No,See ASN-27328 (ID#:27829),See ASN-27328 (ID#:27829),0.82,,,,,,,,,,,,,,,,,,,,,,,,,,
64617,,,,,South Africa,,,,,,10/9/2014,,,,,,PHARMACY DIRECT,,Abacavir,Generic,20mg/ml,,,,,,,,,,,,116-ZA-T30,SCMS-259078,ASN-33470,PMO - US,Direct Drop,DDP,Truck,9/11/2014,24-Jul-15,24-Jul-15,24-Jul-15,ARV,Pediatric,"Abacavir 20mg/ml, oral solution, Bottle, 240 ml",Oral solution,240.0,25.0,474.97,19.0,0.08,"Aurobindo Unit III, India",No,Weight Captured Separately,Freight Included in Commodity Cost,0.49,FPQ-14942
83034,,,,,Zimbabwe,,,,,,N/A - From RDC,,,,,,SCMS from RDC,,Lamivudine/Stavudine,Generic,150/30mg,,,,,,,,,,,,113-ZW-T30,SO-40870,DN-2656,PMO - US,From RDC,N/A - From RDC,Truck,10/4/2011,12-Jun-12,25-May-12,25-May-12,ARV,Adult,"Lamivudine/Stavudine 150/30mg, tablets, 60 Tabs",Tablet - FDC,60.0,7150.0,21092.5,2.95,0.05,"Strides, Bangalore, India.",No,See DN-2656 (ID#:83032),See DN-2656 (ID#:83032),34.8,FPQ-8464
86612,,,,,Zambia,,,,,,N/A - From RDC,,,,,,SCMS from RDC,,Efavirenz/Emtricitabine/Tenofovir Disoproxil Fumarate,Generic,600/200/300mg,,,,,,,,,,,,110-ZM-T30,SO-45081,DN-3360,PMO - US,From RDC,N/A - From RDC,Truck,4/19/2013,24-Jan-14,24-Jan-14,17-Mar-14,ARV,Adult,"Efavirenz/Emtricitabine/Tenofovir Disoproxil Fumarate 600/200/300mg, tablets, 30 Tabs",Tablet - FDC,30.0,177272.0,2180445.6,12.3,0.41,Mylan (formerly Matrix) Nashik,No,See DN-3360 (ID#:84864),See DN-3360 (ID#:84864),2697.21,FPQ-12066
85569,,,,,Côte d'Ivoire,,,,,,N/A - From RDC,,,,,,SCMS from RDC,,Tenofovir Disoproxil Fumarate,Generic,300mg,,,,,,,,,,,,104-CI-T30,SO-49054,DN-4174,PMO - US,From RDC,N/A - From RDC,Truck,5/23/2014,31-Mar-15,26-Mar-15,30-Mar-15,ARV,Adult,"Tenofovir Disoproxil Fumarate 300mg, tablets, 30 Tabs",Tablet,30.0,1764.0,6262.2,3.55,0.12,Mylan (formerly Matrix) Nashik,Yes,110,707.7,6.44,FPQ-14370
83275,,,,,Namibia,,,,,,N/A - From RDC,,,,,,SCMS from RDC,,Efavirenz,Generic,600mg,,,,,,,,,,,,901-NA-T30,SO-49560,DN-3907,PMO - US,From RDC,N/A - From RDC,Truck,7/30/2014,30-Sep-14,15-Sep-14,25-Sep-14,ARV,Adult,"Efavirenz 600mg, tablets, 30 Tabs",Tablet,30.0,29369.0,94274.49,3.21,0.11,"Cipla, Goa, India",No,See DN-3907 (ID#:82729),See DN-3907 (ID#:82729),96.91,FPQ-14670
7607,,,,,Vietnam,,,,,,1/16/2009,,,,,,Aurobindo Pharma Limited,,Lamivudine/Zidovudine,Generic,150/300mg,,,,,,,,,,,,108-VN-T01,SCMS-37160,ASN-3561,PMO - US,Direct Drop,EXW,Air,Pre-PQ Process,7-Apr-09,7-Apr-09,7-Apr-09,ARV,Adult,"Lamivudine/Zidovudine 150/300mg, tablets, 60 Tabs",Tablet - FDC,60.0,4032.0,34715.52,8.61,0.14,"Aurobindo Unit III, India",No,See ASN-3561 (ID#:2297),See ASN-3561 (ID#:2297),68.04,Pre-PQ Process
53877,,,,,Ethiopia,,,,,,2/15/2011,,,,,,Aurobindo Pharma Limited,,Lopinavir/Ritonavir,Generic,200/50mg,,,,,,,,,,,,117-ET-T30,SCMS-98700,ASN-11275,PMO - US,Direct Drop,EXW,Ocean,1/26/2011,21-Sep-11,21-Sep-11,21-Sep-11,ARV,Adult,"Lopinavir/Ritonavir 200/50mg, tablets, 120 Tabs",Tablet,120.0,13703.0,460420.8,33.6,0.28,"Aurobindo Unit III, India",Yes,3476,11729.82,759.69,FPQ-7065
7675,,Pre-PQ Process,,,Côte d'Ivoire,,,,,,2/24/2009,,,,,,"Orgenics, Ltd",,"HIV 1/2, Determine HIV Kit, without Lancets",Determine,,,,,,,,,,,,,104-CI-T01,SCMS-39420,ASN-3632,PMO - US,Direct Drop,EXW,Air,Pre-PQ Process,24-Mar-09,24-Mar-09,24-Mar-09,HRDT,HIV test,"HIV 1/2, Determine HIV Kit, without Lancets, 100 Tests",Test kit,100.0,2000.0,140000.0,70.0,0.7,Inverness Japan,Yes,453,8603.58,274.4,
52398,,FPQ-12477,,,Uganda,,,,,,7/30/2013,,,,,,STRIDES ARCOLAB LIMITED,,Efavirenz,Generic,600mg,,,,,,,,,,,,114-UG-T30,SCMS-198700,ASN-21821,PMO - US,Direct Drop,EXW,Ocean,7/8/2013,8-Nov-13,8-Nov-13,13-Nov-13,ARV,Adult,"Efavirenz 600mg, tablets, 30 Tabs",Tablet,30.0,71348.0,227600.12,3.19,0.11,"Strides, Bangalore, India.",Yes,4334,8144.11,281.54,
83216,,FPQ-13609,,,Ghana,,,,,,N/A - From RDC,,,,,,SCMS from RDC,,Lamivudine/Zidovudine,Generic,150/300mg,,,,,,,,,,,,105-GH-T30,SO-47940,DN-3576,PMO - US,From RDC,N/A - From RDC,Truck,2/19/2014,20-Mar-14,14-Mar-14,25-Apr-14,ARV,Adult,"Lamivudine/Zidovudine 150/300mg, tablets, 60 Tabs",Tablet - FDC,60.0,23000.0,154790.0,6.73,0.11,Mylan (formerly Matrix) Nashik,Yes,8701,3975.7,159.12,
82675,,,,,Tanzania,,,,,,N/A - From RDC,,,,,,SCMS from RDC,,Emtricitabine/Tenofovir Disoproxil Fumarate,Generic,200/300mg,,,,,,,,,,,,109-TZ-T30,SO-45990,DN-3704,PMO - US,From RDC,N/A - From RDC,Truck,7/4/2013,30-Jun-14,21-Jun-14,1-Jul-14,ARV,Adult,"Emtricitabine/Tenofovir Disoproxil Fumarate 200/300mg, tablets, 30 Tabs",Tablet - FDC,30.0,10267.0,58932.58,5.74,0.19,Mylan (formerly Matrix) Nashik,Yes,816,3623.2,72.9,FPQ-12587
45801,,,,,Kenya,,,,,,1/19/2012,,,,,,BIOLYTICAL LABORATORIES INC.,,"HIV 1/2, INSTI HIV 1/2 Antibody Kit",INSTi,,,,,,,,,,,,,102-KE-T30,SCMS-134430,ASN-13564,PMO - US,Direct Drop,CIP,Air,1/13/2012,8-Feb-12,8-Feb-12,8-Feb-12,HRDT,HIV test,"HIV 1/2, INSTI HIV 1/2 Antibody Kit, 48 Tests",Test kit,48.0,32.0,2657.28,83.04,1.73,bioLytical Laboratories,Yes,58,836.14,3.73,FPQ-9127
85689,151-NG-T30,FPQ-5023,SO-36421,DN-1931,Nigeria,PMO - US,From RDC,N/A - From RDC,Air,2/10/10,N/A - From RDC,15-Jul-10,28-Jun-10,28-Jun-10,ARV,Adult,SCMS from RDC,"Efavirenz/Emtricitabine/Tenofovir Disoproxil Fumarate 600/200/300mg, tablets, 30 Tabs",Efavirenz/Emtricitabine/Tenofovir Disoproxil Fumarate,Generic,600/200/300mg,Tablet - FDC,30.0,35000.0,697200.0,19.92,0.66,Mylan (formerly Matrix) Nashik,Yes,3869,Freight Included in Commodity Cost,1503.16,,,,,,,,,,,,,,,,,,,,,,,,,,
85045,110-ZM-T30,FPQ-14784,SO-49620,DN-4315,Zambia,PMO - US,From RDC,N/A - From RDC,Truck,8/12/14,N/A - From RDC,15-Aug-15,25-Aug-15,3-Sep-15,ARV,Adult,SCMS from RDC,"Nevirapine 200mg, tablets, 60 Tabs",Nevirapine,Generic,200mg,Tablet,60.0,89575.0,195273.5,2.18,0.04,"Strides, Bangalore, India.",No,Weight Captured Separately,Freight Included in Commodity Cost,200.74,,,,,,,,,,,,,,,,,,,,,,,,,,
11955,,Pre-PQ Process,,,Nigeria,,,,,,N/A - From RDC,,,,,,SCMS from RDC,,Lamivudine/Nevirapine/Zidovudine,Generic,150/300/200mg,,,,,,,,,,,,151-NG-T01,SO-21800,DN-1134,PMO - US,From RDC,N/A - From RDC,Air Charter,Pre-PQ Process,19-Mar-09,19-Mar-09,19-Mar-09,ARV,Adult,"Lamivudine/Nevirapine/Zidovudine 150/200/300mg, tablets, 60 Tabs",Tablet - FDC,60.0,63940.0,728916.0,11.4,0.19,"Aurobindo Unit III, India",Yes,7189,11492.86,1428.68,
83639,,,,,Zimbabwe,,,,,,N/A - From RDC,,,,,,SCMS from RDC,,Lamivudine/Nevirapine/Zidovudine,Generic,30/50/60mg,,,,,,,,,,,,103-ZW-T30,SO-42220,DN-2942,PMO - US,From RDC,N/A - From RDC,Truck,5/15/2012,14-Dec-12,11-Dec-12,11-Dec-12,ARV,Pediatric,"Lamivudine/Nevirapine/Zidovudine 30/50/60mg, dispersible tablets, 60 Tabs",Chewable/dispersible tablet - FDC,60.0,135933.0,564121.95,4.15,0.07,Mylan (formerly Matrix) Nashik,No,See DN-2942 (ID#:82530),See DN-2942 (ID#:82530),790.9,FPQ-9907
63719,,FPQ-14628,,,Uganda,,,,,,9/4/2014,,,,,,"CHEMBIO DIAGNOSTIC SYSTEMS, INC.",,"HIV 1/2, Stat-Pak Dipstick Assay Kit",Stat-Pak,,,,,,,,,,,,,200-UG-T30,SCMS-253240,ASN-28591,PMO - US,Direct Drop,EXW,Air,7/23/2014,14-Oct-14,14-Oct-14,15-Oct-14,HRDT,HIV test,"HIV 1/2, Stat-Pak Dipstick Assay Kit, 30 Tests",Test kit,30.0,800.0,22080.0,27.6,0.92,Chembio Diagnostics Sys. Inc.,Yes,86,798.43,22.7,
86737,,,,,Côte d'Ivoire,,,,,,N/A - From RDC,,,,,,SCMS from RDC,,Abacavir/Lamivudine,Generic,600/300mg,,,,,,,,,,,,104-CI-T30,SO-48750,DN-3982,PMO - US,From RDC,N/A - From RDC,Truck,4/9/2014,31-Oct-14,24-Oct-14,6-Nov-14,ARV,Adult,"Abacavir/Lamivudine 600/300mg, tablets, 30 Tabs",Tablet - FDC,30.0,2400.0,32376.0,13.49,0.45,Mylan (formerly Matrix) Nashik,Yes,213,1422.54,33.28,FPQ-14064
7968,,,,,Zambia,,,,,,Date Not Captured,,,,,,MERCK SHARP & DOHME IDEA GMBH (FORMALLY MERCK SHARP & DOHME B.V.),,Indinavir,Crixivan,400mg,,,,,,,,,,,,110-ZM-T01,SCMS-139,ASN-130,PMO - US,Direct Drop,DDU,Air,Pre-PQ Process,8-Jan-07,8-Jan-07,8-Jan-07,ARV,Adult,"Indinavir 400mg [Crixivan], capsules, 180 Caps",Capsule,180.0,1307.0,64461.24,49.32,0.27,MSD Elkton USA,No,Weight Captured Separately,Freight Included in Commodity Cost,,Pre-PQ Process
30103,,,,,South Africa,,,,,,2/12/2015,,,,,,PHARMACY DIRECT,,Efavirenz,Generic,600mg,,,,,,,,,,,,116-ZA-T30,SCMS-259073,ASN-30671,PMO - US,Direct Drop,DDP,Truck,9/11/2014,12-Feb-15,12-Feb-15,12-Feb-15,ARV,Adult,"Efavirenz 600mg, tablets, 30 Tabs",Tablet,30.0,154.0,1735.52,11.27,0.38,"Aurobindo Unit III, India",No,Weight Captured Separately,Freight Included in Commodity Cost,1.78,FPQ-14942
83326,114-UG-T30,FPQ-15294,SO-50050,DN-4218,Uganda,PMO - US,From RDC,N/A - From RDC,Truck,11/3/14,N/A - From RDC,15-Jun-15,14-May-15,15-May-15,ARV,Pediatric,SCMS from RDC,"Lamivudine/Zidovudine 30/60mg, dispersible tablets, 60 Tabs",Lamivudine/Zidovudine,Generic,30/60mg,Chewable/dispersible tablet - FDC,60.0,7559.0,14513.28,1.92,0.03,"Cipla, Goa, India",Yes,21710,18500.5,17.08,,,,,,,,,,,,,,,,,,,,,,,,,,
11319,,Pre-PQ Process,,,Uganda,,,,,,N/A - From RDC,,,,,,SCMS from RDC,,Emtricitabine/Tenofovir Disoproxil Fumarate,Truvada,300/200mg,,,,,,,,,,,,114-UG-T01,SO-30100,DN-1232,PMO - US,From RDC,N/A - From RDC,Air,Pre-PQ Process,1-Jun-09,1-Jun-09,1-Jun-09,ARV,Adult,"Emtricitabine/Tenofovir Disoproxil Fumarate 200/300mg [Truvada], tablets, 30 Tabs",Tablet - FDC,30.0,90.0,2362.5,26.25,0.88,"Aspen-OSD, Port Elizabeth, SA",No,See DN-1232 (ID#:10766),See DN-1232 (ID#:10766),4.63,
85900,,,,,Côte d'Ivoire,,,,,,N/A - From RDC,,,,,,SCMS from RDC,,Efavirenz,Generic,600mg,,,,,,,,,,,,104-CI-T30,SO-42380,DN-2861,PMO - US,From RDC,N/A - From RDC,Truck,4/19/2012,29-Oct-12,1-Oct-12,1-Oct-12,ARV,Adult,"Efavirenz 600mg, tablets, 30 Tabs",Tablet,30.0,43772.0,166771.32,3.81,0.13,"Aurobindo Unit III, India",No,See DN-2861 (ID#:82513),See DN-2861 (ID#:82513),233.81,FPQ-9749
20961,108-VN-T30,FPQ-11560,SCMS-177620,ASN-20368,Vietnam,PMO - US,Direct Drop,EXW,Air,2/7/13,2/13/13,1-Aug-13,1-Aug-13,1-Aug-13,ARV,Adult,MYLAN LABORATORIES LTD (FORMERLY MATRIX LABORATORIES),"Efavirenz/Lamivudine/Tenofovir Disoproxil Fumarate 600/300/300mg, tablets, 30 Tabs",Efavirenz/Lamivudine/Tenofovir Disoproxil Fumarate,Generic,600/300/300mg,Tablet - FDC,30.0,27122.0,311631.78,11.49,0.38,Mylan (formerly Matrix) Nashik,Yes,2843,9740.27,385.49,,,,,,,,,,,,,,,,,,,,,,,,,,
10981,,,,,Mozambique,,,,,,N/A - From RDC,,,,,,SCMS from RDC,,Lamivudine/Nevirapine/Stavudine,Generic,150/200/30mg,,,,,,,,,,,,111-MZ-T01,SO-1882,DN-817,PMO - US,From RDC,N/A - From RDC,Air,Pre-PQ Process,7-Aug-08,7-Aug-08,7-Aug-08,ARV,Adult,"Lamivudine/Nevirapine/Stavudine 150/200/30mg, tablets, 60 Tabs",Tablet - FDC,60.0,38975.0,280620.0,7.2,0.12,"Strides, Bangalore, India.",Yes,13123,9161.95,448.99,Pre-PQ Process
5035,,Pre-PQ Process,,,South Africa,,,,,,Date Not Captured,,,,,,S. BUYS WHOLESALER,,Nevirapine,Viramune,200mg,,,,,,,,,,,,116-ZA-T01,SCMS-40810,ASN-3634,PMO - US,Direct Drop,DDP,Air,Pre-PQ Process,31-Mar-09,2-Dec-08,2-Dec-08,ARV,Adult,"Nevirapine 200mg [Viramune], tablets, 60 Tabs",Tablet,60.0,2880.0,44812.8,15.56,0.26,"Boehringer Ing., Koropi, GR",No,Weight Captured Separately,Freight Included in Commodity Cost,87.83,
83008,,,,,"Congo, DRC",,,,,,N/A - From RDC,,,,,,SCMS from RDC,,Lamivudine/Tenofovir Disoproxil Fumarate,Generic,300/300mg,,,,,,,,,,,,101-CD-T30,SO-41142,DN-2506,PMO - US,From RDC,N/A - From RDC,Air,11/21/2011,16-Mar-12,14-Mar-12,14-Mar-12,ARV,Adult,"Lamivudine/Tenofovir Disoproxil Fumarate 300/300mg, tablets, 30 Tabs",Tablet - FDC,30.0,14.0,85.12,6.08,0.2,Mylan (formerly Matrix) Nashik,No,See DN-2506 (ID#:82439),See DN-2506 (ID#:82439),0.12,FPQ-8840
86391,110-ZM-T30,FPQ-6482,SO-37800,DN-2238,Zambia,PMO - US,From RDC,N/A - From RDC,Truck,10/15/10,N/A - From RDC,30-Apr-11,20-Jun-11,20-Jun-11,ARV,Adult,SCMS from RDC,"Nevirapine 200mg, tablets, 60 Tabs",Nevirapine,Generic,200mg,Tablet,60.0,31043.0,77917.93,2.51,0.04,Hetero Unit III Hyderabad IN,Yes,1785,7962.25,167.99,,,,,,,,,,,,,,,,,,,,,,,,,,
86603,151-NG-T30,FPQ-11864,SO-44931,DN-3324,Nigeria,PMO - US,From RDC,N/A - From RDC,Air Charter,3/14/13,N/A - From RDC,18-Sep-13,12-Sep-13,12-Sep-13,ARV,Adult,SCMS from RDC,"Lamivudine/Nevirapine/Zidovudine 150/200/300mg, tablets, 60 Tabs",Lamivudine/Nevirapine/Zidovudine,Generic,150/300/200mg,Tablet - FDC,60.0,160000.0,1372800.0,8.58,0.14,"Aurobindo Unit III, India",No,See DN-3324 (ID#:84854),See DN-3324 (ID#:84854),1698.15,,,,,,,,,,,,,,,,,,,,,,,,,,
11315,,Pre-PQ Process,,,Nigeria,,,,,,N/A - From RDC,,,,,,SCMS from RDC,,Lamivudine/Nevirapine/Zidovudine,Generic,150/300/200mg,,,,,,,,,,,,151-NG-T01,SO-22528,DN-1210,PMO - US,From RDC,N/A - From RDC,Air,Pre-PQ Process,14-May-09,14-May-09,14-May-09,ARV,Adult,"Lamivudine/Nevirapine/Zidovudine 150/200/300mg, tablets, 60 Tabs",Tablet - FDC,60.0,16698.0,190357.2,11.4,0.19,"Aurobindo Unit III, India",Yes,1901,18638.84,373.1,
84695,101-CD-T30,FPQ-8840,SO-41134,DN-2496,"Congo, DRC",PMO - US,From RDC,N/A - From RDC,Air,11/21/11,N/A - From RDC,16-Mar-12,14-Feb-12,14-Feb-12,ARV,Adult,SCMS from RDC,"Efavirenz 600mg, tablets, 30 Tabs",Efavirenz,Generic,600mg,Tablet,30.0,19.0,78.28,4.12,0.14,"Strides, Bangalore, India.",No,See DN-2496 (ID#:82434),See DN-2496 (ID#:82434),0.11,,,,,,,,,,,,,,,,,,,,,,,,,,
11067,114-UG-T01,Pre-PQ Process,SO-32960,DN-1414,Uganda,PMO - US,From RDC,N/A - From RDC,Air,Date Not Captured,N/A - From RDC,14-Sep-09,14-Sep-09,14-Sep-09,ARV,Adult,SCMS from RDC,"Zidovudine 300mg, tablets, 60 Tabs",Zidovudine,Generic,300mg,Tablet,60.0,192.0,1445.76,7.53,0.13,"Aurobindo Unit III, India",Yes,11,1112.31,2.83,,,,,,,,,,,,,,,,,,,,,,,,,,
86458,111-MZ-T30,FPQ-8157,SO-40381,DN-2590,Mozambique,PMO - US,From RDC,N/A - From RDC,Truck,8/4/11,N/A - From RDC,7-May-12,24-May-12,24-May-12,ARV,Adult,SCMS from RDC,"Lamivudine/Nevirapine/Stavudine 150/200/30mg, tablets, 60 Tabs",Lamivudine/Nevirapine/Stavudine,Generic,150/200/30mg,Tablet - FDC,60.0,25394.0,136619.72,5.38,0.09,"Strides, Bangalore, India.",No,See DN-2590 (ID#:83019),See DN-2590 (ID#:83019),225.42,,,,,,,,,,,,,,,,,,,,,,,,,,
40496,,FPQ-13973,,,South Africa,,,,,,8/5/2014,,,,,,PHARMACY DIRECT,,Darunavir,Prezista,300mg,,,,,,,,,,,,116-ZA-T30,SCMS-238552,ASN-27610,PMO - US,Direct Drop,DDP,Truck,4/30/2014,5-Aug-14,5-Aug-14,5-Aug-14,ARV,Adult,"Darunavir 300mg [Prezista], tablets, 120 Tabs",Tablet,120.0,18.0,1254.77,69.71,0.58,"Janssen-Cilag, Latina, IT",Yes,Weight Captured Separately,Freight Included in Commodity Cost,1.29,
83560,,,,,"Congo, DRC",,,,,,N/A - From RDC,,,,,,SCMS from RDC,,Lamivudine/Tenofovir Disoproxil Fumarate,Generic,300/300mg,,,,,,,,,,,,101-CD-T30,SO-41140,DN-2504,PMO - US,From RDC,N/A - From RDC,Air,11/21/2011,16-Mar-12,3-Apr-12,3-Apr-12,ARV,Adult,"Lamivudine/Tenofovir Disoproxil Fumarate 300/300mg, tablets, 30 Tabs",Tablet - FDC,30.0,8.0,48.64,6.08,0.2,Mylan (formerly Matrix) Nashik,No,See DN-2504 (ID#:83559),See DN-2504 (ID#:83559),0.07,FPQ-8840
82594,,FPQ-12253,,,Uganda,,,,,,N/A - From RDC,,,,,,SCMS from RDC,,Lamivudine/Stavudine,Generic,30/6mg,,,,,,,,,,,,114-UG-T30,SO-45510,DN-3264,PMO - US,From RDC,N/A - From RDC,Air,5/8/2013,30-Aug-13,10-Aug-13,10-Aug-13,ARV,Pediatric,"Lamivudine/Stavudine 30/6mg, dispersible tablets, 60 Tabs",Chewable/dispersible tablet - FDC,60.0,372.0,706.8,1.9,0.03,"Cipla, Goa, India",Yes,33,951.75,0.87,
83403,106-HT-T30,FPQ-4384,SO-35930,DN-1668,Haiti,PMO - US,From RDC,N/A - From RDC,Air,10/23/09,N/A - From RDC,7-Apr-10,3-Mar-10,3-Mar-10,ARV,Pediatric,SCMS from RDC,"Efavirenz 50mg, capsule, 30 Caps",Efavirenz,Generic,50mg,Capsule,30.0,688.0,1541.12,2.24,0.07,"Aurobindo Unit III, India",Yes,465,6036.96,3.32,,,,,,,,,,,,,,,,,,,,,,,,,,
38632,106-HT-T30,FPQ-14083,SCMS-240130,ASN-28761,Haiti,PMO - US,Direct Drop,EXW,Ocean,5/11/14,6/2/14,9-Jan-15,9-Jan-15,12-Jan-15,ARV,Adult,MICRO LABS LIMITED,"Lamivudine 150mg, tablets, 60 Tabs",Lamivudine,Generic,150mg,Tablet,60.0,960.0,1651.2,1.72,0.03,"Micro labs, Verna, Goa, India",Yes,8385,12336.45,1.7,,,,,,,,,,,,,,,,,,,,,,,,,,
30915,,,,,Rwanda,,,,,,12/15/2014,,,,,,EMCURE PHARMACEUTICALS LTD,,Atazanavir/Ritonavir,Generic,300/100mg,,,,,,,,,,,,107-RW-T30,SCMS-261782,ASN-33340,PMO - US,Direct Drop,EXW,Air,10/9/2014,28-Aug-15,28-Aug-15,30-Aug-15,ARV,Adult,"Atazanavir/Ritonavir 300/100mg, tablets, 30 Tabs",Tablet,30.0,16585.0,298530.0,18.0,0.6,"Emcure Plot No.P-2, I.T-B.T. Park, Phase II, MIDC, Hinjwadi, Pune, India",Yes,Weight Captured Separately,Invoiced Separately,306.89,FPQ-14813
77068,,FPQ-13973,,,South Africa,,,,,,4/28/2015,,,,,,PHARMACY DIRECT,,Lamivudine/Zidovudine,Generic,150/300mg,,,,,,,,,,,,116-ZA-T30,SCMS-238556,ASN-31854,PMO - US,Direct Drop,DDP,Truck,4/30/2014,28-Apr-15,28-Apr-15,28-Apr-15,ARV,Adult,"Lamivudine/Zidovudine 150/300mg, tablets, 60 Tabs",Tablet - FDC,60.0,7.0,218.34,31.19,0.52,"Aurobindo Unit III, India",No,Weight Captured Separately,Freight Included in Commodity Cost,0.22,
82513,,FPQ-9749,,,Côte d'Ivoire,,,,,,N/A - From RDC,,,,,,SCMS from RDC,,Efavirenz,Generic,600mg,,,,,,,,,,,,104-CI-T30,SO-42380,DN-2861,PMO - US,From RDC,N/A - From RDC,Truck,4/19/2012,29-Oct-12,1-Oct-12,1-Oct-12,ARV,Adult,"Efavirenz 600mg, tablets, 30 Tabs",Tablet,30.0,2000.0,7620.0,3.81,0.13,"Strides, Bangalore, India.",Yes,4026,15677.98,10.68,
5575,,Pre-PQ Process,,,South Africa,,,,,,1/4/2008,,,,,,"JSI R&T INSTITUTE, INC.",,Stavudine,Zerit,40mg,,,,,,,,,,,,116-ZA-T01,SCMS-16600,ASN-1520,PMO - US,Direct Drop,DDP,,Pre-PQ Process,21-Jan-08,4-Jan-08,4-Jan-08,ARV,Adult,"Stavudine 40mg [Zerit], capsules, 60 Caps",Capsule,60.0,200.0,1146.0,5.73,0.1,"BMS Meymac, France",No,Weight Captured Separately,Freight Included in Commodity Cost,1.83,
76180,,,,,Zambia,,,,,,7/31/2012,,,,,,"Orgenics, Ltd",,"HIV 1/2, Determine Complete HIV Kit",Determine,,,,,,,,,,,,,110-ZM-T30,SCMS-153800,ASN-16720,PMO - US,Direct Drop,EXW,Air,6/19/2012,19-Oct-12,19-Oct-12,19-Oct-12,HRDT,HIV test,"HIV 1/2, Determine Complete HIV Kit, 100 Tests",Test kit,100.0,4004.0,320320.0,80.0,0.8,"Alere Medical Co., Ltd.",Yes,1907,34940.02,449.09,FPQ-10107
81358,103-ZW-T30,FPQ-9905,SCMS-148290,ASN-16418,Zimbabwe,PMO - US,Direct Drop,FCA,Air,5/29/12,7/18/12,8-Nov-12,8-Nov-12,8-Nov-12,ARV,Pediatric,ABBVIE LOGISTICS (FORMERLY ABBOTT LOGISTICS BV),"Lopinavir/Ritonavir 80/20mg/ml [Kaletra], oral solution, cool, Bottle 5 x 60 ml",Lopinavir/Ritonavir,Kaletra,80/20mg/ml,Oral solution,300.0,1500.0,46230.0,30.82,0.1,ABBVIE (Abbott) Logis. UK,Yes,1374,15504.4,64.81,,,,,,,,,,,,,,,,,,,,,,,,,,
54385,116-ZA-T30,FPQ-14942,SCMS-259079,ASN-33851,South Africa,PMO - US,Direct Drop,DDP,Truck,9/11/14,10/9/14,24-Aug-15,24-Aug-15,24-Aug-15,ARV,Pediatric,PHARMACY DIRECT,"Efavirenz 200mg, capsule, 90 Caps",Efavirenz,Generic,200mg,Capsule,90.0,47.0,857.74,18.25,0.2,"Aurobindo Unit III, India",No,Weight Captured Separately,Freight Included in Commodity Cost,0.88,,,,,,,,,,,,,,,,,,,,,,,,,,
85921,104-CI-T30,FPQ-9749,SO-42370,DN-2970,Côte d'Ivoire,PMO - US,From RDC,N/A - From RDC,Truck,4/19/12,N/A - From RDC,31-Jan-13,25-Jan-12,25-Jan-13,ARV,Adult,SCMS from RDC,"Lamivudine/Nevirapine/Zidovudine 150/200/300mg, tablets, 60 Tabs",Lamivudine/Nevirapine/Zidovudine,Generic,150/300/200mg,Tablet - FDC,60.0,40455.0,389177.1,9.62,0.16,Hetero Unit III Hyderabad IN,No,See DN-2970 (ID#:83644),See DN-2970 (ID#:83644),545.63,,,,,,,,,,,,,,,,,,,,,,,,,,
56932,103-CM-T30,FPQ-12711,SCMS-203110,ASN-22043,Cameroon,PMO - US,Direct Drop,EXW,Air,8/9/13,9/4/13,10-Oct-13,10-Oct-13,21-Oct-13,HRDT,HIV test,HUMAN GMBH,"HIV 1/2, HEXAGON Rapid HIV Kit, 100 Tests","HIV 1/2, HEXAGON Rapid HIV Kit",Hexagon,,Test kit,100.0,30.0,3347.4,111.58,1.12,Human Diagnostic,Yes,46,1003.18,4.14,,,,,,,,,,,,,,,,,,,,,,,,,,
55018,,,,,Uganda,,,,,,10/25/2012,,,,,,ASPEN PHARMACARE,,Darunavir,Prezista,300mg,,,,,,,,,,,,114-UG-T30,SCMS-162740,ASN-17430,PMO - US,Direct Drop,DAP,Air,10/10/2012,14-Dec-12,14-Dec-12,14-Dec-12,ARV,Adult,"Darunavir 300mg [Prezista], tablets, 120 Tabs",Tablet,120.0,312.0,20779.2,66.6,0.55,"Aspen-OSD, Port Elizabeth, SA",No,See ASN-17430 (ID#:24384),See ASN-17430 (ID#:24384),25.7,FPQ-10788
82432,,FPQ-8840,,,"Congo, DRC",,,,,,N/A - From RDC,,,,,,SCMS from RDC,,Lamivudine/Zidovudine,Generic,150/300mg,,,,,,,,,,,,101-CD-T30,SO-41131,DN-2493,PMO - US,From RDC,N/A - From RDC,Air,11/21/2011,16-Mar-12,14-Feb-12,14-Feb-12,ARV,Adult,"Lamivudine/Zidovudine 150/300mg, tablets, 60 Tabs",Tablet - FDC,60.0,97.0,801.22,8.26,0.14,"Aurobindo Unit III, India",Yes,46,456.17,1.12,
86338,,FPQ-6307,,,Guyana,,,,,,N/A - From RDC,,,,,,SCMS from RDC,,Zidovudine,Generic,100mg,,,,,,,,,,,,105-GY-T30,SO-37400,DN-2017,PMO - US,From RDC,N/A - From RDC,Air,8/30/2010,23-Nov-10,19-Sep-10,19-Sep-10,ARV,Pediatric,"Zidovudine 100mg, capsules, 100 Caps",Capsule,100.0,457.0,2211.88,4.84,0.05,"Aurobindo Unit III, India",No,See DN-2017 (ID#:82918),See DN-2017 (ID#:82918),4.77,
83584,,,,,Zambia,,,,,,N/A - From RDC,,,,,,SCMS from RDC,,Lamivudine/Zidovudine,Generic,150/300mg,,,,,,,,,,,,110-ZM-T30,SO-40955,DN-2624,PMO - US,From RDC,N/A - From RDC,Truck,9/27/2011,15-May-12,30-Apr-12,30-Apr-12,ARV,Adult,"Lamivudine/Zidovudine 150/300mg, tablets, 60 Tabs",Tablet - FDC,60.0,152458.0,1219664.0,8.0,0.13,Mylan (formerly Matrix) Nashik,Yes,28103,36650.58,2012.45,FPQ-8476
84187,,FPQ-9552,,,Zambia,,,,,,N/A - From RDC,,,,,,SCMS from RDC,,Lamivudine/Stavudine,Generic,150/30mg,,,,,,,,,,,,110-ZM-T30,SO-41831,DN-2836,PMO - US,From RDC,N/A - From RDC,Truck,3/29/2012,13-Sep-12,7-Sep-12,7-Sep-12,ARV,Adult,"Lamivudine/Stavudine 150/30mg, tablets, 60 Tabs",Tablet - FDC,60.0,65599.0,193517.05,2.95,0.05,"Strides, Bangalore, India.",Yes,3354,7317.47,271.31,
12586,,,,,Namibia,,,,,,N/A - From RDC,,,,,,SCMS from RDC,,Lamivudine/Tenofovir Disoproxil Fumarate,Generic,300/300mg,,,,,,,,,,,,119-NA-T01,SO-30460,DN-1251,PMO - US,From RDC,N/A - From RDC,Air,Pre-PQ Process,15-Jun-09,15-Jun-09,15-Jun-09,ARV,Adult,"Lamivudine/Tenofovir Disoproxil Fumarate 300/300mg, tablets, 30 Tabs",Tablet - FDC,30.0,5000.0,50000.0,10.0,0.33,Mylan (formerly Matrix) Nashik,Yes,419,2317.2,98.0,Pre-PQ Process
14195,100-BJ-T30,FPQ-7660,SCMS-109830,ASN-11115,Benin,PMO - US,Direct Drop,EXW,Air,5/16/11,5/27/11,12-Jul-11,12-Jul-11,12-Jul-11,ARV,Adult,MYLAN LABORATORIES LTD (FORMERLY MATRIX LABORATORIES),"Efavirenz/Lamivudine/Tenofovir Disoproxil Fumarate 600/300/300mg, tablets, 30 Tabs",Efavirenz/Lamivudine/Tenofovir Disoproxil Fumarate,Generic,600/300/300mg,Tablet - FDC,30.0,1244.0,17540.4,14.1,0.47,Mylan (formerly Matrix) Nashik,Yes,175,5864.56,28.94,,,,,,,,,,,,,,,,,,,,,,,,,,
23387,116-ZA-T30,FPQ-14942,SCMS-259078,ASN-33470,South Africa,PMO - US,Direct Drop,DDP,Truck,9/11/14,10/9/14,24-Jul-15,24-Jul-15,24-Jul-15,ARV,Adult,PHARMACY DIRECT,"Lamivudine 150mg, tablets, 60 Tabs",Lamivudine,Generic,150mg,Tablet,60.0,74.0,521.82,7.05,0.12,"Aurobindo Unit III, India",No,Weight Captured Separately,Freight Included in Commodity Cost,0.54,,,,,,,,,,,,,,,,,,,,,,,,,,
2429,,,,,South Africa,,,,,,Date Not Captured,,,,,,S. BUYS WHOLESALER,,Efavirenz,Generic,200mg,,,,,,,,,,,,116-ZA-T01,SCMS-40780,ASN-3607,PMO - US,Direct Drop,DDP,Air,Pre-PQ Process,17-Mar-09,28-Nov-08,28-Nov-08,ARV,Pediatric,"Efavirenz 200mg, capsule, 90 Caps",Capsule,90.0,176.0,3359.84,19.09,0.21,"Aurobindo Unit III, India",Yes,Weight Captured Separately,Freight Included in Commodity Cost,6.59,Pre-PQ Process
41943,,FPQ-15692,,,Vietnam,,,,,,2/17/2015,,,,,,HETERO LABS LIMITED,,Efavirenz/Lamivudine/Tenofovir Disoproxil Fumarate,Generic,600/300/300mg,,,,,,,,,,,,108-VN-T30,SCMS-274370,ASN-32262,PMO - US,Direct Drop,EXW,Air,1/28/2015,13-Jul-15,13-Jul-15,14-Jul-15,ARV,Adult,"Efavirenz/Lamivudine/Tenofovir Disoproxil Fumarate 600/300/300mg, tablets, 30 Tabs",Tablet - FDC,30.0,9600.0,96000.0,10.0,0.33,Hetero Unit III Hyderabad IN,Yes,Weight Captured Separately,Invoiced Separately,112.99,
84134,101-CD-T30,FPQ-8840,SO-41136,DN-2498,"Congo, DRC",PMO - US,From RDC,N/A - From RDC,Air,11/21/11,N/A - From RDC,16-Mar-12,14-Feb-12,14-Feb-12,ARV,Adult,SCMS from RDC,"Lamivudine/Nevirapine/Zidovudine 150/200/300mg, tablets, 60 Tabs",Lamivudine/Nevirapine/Zidovudine,Generic,150/300/200mg,Tablet - FDC,60.0,30.0,330.0,11.0,0.18,Mylan (formerly Matrix) Nashik,No,See DN-2498 (ID#:83002),See DN-2498 (ID#:83002),0.46,,,,,,,,,,,,,,,,,,,,,,,,,,
84167,,,,,Uganda,,,,,,N/A - From RDC,,,,,,SCMS from RDC,,Lamivudine/Zidovudine,Generic,150/300mg,,,,,,,,,,,,114-UG-T30,SO-41510,DN-2643,PMO - US,From RDC,N/A - From RDC,Truck,2/10/2012,3-Jul-12,18-May-12,18-May-12,ARV,Adult,"Lamivudine/Zidovudine 150/300mg, tablets, 60 Tabs",Tablet - FDC,60.0,2000.0,15560.0,7.78,0.13,Hetero Unit III Hyderabad IN,No,See DN-2643 (ID#:82471),See DN-2643 (ID#:82471),21.82,FPQ-9321
12819,,Pre-PQ Process,,,Tanzania,,,,,,N/A - From RDC,,,,,,SCMS from RDC,,Lamivudine,Generic,150mg,,,,,,,,,,,,109-TZ-T01,SO-2561,DN-845,PMO - US,From RDC,N/A - From RDC,Truck,Pre-PQ Process,22-Aug-08,22-Aug-08,22-Aug-08,ARV,Adult,"Lamivudine 150mg, tablets, 60 Tabs",Tablet,60.0,32544.0,94703.04,2.91,0.05,"Aurobindo Unit III, India",Yes,1608,1700.32,151.52,
56106,,FPQ-9211,,,Tanzania,,,,,,2/17/2012,,,,,,"Orgenics, Ltd",,"HIV 1/2, Determine Complete HIV Kit",Determine,,,,,,,,,,,,,109-TZ-T30,SCMS-136930,ASN-14646,PMO - US,Direct Drop,EXW,Air,1/25/2012,25-May-12,25-May-12,25-May-12,HRDT,HIV test,"HIV 1/2, Determine Complete HIV Kit, 100 Tests",Test kit,100.0,2737.0,218960.0,80.0,0.8,"Alere Medical Co., Ltd.",Yes,1300,23269.06,306.98,
83368,154-NG-T30,FPQ-3815,SO-32270,DN-1311,Nigeria,PMO - US,From RDC,N/A - From RDC,Air Charter,5/26/09,N/A - From RDC,30-Jul-09,4-Aug-09,4-Aug-09,ARV,Pediatric,SCMS from RDC,"Efavirenz 200mg, capsule, 90 Caps",Efavirenz,Generic,200mg,Capsule,90.0,16.0,203.68,12.73,0.14,"Aurobindo Unit III, India",No,See DN-1311 (ID#:82837),See DN-1311 (ID#:82837),0.4,,,,,,,,,,,,,,,,,,,,,,,,,,
4818,117-ET-T01,Pre-PQ Process,SCMS-34310,ASN-3234,Ethiopia,PMO - US,Direct Drop,EXW,Air,Pre-PQ Process,11/24/08,27-Jan-09,27-Jan-09,27-Jan-09,HRDT,HIV test - Ancillary,"Orgenics, Ltd","Capillary Tubes, for Determine, EDTA, 50uL,100 Pcs","HIV, Capillary Tubes, for Determine, EDTA, 50uL,100 Pcs",Determine,,Test kit - Ancillary,100.0,10000.0,80000.0,8.0,0.08,Inverness Japan,Yes,400,4856.14,156.8,,,,,,,,,,,,,,,,,,,,,,,,,,
25926,,,,,Vietnam,,,,,,4/30/2014,,,,,,HETERO LABS LIMITED,,Tenofovir Disoproxil Fumarate,Generic,300mg,,,,,,,,,,,,108-VN-T30,SCMS-236060,ASN-27812,PMO - US,Direct Drop,EXW,Air,4/8/2014,22-Sep-14,22-Sep-14,4-Nov-14,ARV,Adult,"Tenofovir Disoproxil Fumarate 300mg, tablets, 30 Tabs",Tablet,30.0,7000.0,24850.0,3.55,0.12,Hetero Unit III Hyderabad IN,Yes,2190,3467.7,25.55,FPQ-13976
86382,,,,,Uganda,,,,,,N/A - From RDC,,,,,,SCMS from RDC,,Lamivudine/Zidovudine,Generic,150/300mg,,,,,,,,,,,,114-UG-T30,SO-39330,DN-2192,PMO - US,From RDC,N/A - From RDC,Truck,2/14/2011,11-May-11,24-May-11,24-May-11,ARV,Adult,"Lamivudine/Zidovudine 150/300mg, tablets, 60 Tabs",Tablet - FDC,60.0,14893.0,123016.18,8.26,0.14,"Aurobindo Unit III, India",No,See DN-2192 (ID#:85184),See DN-2192 (ID#:85184),202.98,FPQ-7162
86657,101-CD-T30,FPQ-13554,SO-47630,DN-3561,"Congo, DRC",PMO - US,From RDC,N/A - From RDC,Air,1/15/14,N/A - From RDC,30-May-14,19-May-14,26-Jun-14,ARV,Adult,SCMS from RDC,"Efavirenz 600mg, tablets, 30 Tabs",Efavirenz,Generic,600mg,Tablet,30.0,2827.0,9413.91,3.33,0.11,"Strides, Bangalore, India.",No,See DN-3561 (ID#:82654),See DN-3561 (ID#:82654),9.68,,,,,,,,,,,,,,,,,,,,,,,,,,
9352,109-TZ-T01,Pre-PQ Process,SCMS-10350,ASN-1933,Tanzania,PMO - US,Direct Drop,EXW,Air,Pre-PQ Process,10/23/07,22-Jul-08,22-Jul-08,22-Jul-08,HRDT,HIV test,"Standard Diagnostics, Inc.","HIV 1/2, Bioline 3.0 Kit, Lancets, Capillary pipets, Alcohol swabs included, 25 Tests","HIV 1/2, Bioline 3.0 Kit, Lancets, Capillary pipets, Alcohol swabs included",Bioline,,Test kit,25.0,10000.0,200000.0,20.0,0.8,"Standard Diagnostics, Korea",Yes,3110,22663.18,320.0,,,,,,,,,,,,,,,,,,,,,,,,,,
85556,,,,,Zimbabwe,,,,,,N/A - From RDC,,,,,,SCMS from RDC,,Efavirenz,Generic,200mg,,,,,,,,,,,,103-ZW-T30,SO-48460,DN-4114,PMO - US,From RDC,N/A - From RDC,Truck,4/2/2014,16-Feb-15,4-Feb-15,16-Feb-15,ARV,Pediatric,"Efavirenz 200mg, capsule, 90 Caps",Capsule,90.0,3969.0,17542.98,4.42,0.05,"Micro labs, Verna, Goa, India",Yes,561,251.42,18.03,FPQ-13967
86621,100-ZM-T30,FPQ-12497,SO-45910,DN-3395,Zambia,PMO - US,From RDC,N/A - From RDC,Air,6/20/13,N/A - From RDC,29-Nov-13,9-Nov-13,20-Jan-14,ARV,Adult,SCMS from RDC,"Emtricitabine/Tenofovir Disoproxil Fumarate 200/300mg, tablets, 30 Tabs",Emtricitabine/Tenofovir Disoproxil Fumarate,Generic,200/300mg,Tablet - FDC,30.0,31760.0,192783.2,6.07,0.2,"Aurobindo Unit III, India",Yes,2875,14275.5,238.47,,,,,,,,,,,,,,,,,,,,,,,,,,
86285,151-NG-T30,FPQ-4537,SO-35091,DN-1694,Nigeria,PMO - US,From RDC,N/A - From RDC,Air Charter,11/6/09,N/A - From RDC,19-Apr-10,31-Mar-10,31-Mar-10,ARV,Adult,SCMS from RDC,"Zidovudine 300mg, tablets, 60 Tabs",Zidovudine,Generic,300mg,Tablet,60.0,5000.0,37500.0,7.5,0.12,Mylan (formerly Matrix) Nashik,Yes,264,Freight Included in Commodity Cost,80.85,,,,,,,,,,,,,,,,,,,,,,,,,,
83120,,,,,Haiti,,,,,,N/A - From RDC,,,,,,SCMS from RDC,,Lamivudine,Generic,10mg/ml,,,,,,,,,,,,106-HT-T30,SO-44430,DN-3061,PMO - US,From RDC,N/A - From RDC,Air,1/16/2013,9-Apr-13,14-Mar-13,14-Mar-13,ARV,Pediatric,"Lamivudine 10mg/ml, oral solution w/syringe, Bottle, 240 ml",Oral solution,240.0,1944.0,3596.4,1.85,0.01,"Aurobindo Unit III, India",Yes,682,8118.08,4.45,FPQ-11281
11037,102-KE-T01,Pre-PQ Process,SO-18001,DN-1189,Kenya,PMO - US,From RDC,N/A - From RDC,Truck,Pre-PQ Process,N/A - From RDC,27-Apr-09,27-Apr-09,27-Apr-09,HRDT,HIV test,SCMS from RDC,"HIV 1/2, Determine Complete HIV Kit, 100 Tests","HIV 1/2, Determine Complete HIV Kit",Determine,,Test kit,100.0,15000.0,1200000.0,80.0,0.8,Inverness Japan,No,See DN-1189 (ID#:10759),See DN-1189 (ID#:10759),2352.0,,,,,,,,,,,,,,,,,,,,,,,,,,
86438,101-CD-T30,FPQ-8840,SO-41131,DN-2493,"Congo, DRC",PMO - US,From RDC,N/A - From RDC,Air,11/21/11,N/A - From RDC,16-Mar-12,14-Feb-12,14-Feb-12,ARV,Adult,SCMS from RDC,"Efavirenz 600mg, tablets, 30 Tabs",Efavirenz,Generic,600mg,Tablet,30.0,42.0,173.04,4.12,0.14,"Strides, Bangalore, India.",No,See DN-2493 (ID#:82432),See DN-2493 (ID#:82432),0.24,,,,,,,,,,,,,,,,,,,,,,,,,,
85572,,FPQ-15406,,,Burundi,,,,,,N/A - From RDC,,,,,,SCMS from RDC,,Lamivudine/Tenofovir Disoproxil Fumarate,Generic,300/300mg,,,,,,,,,,,,102-BI-T30,SO-50280,DN-4178,PMO - US,From RDC,N/A - From RDC,Air,11/19/2014,29-May-15,25-Mar-15,30-Mar-15,ARV,Adult,"Lamivudine/Tenofovir Disoproxil Fumarate 300/300mg, tablets, 30 Tabs",Tablet - FDC,30.0,240.0,1101.6,4.59,0.15,Ranbaxy per Shasun Pharma,No,See DN-4178 (ID#:84460),See DN-4178 (ID#:84460),1.3,
84142,,,,,"Congo, DRC",,,,,,N/A - From RDC,,,,,,SCMS from RDC,,Lamivudine,Generic,150mg,,,,,,,,,,,,101-CD-T30,SO-41383,DN-2524,PMO - US,From RDC,N/A - From RDC,Air,11/21/2011,22-Mar-12,22-Mar-12,22-Mar-12,ARV,Adult,"Lamivudine 150mg, tablets, 60 Tabs",Tablet,60.0,23.0,53.59,2.33,0.04,Hetero Unit III Hyderabad IN,Yes,1,522.42,0.08,FPQ-8840
11526,104-CI-T01,Pre-PQ Process,SO-1284,DN-586,Côte d'Ivoire,PMO - US,From RDC,N/A - From RDC,Air,Pre-PQ Process,N/A - From RDC,5-Feb-08,5-Feb-08,5-Feb-08,ARV,Adult,SCMS from RDC,"Indinavir 400mg [Crixivan], capsules, 180 Caps",Indinavir,Crixivan,400mg,Capsule,180.0,1550.0,77500.0,50.0,0.28,"MSD, Haarlem, NL",Yes,345,1888.48,124.0,,,,,,,,,,,,,,,,,,,,,,,,,,
16881,106-HT-T30,FPQ-14083,SCMS-240191,ASN-27659,Haiti,PMO - US,Direct Drop,EXW,Ocean,5/11/14,6/26/14,28-Oct-14,28-Oct-14,19-Nov-14,ARV,Pediatric,Aurobindo Pharma Limited,"Zidovudine 10mg/ml, oral solution, Bottle, 240 ml",Zidovudine,Generic,10mg/ml,Oral solution,240.0,2040.0,4080.0,2.0,0.01,"Aurobindo Unit III, India",Yes,Weight Captured Separately,Invoiced Separately,4.19,,,,,,,,,,,,,,,,,,,,,,,,,,
84285,,FPQ-11553,,,Zambia,,,,,,N/A - From RDC,,,,,,SCMS from RDC,,Efavirenz,Generic,200mg,,,,,,,,,,,,110-ZM-T30,SO-44460,DN-3299,PMO - US,From RDC,N/A - From RDC,Truck,1/28/2013,16-Sep-13,23-Sep-13,23-Sep-13,ARV,Pediatric,"Efavirenz 200mg, scored tablets, 90 Tabs",Tablet,90.0,10000.0,73000.0,7.3,0.08,"Strides, Bangalore, India.",Yes,684,1026.49,90.3,
85400,,FPQ-12066,,,Zambia,,,,,,N/A - From RDC,,,,,,SCMS from RDC,,Abacavir,Generic,300mg,,,,,,,,,,,,110-ZM-T30,SO-45060,DN-3327,PMO - US,From RDC,N/A - From RDC,Truck,4/19/2013,30-Sep-13,17-Sep-13,17-Sep-13,ARV,Adult,"Abacavir 300mg, tablets, 60 Tabs",Tablet,60.0,62000.0,710520.0,11.46,0.19,Mylan (formerly Matrix) Nashik,Yes,6795,14316.94,878.91,
74260,,FPQ-7816,,,Uganda,,,,,,6/14/2011,,,,,,MERCK SHARP & DOHME IDEA GMBH (FORMALLY MERCK SHARP & DOHME B.V.),,Indinavir,Crixivan,400mg,,,,,,,,,,,,114-UG-T30,SCMS-111210,ASN-13118,PMO - US,Direct Drop,CIP,Air,6/2/2011,4-Jan-12,4-Jan-12,4-Jan-12,ARV,Adult,"Indinavir 400mg [Crixivan], capsules, 180 Caps",Capsule,180.0,36.0,1800.0,50.0,0.28,"MSD, Haarlem, NL",Yes,9,286,2.97,
61871,,,,,Dominican Republic,,,,,,8/3/2011,,,,,,"Standard Diagnostics, Inc.",,"HIV 1/2, Bioline 3.0 Kit",Bioline,,,,,,,,,,,,,105-DO-T30,SCMS-117370,ASN-11929,PMO - US,Direct Drop,EXW,Air,6/21/2011,12-Sep-11,12-Sep-11,12-Sep-11,HRDT,HIV test,"HIV 1/2, Bioline 3.0 Kit, 100 Tests",Test kit,100.0,41.0,3075.0,75.0,0.75,"Standard Diagnostics, Korea",Yes,28,483.68,5.07,FPQ-7858
26821,109-TZ-T30,FPQ-4157,SCMS-52774,ASN-5621,Tanzania,PMO - US,Direct Drop,EXW,Air,8/27/09,9/3/09,11-Dec-09,11-Dec-09,11-Dec-09,HRDT,HIV test,"Orgenics, Ltd","HIV 1/2, Determine HIV Kit, without Lancets, 100 Tests","HIV 1/2, Determine HIV Kit, without Lancets",Determine,,Test kit,100.0,950.0,66500.0,70.0,0.7,Inverness Japan,Yes,216,3744.18,130.34,,,,,,,,,,,,,,,,,,,,,,,,,,
68651,,,,,Mozambique,,,,,,8/11/2009,,,,,,"Trinity Biotech, Plc",,"HIV 1/2, Uni-Gold HIV Kit",Uni-Gold,,,,,,,,,,,,,111-MZ-T30,SCMS-51380,ASN-4927,PMO - US,Direct Drop,EXW,Air,8/4/2009,24-Sep-09,24-Sep-09,24-Sep-09,HRDT,HIV test,"HIV 1/2, Uni-Gold HIV Kit, 20 Tests",Test kit,20.0,3700.0,118400.0,32.0,1.6,"Trinity Biotech, Plc",Yes,1265,18937.3,232.06,FPQ-4080
84410,,FPQ-13293,,,Nigeria,,,,,,N/A - From RDC,,,,,,SCMS from RDC,,Lamivudine/Zidovudine,Generic,150/300mg,,,,,,,,,,,,151-NG-T30,SO-47280,DN-3917,PMO - US,From RDC,N/A - From RDC,Air Charter,11/19/2013,30-Sep-14,3-Sep-14,5-Sep-14,ARV,Adult,"Lamivudine/Zidovudine 150/300mg, tablets, 60 Tabs",Tablet - FDC,60.0,105344.0,708965.12,6.73,0.11,"Aurobindo Unit III, India",Yes,10622,61850,728.82,
86186,,FPQ-15787,,,"Congo, DRC",,,,,,N/A - From RDC,,,,,,SCMS from RDC,,Abacavir/Lamivudine,Generic,60/30mg,,,,,,,,,,,,101-CD-T30,SO-50900,DN-4196,PMO - US,From RDC,N/A - From RDC,Air,1/26/2015,16-Jun-15,25-May-15,15-Jun-15,ARV,Pediatric,"Abacavir/Lamivudine 60/30mg, dispersible tablets, 60 Tabs",Chewable/dispersible tablet - FDC,60.0,820.0,4173.8,5.09,0.08,"Cipla, Patalganga, India",No,See DN-4196 (ID#:85025),See DN-4196 (ID#:85025),4.91,
39452,116-ZA-T30,FPQ-15950,SCMS-277983,ASN-33453,South Africa,PMO - US,Direct Drop,DDP,Truck,2/20/15,2/24/15,23-Jul-15,23-Jul-15,23-Jul-15,ARV,Pediatric,PHARMACY DIRECT,"Ritonavir 80mg/ml [Norvir], oral solution, cool, Bottle, 90 ml",Ritonavir,Norvir,80mg/ml,Oral solution,90.0,12.0,59.62,4.97,0.06,ABBVIE (Abbott) France,Yes,Weight Captured Separately,Freight Included in Commodity Cost,0.07,,,,,,,,,,,,,,,,,,,,,,,,,,
85777,,,,,Côte d'Ivoire,,,,,,N/A - From RDC,,,,,,SCMS from RDC,,Nevirapine,Generic,10mg/ml,,,,,,,,,,,,104-CI-T30,SO-39390,DN-2294,PMO - US,From RDC,N/A - From RDC,Air,10/4/2010,22-Jul-11,22-Jul-11,22-Jul-11,ARV,Pediatric,"Nevirapine 10mg/ml, oral suspension w/syringe, Bottle, 240 ml",Oral suspension,240.0,600.0,1170.0,1.95,0.01,"Aurobindo Unit III, India",Yes,224,3545.1,2.52,FPQ-6495
10640,,Pre-PQ Process,,,Haiti,,,,,,N/A - From RDC,,,,,,SCMS from RDC,,Lamivudine,Generic,10mg/ml,,,,,,,,,,,,106-HT-T01,SO-1288,DN-445,PMO - US,From RDC,N/A - From RDC,Air,Pre-PQ Process,22-Jan-08,22-Jan-08,22-Jan-08,ARV,Pediatric,"Lamivudine 10mg/ml, oral solution, Bottle, 240 ml",Oral solution,240.0,2000.0,3940.0,1.97,0.01,"Aurobindo Unit III, India",Yes,4213,38515.8,6.3,
20371,,FPQ-9577,,,Vietnam,,,,,,6/12/2012,,,,,,MYLAN LABORATORIES LTD (FORMERLY MATRIX LABORATORIES),,Lamivudine/Nevirapine/Zidovudine,Generic,30/50/60mg,,,,,,,,,,,,108-VN-T30,SCMS-145530,ASN-16123,PMO - US,Direct Drop,EXW,Air,4/11/2012,9-Oct-12,9-Oct-12,9-Oct-12,ARV,Pediatric,"Lamivudine/Nevirapine/Zidovudine 30/50/60mg, dispersible tablets, 60 Tabs",Chewable/dispersible tablet - FDC,60.0,1302.0,5403.3,4.15,0.07,Mylan (formerly Matrix) Nashik,Yes,4587,11252.53,7.58,
82298,,,,,Côte d'Ivoire,,,,,,N/A - From RDC,,,,,,SCMS from RDC,,Didanosine,Generic,200mg,,,,,,,,,,,,104-CI-T30,SO-34450,DN-1680,PMO - US,From RDC,N/A - From RDC,Air,10/15/2009,22-Mar-10,11-Mar-10,11-Mar-10,ARV,Pediatric,"Didanosine 200mg, chewable/dispersible tablets, 60 Tabs",Chewable/dispersible tablet,60.0,1907.0,29558.5,15.5,0.26,"Aurobindo Unit III, India",Yes,395,1042.58,57.93,FPQ-4378
73569,,FPQ-7565,,,Vietnam,,,,,,5/2/2011,,,,,,STRIDES ARCOLAB LIMITED,,Nevirapine,Generic,200mg,,,,,,,,,,,,108-VN-T30,SCMS-107630,ASN-11362,PMO - US,Direct Drop,EXW,Air,4/21/2011,26-Jul-11,26-Jul-11,26-Jul-11,ARV,Adult,"Nevirapine 200mg, tablets, 60 Tabs",Tablet,60.0,15000.0,38100.0,2.54,0.04,"Strides, Bangalore, India.",No,See ASN-11362 (ID#:47253),See ASN-11362 (ID#:47253),62.86,
39353,,FPQ-6262,,,South Africa,,,,,,9/28/2010,,,,,,CIPLA LIMITED,,Tenofovir Disoproxil Fumarate,Generic,300mg,,,,,,,,,,,,161-ZA-T30,SCMS-84220,ASN-9172,PMO - US,Direct Drop,DDP,Ocean,8/31/2010,9-Feb-11,9-Feb-11,9-Feb-11,ARV,Adult,"Tenofovir Disoproxil Fumarate 300mg, tablets, 30 Tabs",Tablet,30.0,116000.0,815480.0,7.03,0.23,"Cipla, Goa, India",Yes,7965,13688.03,1758.17,
11070,,,,,Nigeria,,,,,,N/A - From RDC,,,,,,SCMS from RDC,,Emtricitabine/Tenofovir Disoproxil Fumarate,Generic,200/300mg,,,,,,,,,,,,151-NG-T01,SO-27824,DN-1443,PMO - US,From RDC,N/A - From RDC,Air Charter,Date Not Captured,20-Oct-09,20-Oct-09,20-Oct-09,ARV,Adult,"Emtricitabine/Tenofovir Disoproxil Fumarate 200/300mg, tablets, 30 Tabs",Tablet - FDC,30.0,441.0,5181.75,11.75,0.39,Mylan (formerly Matrix) Nashik,Yes,36,9341.49,10.16,Pre-PQ Process
56301,101-CD-T30,FPQ-14584,SCMS-249220,ASN-27933,"Congo, DRC",PMO - US,Direct Drop,EXW,Air,7/16/14,7/18/14,10-Nov-14,10-Nov-14,13-Nov-14,ARV,Pediatric,Aurobindo Pharma Limited,"Nevirapine 50mg, dispersible tablets (tablets for oral suspension), 30 Tabs",Nevirapine,Generic,50mg,Chewable/dispersible tablet,30.0,440.0,550.0,1.25,0.04,"Aurobindo Unit III, India",No,See ASN-27933 (ID#:22761),See ASN-27933 (ID#:22761),0.57,,,,,,,,,,,,,,,,,,,,,,,,,,
82305,151-NG-T30,FPQ-4537,SO-35054,DN-1716,Nigeria,PMO - US,From RDC,N/A - From RDC,Air Charter,11/6/09,N/A - From RDC,19-Apr-10,31-Mar-10,31-Mar-10,ARV,Adult,SCMS from RDC,"Lamivudine/Zidovudine 150/300mg, tablets, 60 Tabs",Lamivudine/Zidovudine,Generic,150/300mg,Tablet - FDC,60.0,155.0,1357.8,8.76,0.15,"Aurobindo Unit III, India",Yes,14,Freight Included in Commodity Cost,2.93,,,,,,,,,,,,,,,,,,,,,,,,,,
86506,,,,,Nigeria,,,,,,N/A - From RDC,,,,,,SCMS from RDC,,Lamivudine/Nevirapine/Zidovudine,Generic,150/300/200mg,,,,,,,,,,,,151-NG-T30,SO-42934,DN-2799,PMO - US,From RDC,N/A - From RDC,Air,3/1/2012,31-Aug-12,14-Aug-12,14-Aug-12,ARV,Adult,"Lamivudine/Nevirapine/Zidovudine 150/200/300mg, tablets, 60 Tabs",Tablet - FDC,60.0,132919.0,1303935.39,9.81,0.16,Mylan (formerly Matrix) Nashik,Yes,18953,18461.22,1828.12,FPQ-9432
10669,114-UG-T01,Pre-PQ Process,SO-1715,DN-588,Uganda,PMO - US,From RDC,N/A - From RDC,,Pre-PQ Process,N/A - From RDC,6-Mar-08,6-Mar-08,6-Mar-08,ARV,Adult,SCMS from RDC,"Emtricitabine/Tenofovir Disoproxil Fumarate 200/300mg [Truvada], tablets, 30 Tabs",Emtricitabine/Tenofovir Disoproxil Fumarate,Truvada,300/200mg,Tablet - FDC,30.0,656.0,17220.0,26.25,0.88,"Aspen-OSD, Port Elizabeth, SA",Yes,58,794.22,27.55,,,,,,,,,,,,,,,,,,,,,,,,,,
43526,,FPQ-14628,,,Uganda,,,,,,9/4/2014,,,,,,"Orgenics, Ltd",,"HIV 1/2, Determine Complete HIV Kit",Determine,,,,,,,,,,,,,200-UG-T30,SCMS-253250,ASN-28512,PMO - US,Direct Drop,EXW,Air,7/23/2014,13-Nov-14,13-Nov-14,13-Nov-14,HRDT,HIV test,"HIV 1/2, Determine Complete HIV Kit, 100 Tests",Test kit,100.0,4000.0,320000.0,80.0,0.8,"Alere Medical Co., Ltd.",Yes,1624,14692.8,328.96,
69483,,,,,South Africa,,,,,,11/28/2014,,,,,,PHARMACY DIRECT,,Abacavir,Generic,300mg,,,,,,,,,,,,116-ZA-T30,SCMS-259071,ASN-29597,PMO - US,Direct Drop,DDP,Truck,9/11/2014,28-Nov-14,28-Nov-14,28-Nov-14,ARV,Adult,"Abacavir 300mg, tablets, 60 Tabs",Tablet,60.0,39.0,1944.25,49.85,0.83,"Aurobindo Unit III, India",No,Weight Captured Separately,Freight Included in Commodity Cost,2.0,FPQ-14942
13571,105-SS-T30,FPQ-14470,SCMS-245240,ASN-29503,South Sudan,PMO - US,Direct Drop,EXW,Air,6/17/14,7/1/14,9-Jan-15,9-Jan-15,19-Jan-15,HRDT,HIV test,"Trinity Biotech, Plc","HIV 1/2, Uni-Gold HIV Kit, 20 Tests","HIV 1/2, Uni-Gold HIV Kit",Uni-Gold,,Test kit,20.0,18.0,576.0,32.0,1.6,"Trinity Biotech, Plc",Yes,177,1692.35,0.59,,,,,,,,,,,,,,,,,,,,,,,,,,
42334,,,,,Sudan,,,,,,3/24/2010,,,,,,"Standard Diagnostics, Inc.",,"HIV 1/2, Bioline 3.0 Kit, Lancets, Capillary pipets, Alcohol swabs included",Bioline,,,,,,,,,,,,,102-SD-T30,SCMS-68640,ASN-6657,PMO - US,Direct Drop,EXW,Air,3/15/2010,7-May-10,7-May-10,7-May-10,HRDT,HIV test,"HIV 1/2, Bioline 3.0 Kit, Lancets, Capillary pipets, Alcohol swabs included, 25 Tests",Test kit,25.0,60.0,1200.0,20.0,0.8,"Standard Diagnostics, Korea",Yes,353,3843.25,2.59,FPQ-5293
86480,,,,,Nigeria,,,,,,N/A - From RDC,,,,,,SCMS from RDC,,Lopinavir/Ritonavir,Generic,200/50mg,,,,,,,,,,,,151-NG-T30,SO-42333,DN-2688,PMO - US,From RDC,N/A - From RDC,Air Charter,3/1/2012,2-Aug-12,9-Jul-12,9-Jul-12,ARV,Adult,"Lopinavir/Ritonavir 200/50mg, tablets, 120 Tabs",Tablet,120.0,24470.0,726269.6,29.68,0.25,"Aurobindo Unit III, India",Yes,6808,21347.12,1018.23,FPQ-9432
84608,104-CI-T30,FPQ-5925,SO-37740,DN-2064,Côte d'Ivoire,PMO - US,From RDC,N/A - From RDC,Air,6/23/10,N/A - From RDC,30-Nov-10,9-Dec-10,9-Dec-10,ARV,Adult,SCMS from RDC,"Abacavir 300mg, tablets, 60 Tabs",Abacavir,Generic,300mg,Tablet,60.0,600.0,9864.0,16.44,0.27,"Aurobindo Unit III, India",No,See DN-2064 (ID#:83469),See DN-2064 (ID#:83469),21.27,,,,,,,,,,,,,,,,,,,,,,,,,,
29968,,FPQ-6417,,,Rwanda,,,,,,9/21/2010,,,,,,"Standard Diagnostics, Inc.",,"HIV 1/2, Bioline 3.0 Kit (no accessories)",Bioline,,,,,,,,,,,,,107-RW-T30,SCMS-86430,ASN-8406,PMO - US,Direct Drop,EXW,Air,9/20/2010,20-Oct-10,20-Oct-10,20-Oct-10,HRDT,HIV test,"HIV 1/2, Bioline 3.0 Kit, (no accessories), 30 Tests",Test kit,30.0,1700.0,40800.0,24.0,0.8,"Standard Diagnostics, Korea",Yes,604,8823.41,87.96,
3970,,,,,Rwanda,,,,,,12/28/2006,,,,,,Premier Medical Corporation Ltd.,,"HIV 1/2/O, First Response HIV 1-2.0, v.3.0 Cards Kit",First Response,,,,,,,,,,,,,107-RW-T01,SCMS-288,ASN-170,PMO - US,Direct Drop,EXW,Air,Pre-PQ Process,17-Jan-07,17-Jan-07,17-Jan-07,HRDT,HIV test,"HIV 1/2/O, First Response HIV 1-2.0, v.3.0 Cards Kit, 30 Tests",Test kit,30.0,2000.0,42000.0,21.0,0.7,Premier Med. Corp Ltd. India,Yes,600,5714.31,,Pre-PQ Process
11188,110-ZM-T01,Pre-PQ Process,SO-572,DN-388,Zambia,PMO - US,From RDC,N/A - From RDC,,Pre-PQ Process,N/A - From RDC,9-Nov-07,9-Nov-07,9-Nov-07,ARV,Adult,SCMS from RDC,"Nevirapine 200mg, tablets, 60 Tabs",Nevirapine,Generic,200mg,Tablet,60.0,52864.0,188724.48,3.57,0.06,"Aurobindo Unit III, India",Yes,5989,19590.04,301.96,,,,,,,,,,,,,,,,,,,,,,,,,,
83483,104-CI-T30,FPQ-6144,SO-38380,DN-2106,Côte d'Ivoire,PMO - US,From RDC,N/A - From RDC,Air,8/3/10,N/A - From RDC,31-Jan-11,22-Feb-11,22-Feb-11,ARV,Adult,SCMS from RDC,"Lamivudine/Zidovudine 150/300mg, tablets, 60 Tabs",Lamivudine/Zidovudine,Generic,150/300mg,Tablet - FDC,60.0,18507.0,158234.85,8.55,0.14,"Aurobindo Unit III, India",No,See DN-2106 (ID#:82933),See DN-2106 (ID#:82933),341.15,,,,,,,,,,,,,,,,,,,,,,,,,,
85881,,FPQ-9432,,,Nigeria,,,,,,N/A - From RDC,,,,,,SCMS from RDC,,Lamivudine/Tenofovir Disoproxil Fumarate,Generic,300/300mg,,,,,,,,,,,,151-NG-T30,SO-42803,DN-2769,PMO - US,From RDC,N/A - From RDC,Air Charter,3/1/2012,2-Aug-12,24-Jul-12,24-Jul-12,ARV,Adult,"Lamivudine/Tenofovir Disoproxil Fumarate 300/300mg, tablets, 30 Tabs",Tablet - FDC,30.0,28839.0,159768.06,5.54,0.18,Mylan (formerly Matrix) Nashik,No,See DN-2769 (ID#:83607),See DN-2769 (ID#:83607),223.99,
28331,102-KE-T30,FPQ-9100,SCMS-133470,ASN-13946,Kenya,PMO - US,Direct Drop,EXW,Air,1/9/12,2/1/12,22-Mar-12,22-Mar-12,22-Mar-12,HRDT,HIV test,"Orgenics, Ltd","HIV 1/2, Determine Complete HIV Kit, 100 Tests","HIV 1/2, Determine Complete HIV Kit",Determine,,Test kit,100.0,7018.0,624602.0,89.0,0.89,"Alere Medical Co., Ltd.",Yes,2305,24428.55,875.69,,,,,,,,,,,,,,,,,,,,,,,,,,
81579,103-KE-T30,FPQ-10018,SCMS-149610,ASN-15670,Kenya,PMO - US,Direct Drop,EXW,Air,6/5/12,6/14/12,9-Jul-12,30-Jul-12,30-Jul-12,HRDT,HIV test,"Orgenics, Ltd","HIV 1/2, Determine Complete HIV Kit, 100 Tests","HIV 1/2, Determine Complete HIV Kit",Determine,,Test kit,100.0,4.0,356.0,89.0,0.89,"Alere Medical Co., Ltd.",Yes,1413,15387.63,0.5,,,,,,,,,,,,,,,,,,,,,,,,,,
70162,,,,,Zimbabwe,,,,,,10/29/2009,,,,,,"Standard Diagnostics, Inc.",,"HIV 1/2, Bioline 3.0 Kit, Lancets, Capillary pipets, Alcohol swabs included",Bioline,,,,,,,,,,,,,113-ZW-T30,SCMS-56170,ASN-5501,PMO - US,Direct Drop,EXW,Air,10/27/2009,4-Jan-10,4-Jan-10,4-Jan-10,HRDT,HIV test,"HIV 1/2, Bioline 3.0 Kit, Lancets, Capillary pipets, Alcohol swabs included, 25 Tests",Test kit,25.0,5080.0,101600.0,20.0,0.8,"Standard Diagnostics, Korea",Yes,1694,12127.58,219.05,FPQ-4483
42848,,,,,Tanzania,,,,,,9/9/2011,,,,,,ABBVIE LOGISTICS (FORMERLY ABBOTT LOGISTICS BV),,Lopinavir/Ritonavir,Generic,100/25mg,,,,,,,,,,,,109-TZ-T30,SCMS-121380,ASN-13025,PMO - US,Direct Drop,FCA,Air,8/30/2011,19-Jan-12,19-Jan-12,19-Jan-12,ARV,Pediatric,"Lopinavir/Ritonavir 100/25mg [Aluvia], tablets, 60 Tabs",Tablet,60.0,405.0,3122.55,7.71,0.13,ABBVIE Ludwigshafen Germany,Yes,75,1262.36,5.15,FPQ-8332
84697,,FPQ-8840,,,"Congo, DRC",,,,,,N/A - From RDC,,,,,,SCMS from RDC,,Nevirapine,Generic,200mg,,,,,,,,,,,,101-CD-T30,SO-41134,DN-2496,PMO - US,From RDC,N/A - From RDC,Air,11/21/2011,16-Mar-12,14-Feb-12,14-Feb-12,ARV,Adult,"Nevirapine 200mg, tablets, 60 Tabs",Tablet,60.0,40.0,103.2,2.58,0.04,"Strides, Bangalore, India.",No,See DN-2496 (ID#:82434),See DN-2496 (ID#:82434),0.14,
12276,,Pre-PQ Process,,,Zimbabwe,,,,,,N/A - From RDC,,,,,,SCMS from RDC,,Lamivudine/Stavudine,Generic,150/30mg,,,,,,,,,,,,113-ZW-T01,SO-18111,DN-1214,PMO - US,From RDC,N/A - From RDC,Air,Pre-PQ Process,12-May-09,12-May-09,12-May-09,ARV,Adult,"Lamivudine/Stavudine 150/30mg, tablets, 60 Tabs",Tablet - FDC,60.0,4000.0,16000.0,4.0,0.07,"Cipla, Goa, India",Yes,305,2698.04,31.36,
84794,106-HT-T30,FPQ-11281,SO-44400,DN-3015,Haiti,PMO - US,From RDC,N/A - From RDC,Air,1/16/13,N/A - From RDC,9-Apr-13,14-Mar-13,14-Mar-13,ARV,Pediatric,SCMS from RDC,"Lamivudine/Zidovudine 30/60mg, tablets, 60 Tabs",Lamivudine/Zidovudine,Generic,30/60mg,Tablet - FDC,60.0,7392.0,16705.92,2.26,0.04,"Aurobindo Unit III, India",No,See DN-3015 (ID#:82554),See DN-3015 (ID#:82554),20.67,,,,,,,,,,,,,,,,,,,,,,,,,,
82648,111-MZ-T30,FPQ-12573,SO-46172,DN-3525,Mozambique,PMO - US,From RDC,N/A - From RDC,Truck,6/28/13,N/A - From RDC,31-Jan-14,20-Feb-14,19-Mar-14,ARV,Adult,SCMS from RDC,"Lamivudine/Nevirapine/Stavudine 150/200/30mg, tablets, 60 Tabs",Lamivudine/Nevirapine/Stavudine,Generic,150/200/30mg,Tablet - FDC,60.0,35533.0,153502.56,4.32,0.07,"Strides, Bangalore, India.",Yes,7654,7928.11,189.88,,,,,,,,,,,,,,,,,,,,,,,,,,
9804,,Pre-PQ Process,,,Ethiopia,,,,,,6/10/2008,,,,,,MISSIONPHARMA A/S,,Primaquine base (as diphosphate),Generic,15mg,,,,,,,,,,,,117-ET-T01,SCMS-24890,ASN-2218,PMO - US,Direct Drop,EXW,Air,Pre-PQ Process,13-Aug-08,13-Aug-08,13-Aug-08,ANTM,Malaria,"Primaquine 15mg base (as diphosphate), tablets, 1000 Tabs",Tablet,1000.0,32.0,1434.88,44.84,0.04,"Weifa A.S., Hausmanngt. 6, P.O. Box 9113 GrÃ¸nland, 0133, Oslo, Norway",Yes,7,399.18,2.3,
82471,,FPQ-9321,,,Uganda,,,,,,N/A - From RDC,,,,,,SCMS from RDC,,Lamivudine/Tenofovir Disoproxil Fumarate,Generic,300/300mg,,,,,,,,,,,,114-UG-T30,SO-41510,DN-2643,PMO - US,From RDC,N/A - From RDC,Truck,2/10/2012,3-Jul-12,18-May-12,18-May-12,ARV,Adult,"Lamivudine/Tenofovir Disoproxil Fumarate 300/300mg, tablets, 30 Tabs",Tablet - FDC,30.0,1500.0,8310.0,5.54,0.18,Mylan (formerly Matrix) Nashik,Yes,729,3758.4,11.65,
11260,,,,,Nigeria,,,,,,N/A - From RDC,,,,,,SCMS from RDC,,Lamivudine/Zidovudine,Generic,150/300mg,,,,,,,,,,,,130-NG-T01,SO-2501,DN-730,PMO - US,From RDC,N/A - From RDC,Air,Pre-PQ Process,26-May-08,26-May-08,26-May-08,ARV,Adult,"Lamivudine/Zidovudine 150/300mg, tablets, 60 Tabs",Tablet - FDC,60.0,1887.0,17832.15,9.45,0.16,"Aurobindo Unit III, India",Yes,273,2446.58,28.53,Pre-PQ Process
83921,104-CI-T30,FPQ-15259,SO-50102,DN-4313,Côte d'Ivoire,PMO - US,From RDC,N/A - From RDC,Truck,10/24/14,N/A - From RDC,31-Jul-15,6-Aug-15,7-Aug-15,ARV,Adult,SCMS from RDC,"Lamivudine/Tenofovir Disoproxil Fumarate 300/300mg, tablets, 30 Tabs",Lamivudine/Tenofovir Disoproxil Fumarate,Generic,300/300mg,Tablet - FDC,30.0,6750.0,31185.0,4.62,0.15,"Hetero, Jadcherla, unit 5, IN",Yes,4426,14734.92,36.7,,,,,,,,,,,,,,,,,,,,,,,,,,
85790,,,,,Zambia,,,,,,N/A - From RDC,,,,,,SCMS from RDC,,Efavirenz,Generic,600mg,,,,,,,,,,,,110-ZM-T30,SO-38733,DN-2357,PMO - US,From RDC,N/A - From RDC,Truck,2/3/2011,31-Oct-11,26-Sep-11,26-Sep-11,ARV,Adult,"Efavirenz 600mg, tablets, 30 Tabs",Tablet,30.0,49142.0,212293.44,4.32,0.14,Hetero Unit III Hyderabad IN,No,See DN-2357 (ID#:84112),See DN-2357 (ID#:84112),350.28,FPQ-7085
84128,,,,,Nigeria,,,,,,N/A - From RDC,,,,,,SCMS from RDC,,Lamivudine/Tenofovir Disoproxil Fumarate,Generic,300/300mg,,,,,,,,,,,,151-NG-T30,SO-40662,DN-2464,PMO - US,From RDC,N/A - From RDC,Air Charter,8/29/2011,16-Mar-12,18-Dec-11,18-Dec-11,ARV,Adult,"Lamivudine/Tenofovir Disoproxil Fumarate 300/300mg, tablets, 30 Tabs",Tablet - FDC,30.0,53279.0,438486.17,8.23,0.27,Mylan (formerly Matrix) Nashik,Yes,5494,15322.73,723.5,FPQ-8364
11326,,,,,Zambia,,,,,,N/A - From RDC,,,,,,SCMS from RDC,,Abacavir,Generic,300mg,,,,,,,,,,,,110-ZM-T01,SO-30300,DN-1250,PMO - US,From RDC,N/A - From RDC,Truck,Pre-PQ Process,15-Jun-09,15-Jun-09,15-Jun-09,ARV,Adult,"Abacavir 300mg, tablets, 60 Tabs",Tablet,60.0,4594.0,116917.3,25.45,0.42,Mylan (formerly Matrix) Nashik,No,See DN-1250 (ID#:10774),See DN-1250 (ID#:10774),229.16,Pre-PQ Process
1279,,,,,Zimbabwe,,,,,,Date Not Captured,,,,,,INTERNATIONAL HEALTHCARE DISTRIBUTORS,,Lopinavir/Ritonavir,Kaletra,133.3/33.3mg,,,,,,,,,,,,113-ZW-T01,SCMS-135,ASN-79,PMO - US,Direct Drop,CIP,Air,Pre-PQ Process,7-Nov-06,7-Nov-06,7-Nov-06,ARV,Adult,"Lopinavir/Ritonavir 133.3/33.3mg [Kaletra], capsules, cool, 2 x 90 Caps",Capsule,180.0,260.0,11096.8,42.68,0.24,ABBVIE (Abbott) St. P'burg USA,Yes,135,Freight Included in Commodity Cost,,Pre-PQ Process
54828,,,,,Rwanda,,,,,,5/31/2012,,,,,,MYLAN LABORATORIES LTD (FORMERLY MATRIX LABORATORIES),,Lamivudine/Tenofovir Disoproxil Fumarate,Generic,300/300mg,,,,,,,,,,,,107-RW-T30,SCMS-137551,ASN-15765,PMO - US,Direct Drop,EXW,Air,1/13/2012,16-Aug-12,16-Aug-12,16-Aug-12,ARV,Adult,"Lamivudine/Tenofovir Disoproxil Fumarate 300/300mg, tablets, 30 Tabs",Tablet - FDC,30.0,131704.0,683543.76,5.19,0.17,Mylan (formerly Matrix) Nashik,Yes,10818,119695.66,958.33,FPQ-9168
11693,100-LB-T01,Pre-PQ Process,SO-33900,DN-1487,Lebanon,PMO - US,From RDC,N/A - From RDC,Air,Date Not Captured,N/A - From RDC,18-Nov-09,18-Nov-09,18-Nov-09,ARV,Pediatric,SCMS from RDC,"Didanosine 100mg, chewable/dispersible tablets, 60 Tabs",Didanosine,Generic,100mg,Chewable/dispersible tablet,60.0,120.0,1.2,0.01,0.0,"Aurobindo Unit III, India",No,See DN-1487 (ID#:11073),See DN-1487 (ID#:11073),0.0,,,,,,,,,,,,,,,,,,,,,,,,,,
85012,151-NG-T30,FPQ-14766,SO-49682,DN-4122,Nigeria,PMO - US,From RDC,N/A - From RDC,Air Charter,8/13/14,N/A - From RDC,28-Feb-15,5-Feb-15,10-Feb-15,ARV,Adult,SCMS from RDC,"Lamivudine/Nevirapine/Zidovudine 150/200/300mg, tablets, 60 Tabs",Lamivudine/Nevirapine/Zidovudine,Generic,150/300/200mg,Tablet - FDC,60.0,3194.0,24657.68,7.72,0.13,Hetero Unit III Hyderabad IN,Yes,23220,51645.79,25.35,,,,,,,,,,,,,,,,,,,,,,,,,,
60375,,FPQ-13035,,,South Africa,,,,,,12/2/2013,,,,,,S. BUYS WHOLESALER,,Efavirenz,Generic,50mg,,,,,,,,,,,,116-ZA-T30,SCMS-215370,ASN-24415,PMO - US,Direct Drop,DDP,Truck,10/8/2013,6-Feb-14,6-Feb-14,6-Feb-14,ARV,Pediatric,"Efavirenz 50mg, capsule, 30 Caps",Capsule,30.0,387.0,1089.02,2.81,0.09,"Aurobindo Unit III, India",No,Weight Captured Separately,Freight Included in Commodity Cost,1.35,
37775,,FPQ-3596,,,South Africa,,,,,,9/22/2009,,,,,,S. BUYS WHOLESALER,,Stavudine,Generic,30mg,,,,,,,,,,,,116-ZA-T30,SCMS-50372,ASN-6124,PMO - US,Direct Drop,DDP,Truck,5/7/2009,27-Jan-10,27-Jan-10,27-Jan-10,ARV,Adult,"Stavudine 30mg, capsules, 60 Caps",Capsule,60.0,8000.0,36968.24,4.62,0.08,"Aurobindo Unit III, India",Yes,Weight Captured Separately,Freight Included in Commodity Cost,72.46,
86437,,,,,"Congo, DRC",,,,,,N/A - From RDC,,,,,,SCMS from RDC,,Lopinavir/Ritonavir,Generic,200/50mg,,,,,,,,,,,,101-CD-T30,SO-41130,DN-2492,PMO - US,From RDC,N/A - From RDC,Air,11/21/2011,16-Mar-12,14-Feb-12,14-Feb-12,ARV,Adult,"Lopinavir/Ritonavir 200/50mg, tablets, 120 Tabs",Tablet,120.0,11.0,371.14,33.74,0.28,"Aurobindo Unit III, India",No,See DN-2492 (ID#:82999),See DN-2492 (ID#:82999),0.52,FPQ-8840
39133,,FPQ-11919,,,Tanzania,,,,,,9/11/2013,,,,,,"Orgenics, Ltd",,"HIV 1/2, Determine Complete HIV Kit",Determine,,,,,,,,,,,,,109-TZ-T30,SCMS-205480,ASN-22109,PMO - US,Direct Drop,EXW,Air,3/25/2013,2-Dec-13,2-Dec-13,2-Dec-13,HRDT,HIV test,"HIV 1/2, Determine Complete HIV Kit, 100 Tests",Test kit,100.0,3.0,240.0,80.0,0.8,"Alere Medical Co., Ltd.",Yes,2,925.04,0.3,
83051,151-NG-T30,FPQ-8952,SO-41250,DN-2725,Nigeria,PMO - US,From RDC,N/A - From RDC,Air Charter,12/8/11,N/A - From RDC,4-Jul-12,10-Jul-12,10-Jul-12,ARV,Adult,SCMS from RDC,"Nevirapine 200mg, tablets, 60 Tabs",Nevirapine,Generic,200mg,Tablet,60.0,100156.0,244380.64,2.44,0.04,"Aurobindo Unit III, India",Yes,10687,21347.12,342.62,,,,,,,,,,,,,,,,,,,,,,,,,,
85745,,FPQ-6470,,,Zimbabwe,,,,,,N/A - From RDC,,,,,,SCMS from RDC,,Lamivudine/Tenofovir Disoproxil Fumarate,Generic,300/300mg,,,,,,,,,,,,113-ZW-T30,SO-38830,DN-2128,PMO - US,From RDC,N/A - From RDC,Truck,10/13/2010,31-Mar-11,18-Mar-11,18-Mar-11,ARV,Adult,"Lamivudine/Tenofovir Disoproxil Fumarate 300/300mg, tablets, 30 Tabs",Tablet - FDC,30.0,10114.0,89205.48,8.82,0.29,Mylan (formerly Matrix) Nashik,No,See DN-2128 (ID#:84624),See DN-2128 (ID#:84624),192.33,
12452,104-CI-T01,Pre-PQ Process,SO-1657,DN-568,Côte d'Ivoire,PMO - US,From RDC,N/A - From RDC,Air,Pre-PQ Process,N/A - From RDC,25-Jan-08,25-Jan-08,25-Jan-08,ARV,Adult,SCMS from RDC,"Lopinavir/Ritonavir 200/50mg [Aluvia], tablets, 120 Tabs",Lopinavir/Ritonavir,Aluvia,200/50mg,Tablet,120.0,2121.0,87173.1,41.1,0.34,ABBVIE Ludwigshafen Germany,Yes,465,2206,139.48,,,,,,,,,,,,,,,,,,,,,,,,,,
40702,105-SS-T30,FPQ-15569,SCMS-272160,ASN-31321,South Sudan,PMO - US,Direct Drop,EXW,Air,12/29/14,2/20/15,3-Jun-15,3-Jun-15,5-Jun-15,HRDT,HIV test - Ancillary,"Orgenics, Ltd","Chase Buffer, Determine, 100 Tests, 2.5ml x 1 Vial","Chase Buffer, Determine, 100 Tests, 2.5ml x 1 Vial",Determine,,Test kit - Ancillary,1.0,45.0,225.0,5.0,5.0,"Alere Medical Co., Ltd.",No,See ASN-31321 (ID#:30363),See ASN-31321 (ID#:30363),0.26,,,,,,,,,,,,,,,,,,,,,,,,,,
84218,,,,,Zambia,,,,,,N/A - From RDC,,,,,,SCMS from RDC,,Efavirenz/Emtricitabine/Tenofovir Disoproxil Fumarate,Generic,600/200/300mg,,,,,,,,,,,,110-ZM-T30,SO-43451,DN-3003,PMO - US,From RDC,N/A - From RDC,Truck,10/5/2012,15-Mar-13,19-Feb-13,19-Feb-13,ARV,Adult,"Efavirenz/Emtricitabine/Tenofovir Disoproxil Fumarate 600/200/300mg, tablets, 30 Tabs",Tablet - FDC,30.0,30114.0,412260.66,13.69,0.46,Mylan (formerly Matrix) Nashik,Yes,1230,6923.53,577.99,FPQ-10728
28928,161-ZA-T30,FPQ-5648,SCMS-75510,ASN-8300,South Africa,PMO - US,Direct Drop,DDP,Air,6/2/10,6/17/10,25-Nov-10,25-Nov-10,25-Nov-10,ARV,Adult,Aurobindo Pharma Limited,"Tenofovir Disoproxil Fumarate 300mg, tablets, 30 Tabs",Tenofovir Disoproxil Fumarate,Generic,300mg,Tablet,30.0,40319.0,278604.29,6.91,0.23,"Aurobindo Unit III, India",Yes,3545,5953.38,600.67,,,,,,,,,,,,,,,,,,,,,,,,,,
82894,,,,,Haiti,,,,,,N/A - From RDC,,,,,,SCMS from RDC,,Zidovudine,Generic,10mg/ml,,,,,,,,,,,,106-HT-T30,SO-36800,DN-1871,PMO - US,From RDC,N/A - From RDC,Air,4/19/2010,12-Jul-10,30-Jun-10,30-Jun-10,ARV,Pediatric,"Zidovudine 10mg/ml, oral solution, Bottle, 240 ml",Oral solution,240.0,4448.0,8984.96,2.02,0.01,"Aurobindo Unit III, India",No,See DN-1871 (ID#:82328),See DN-1871 (ID#:82328),19.37,FPQ-5523
2481,,,,,South Africa,,,,,,4/2/2009,,,,,,S. BUYS WHOLESALER,,Stavudine,Zerit,20mg,,,,,,,,,,,,116-ZA-T01,SCMS-47500,ASN-4332,PMO - US,Direct Drop,DDP,Truck,Pre-PQ Process,15-May-09,23-Apr-09,23-Apr-09,ARV,Adult,"Stavudine 20mg [Zerit], capsules, 60 Caps",Capsule,60.0,76.0,300.2,3.95,0.07,"BMS Meymac, France",No,See ASN-4332 (ID#:1115),See ASN-4332 (ID#:1115),0.59,Pre-PQ Process
84113,901-SZ-T30,FPQ-8360,SO-40580,DN-2359,Swaziland,PMO - US,From RDC,N/A - From RDC,Air,9/2/11,N/A - From RDC,30-Sep-11,6-Oct-11,6-Oct-11,ARV,Adult,SCMS from RDC,"Lamivudine/Nevirapine/Zidovudine 150/200/300mg, tablets, 60 Tabs",Lamivudine/Nevirapine/Zidovudine,Generic,150/300/200mg,Tablet - FDC,60.0,23861.0,267720.42,11.22,0.19,Mylan (formerly Matrix) Nashik,Yes,4502,12314.4,441.74,,,,,,,,,,,,,,,,,,,,,,,,,,
47949,161-ZA-T30,FPQ-6262,SCMS-83830,ASN-9478,South Africa,PMO - US,Direct Drop,DDP,Ocean,8/31/10,9/24/10,1-Feb-11,4-Mar-11,4-Mar-11,ARV,Adult,Aurobindo Pharma Limited,"Efavirenz 600mg, tablets, 30 Tabs",Efavirenz,Generic,600mg,Tablet,30.0,87018.0,394191.54,4.53,0.15,"Aurobindo Unit III, India",Yes,Weight Captured Separately,Freight Included in Commodity Cost,849.88,,,,,,,,,,,,,,,,,,,,,,,,,,
84696,,FPQ-8840,,,"Congo, DRC",,,,,,N/A - From RDC,,,,,,SCMS from RDC,,Lopinavir/Ritonavir,Generic,200/50mg,,,,,,,,,,,,101-CD-T30,SO-41134,DN-2496,PMO - US,From RDC,N/A - From RDC,Air,11/21/2011,16-Mar-12,14-Feb-12,14-Feb-12,ARV,Adult,"Lopinavir/Ritonavir 200/50mg, tablets, 120 Tabs",Tablet,120.0,17.0,573.58,33.74,0.28,"Aurobindo Unit III, India",No,See DN-2496 (ID#:82434),See DN-2496 (ID#:82434),0.8,
84388,,,,,Rwanda,,,,,,N/A - From RDC,,,,,,SCMS from RDC,,Abacavir,Generic,20mg/ml,,,,,,,,,,,,107-RW-T30,SO-48811,DN-3814,PMO - US,From RDC,N/A - From RDC,Truck,4/22/2014,31-Dec-14,14-Aug-14,15-Aug-14,ARV,Pediatric,"Abacavir 20mg/ml, oral solution w/syringe, Bottle, 240 ml",Oral solution,240.0,800.0,6800.0,8.5,0.04,"Aurobindo Unit III, India",Yes,297,2282.79,6.99,FPQ-14111
38396,,FPQ-12837,,,Cameroon,,,,,,8/23/2013,,,,,,Aurobindo Pharma Limited,,Nevirapine,Generic,200mg,,,,,,,,,,,,901-CM-T30,SCMS-204300,ASN-21700,PMO - US,Direct Drop,EXW,Air,8/19/2013,18-Oct-13,18-Oct-13,18-Oct-13,ARV,Adult,"Nevirapine 200mg, tablets, 60 Tabs",Tablet,60.0,38976.0,87696.0,2.25,0.04,"Aurobindo Unit III, India",Yes,4117,35943.58,108.48,
83591,,FPQ-9506,,,Mozambique,,,,,,N/A - From RDC,,,,,,SCMS from RDC,,Lamivudine/Nevirapine/Zidovudine,Generic,150/300/200mg,,,,,,,,,,,,111-MZ-T30,SO-41760,DN-2663,PMO - US,From RDC,N/A - From RDC,Truck,3/16/2012,3-Jul-12,28-Jun-12,28-Jun-12,ARV,Adult,"Lamivudine/Nevirapine/Zidovudine 150/200/300mg, tablets, 60 Tabs",Tablet - FDC,60.0,200000.0,2058000.0,10.29,0.17,Mylan (formerly Matrix) Nashik,No,See DN-2663 (ID#:82478),See DN-2663 (ID#:82478),2885.32,
7775,,,,,Guyana,,,,,,3/31/2009,,,,,,"Trinity Biotech, Plc",,"HIV 1/2, Uni-Gold HIV Kit",Uni-Gold,,,,,,,,,,,,,102-GY-T01,SCMS-42300,ASN-4318,PMO - US,Direct Drop,EXW,Air,Pre-PQ Process,9-Jul-09,9-Jul-09,9-Jul-09,HRDT,HIV test,"HIV 1/2, Uni-Gold HIV Kit, 20 Tests",Test kit,20.0,1371.0,43872.0,32.0,1.6,"Trinity Biotech, Plc",Yes,468,5733.61,85.99,Pre-PQ Process
10933,,Pre-PQ Process,,,Rwanda,,,,,,N/A - From RDC,,,,,,SCMS from RDC,,Lamivudine,Generic,150mg,,,,,,,,,,,,107-RW-T01,SO-1515,DN-570,PMO - US,From RDC,N/A - From RDC,Air,Pre-PQ Process,28-Jan-08,28-Jan-08,28-Jan-08,ARV,Adult,"Lamivudine 150mg, tablets, 60 Tabs",Tablet,60.0,3150.0,9576.0,3.04,0.05,"Ranbaxy, Paonta Shahib, India",Yes,165,2559.28,15.32,
86554,,,,,Zimbabwe,,,,,,N/A - From RDC,,,,,,SCMS from RDC,,Nevirapine,Generic,200mg,,,,,,,,,,,,113-ZW-T30,SO-43212,DN-3048,PMO - US,From RDC,N/A - From RDC,Truck,9/11/2012,15-Apr-13,23-Mar-13,23-Mar-13,ARV,Adult,"Nevirapine 200mg, tablets, 60 Tabs",Tablet,60.0,29131.0,65836.06,2.26,0.04,Hetero Unit III Hyderabad IN,No,See DN-3048 (ID#:84235),See DN-3048 (ID#:84235),92.3,FPQ-10632
20560,,,,,Ghana,,,,,,4/23/2014,,,,,,ABBVIE LOGISTICS (FORMERLY ABBOTT LOGISTICS BV),,Lopinavir/Ritonavir,Generic,100/25mg,,,,,,,,,,,,105-GH-T30,SCMS-235810,ASN-27124,PMO - US,Direct Drop,FCA,Air,3/24/2014,6-Aug-14,6-Aug-14,15-Aug-14,ARV,Pediatric,"Lopinavir/Ritonavir 100/25mg [Aluvia], tablets, 60 Tabs",Tablet,60.0,448.0,2661.12,5.94,0.1,ABBVIE Ludwigshafen Germany,Yes,63,1317.82,2.74,FPQ-13872
63907,,,,,Guatemala,,,,,,1/25/2011,,,,,,IDIS LIMITED,,Didanosine,Videx,25mg,,,,,,,,,,,,202-GT-T30,SCMS-98040,ASN-12152,PMO - US,Direct Drop,DDU,Air,1/17/2011,12-Sep-11,12-Sep-11,12-Sep-11,ARV,Pediatric,"Didanosine 25mg [Videx], chewable tablets, 60 Tabs",Chewable/dispersible tablet,60.0,150.0,6843.0,45.62,0.76,"BMS Meymac, France",No,Weight Captured Separately,Freight Included in Commodity Cost,11.29,FPQ-6944
22222,116-ZA-T30,FPQ-14942,SCMS-259071,ASN-29597,South Africa,PMO - US,Direct Drop,DDP,Truck,9/11/14,11/28/14,28-Nov-14,28-Nov-14,28-Nov-14,ARV,Adult,PHARMACY DIRECT,"Lamivudine/Zidovudine 150/300mg, tablets, 60 Tabs",Lamivudine/Zidovudine,Generic,150/300mg,Tablet - FDC,60.0,18.0,405.71,22.54,0.38,"Aurobindo Unit III, India",No,Weight Captured Separately,Freight Included in Commodity Cost,0.42,,,,,,,,,,,,,,,,,,,,,,,,,,
7731,,,,,South Africa,,,,,,Date Not Captured,,,,,,S. BUYS WHOLESALER,,Efavirenz,Stocrin/Sustiva,50mg,,,,,,,,,,,,116-ZA-T01,SCMS-41140,ASN-3752,PMO - US,Direct Drop,DDP,Air,Pre-PQ Process,31-Mar-09,21-Nov-08,21-Nov-08,ARV,Pediatric,"Efavirenz 50mg [Stocrin/Sustiva], capsule, 30 Caps",Capsule,30.0,400.0,912.0,2.28,0.08,"MSD Midrand, J'burg, SA",No,Weight Captured Separately,Freight Included in Commodity Cost,1.79,Pre-PQ Process
81132,,,,,Côte d'Ivoire,,,,,,1/24/2013,,,,,,ABBVIE LOGISTICS (FORMERLY ABBOTT LOGISTICS BV),,Lopinavir/Ritonavir,Kaletra,80/20mg/ml,,,,,,,,,,,,104-CI-T30,SCMS-174540,ASN-18253,PMO - US,Direct Drop,FCA,Air,12/14/2012,27-Feb-13,27-Feb-13,27-Feb-13,ARV,Pediatric,"Lopinavir/Ritonavir 80/20mg/ml [Kaletra], oral solution, cool, Bottle 5 x 60 ml",Oral solution,300.0,320.0,9862.4,30.82,0.1,ABBVIE (Abbott) Logis. UK,Yes,326,3852.86,12.2,FPQ-11263
82444,,FPQ-7767,,,Zambia,,,,,,N/A - From RDC,,,,,,SCMS from RDC,,Abacavir,Generic,300mg,,,,,,,,,,,,110-ZM-T30,SO-40270,DN-2513,PMO - US,From RDC,N/A - From RDC,Truck,7/26/2011,28-Feb-12,17-Feb-12,17-Feb-12,ARV,Adult,"Abacavir 300mg, tablets, 60 Tabs",Tablet,60.0,27452.0,412878.08,15.04,0.25,Mylan (formerly Matrix) Nashik,Yes,3898,11292.05,681.25,
1358,,Pre-PQ Process,,,Vietnam,,,,,,7/4/2007,,,,,,Aurobindo Pharma Limited,,Zidovudine,Generic,10mg/ml,,,,,,,,,,,,108-VN-T01,SCMS-753,ASN-781,PMO - US,Direct Drop,EXW,Air,Pre-PQ Process,15-Oct-07,15-Oct-07,15-Oct-07,ARV,Pediatric,"Zidovudine 10mg/ml, oral solution, Bottle, 240 ml",Oral solution,240.0,1000.0,2100.0,2.1,0.01,"Aurobindo Unit III, India",No,See ASN-781 (ID#:115),See ASN-781 (ID#:115),3.36,
11398,,,,,Côte d'Ivoire,,,,,,N/A - From RDC,,,,,,SCMS from RDC,,Saquinavir,Invirase,200mg,,,,,,,,,,,,104-CI-T01,SO-517,DN-160,PMO - US,From RDC,N/A - From RDC,,Pre-PQ Process,15-Jun-07,15-Jun-07,15-Jun-07,ARV,Adult,"Saquinavir 200mg [Invirase], capsules, 270 Caps",Capsule,270.0,638.0,50172.32,78.64,0.29,Roche Basel,No,See DN-160 (ID#:11397),See DN-160 (ID#:11397),,Pre-PQ Process
69630,116-ZA-T30,FPQ-12522,SCMS-199283,ASN-27980,South Africa,PMO - US,Direct Drop,DDP,Truck,7/11/13,8/27/14,27-Aug-14,27-Aug-14,27-Aug-14,ARV,Pediatric,S. BUYS WHOLESALER,"Efavirenz 200mg, capsule, 90 Caps",Efavirenz,Generic,200mg,Capsule,90.0,22.0,580.11,26.37,0.29,"Aurobindo Unit III, India",No,Weight Captured Separately,Freight Included in Commodity Cost,0.72,,,,,,,,,,,,,,,,,,,,,,,,,,
12608,111-MZ-T01,Pre-PQ Process,SO-32570,DN-1396,Mozambique,PMO - US,From RDC,N/A - From RDC,Truck,Date Not Captured,N/A - From RDC,7-Oct-09,7-Oct-09,7-Oct-09,ARV,Adult,SCMS from RDC,"Lamivudine/Stavudine 150/30mg, tablets, 60 Tabs",Lamivudine/Stavudine,Generic,150/30mg,Tablet - FDC,60.0,17500.0,68250.0,3.9,0.06,Mylan (formerly Matrix) Nashik,Yes,1292,1588.05,133.77,,,,,,,,,,,,,,,,,,,,,,,,,,
84581,106-HT-T30,FPQ-5523,SO-36760,DN-1964,Haiti,PMO - US,From RDC,N/A - From RDC,Air,4/19/10,N/A - From RDC,10-Aug-10,23-Aug-10,23-Aug-10,ARV,Pediatric,SCMS from RDC,"Lamivudine 10mg/ml, oral solution, Bottle, 240 ml",Lamivudine,Generic,10mg/ml,Oral solution,240.0,3840.0,7411.2,1.93,0.01,"Cipla, Goa, India",No,See DN-1964 (ID#:82908),See DN-1964 (ID#:82908),15.98,,,,,,,,,,,,,,,,,,,,,,,,,,
12547,,,,,Uganda,,,,,,N/A - From RDC,,,,,,SCMS from RDC,,Emtricitabine/Tenofovir Disoproxil Fumarate,Truvada,300/200mg,,,,,,,,,,,,114-UG-T01,SO-17754,DN-1125,PMO - US,From RDC,N/A - From RDC,Air,Pre-PQ Process,8-Apr-09,8-Apr-09,8-Apr-09,ARV,Adult,"Emtricitabine/Tenofovir Disoproxil Fumarate 200/300mg [Truvada], tablets, 30 Tabs",Tablet - FDC,30.0,328.0,8610.0,26.25,0.88,"Aspen-OSD, Port Elizabeth, SA",No,See DN-1125 (ID#:11298),See DN-1125 (ID#:11298),16.88,Pre-PQ Process
85113,104-CI-T30,FPQ-4659,SO-35560,DN-1799,Côte d'Ivoire,PMO - US,From RDC,N/A - From RDC,Air,12/8/09,N/A - From RDC,10-May-10,7-May-10,7-May-10,ARV,Adult,SCMS from RDC,"Lamivudine 150mg, tablets, 60 Tabs",Lamivudine,Generic,150mg,Tablet,60.0,9316.0,22731.04,2.44,0.04,"Strides, Bangalore, India.",No,See DN-1799 (ID#:84560),See DN-1799 (ID#:84560),49.01,,,,,,,,,,,,,,,,,,,,,,,,,,
86666,,,,,Nigeria,,,,,,N/A - From RDC,,,,,,SCMS from RDC,,Lamivudine/Nevirapine/Zidovudine,Generic,150/300/200mg,,,,,,,,,,,,151-NG-T30,SO-45660,DN-3619,PMO - US,From RDC,N/A - From RDC,Air Charter,5/6/2013,15-Apr-14,17-Apr-14,2-May-14,ARV,Adult,"Lamivudine/Nevirapine/Zidovudine 150/200/300mg, tablets, 60 Tabs",Tablet - FDC,60.0,37869.0,312797.94,8.26,0.14,Mylan (formerly Matrix) Nashik,No,See DN-3619 (ID#:86069),See DN-3619 (ID#:86069),386.93,FPQ-12248
47356,,FPQ-5303,,,South Africa,,,,,,3/19/2010,,,,,,Aurobindo Pharma Limited,,Nevirapine,Generic,10mg/ml,,,,,,,,,,,,161-ZA-T30,SCMS-68990,ASN-7181,PMO - US,Direct Drop,DDP,Air,3/18/2010,9-Jun-10,10-Jun-10,10-Jun-10,ARV,Pediatric,"Nevirapine 10mg/ml, oral suspension w/syringe, Bottle, 240 ml",Oral suspension,240.0,11980.0,37737.0,3.15,0.01,"Aurobindo Unit III, India",Yes,4621,4762.44,81.36,
47759,,FPQ-3896,,,Vietnam,,,,,,6/26/2009,,,,,,Aurobindo Pharma Limited,,Lamivudine/Zidovudine,Generic,150/300mg,,,,,,,,,,,,108-VN-T30,SCMS-48270,ASN-5131,PMO - US,Direct Drop,EXW,Air,6/25/2009,26-Oct-09,26-Oct-09,26-Oct-09,ARV,Adult,"Lamivudine/Zidovudine 150/300mg, tablets, 60 Tabs",Tablet - FDC,60.0,5964.0,51350.04,8.61,0.14,"Aurobindo Unit III, India",No,See ASN-5131 (ID#:25886),See ASN-5131 (ID#:25886),100.65,
85160,104-CI-T30,FPQ-5925,SO-37150,DN-2035,Côte d'Ivoire,PMO - US,From RDC,N/A - From RDC,Truck,6/23/10,N/A - From RDC,30-Nov-10,26-Nov-10,26-Nov-10,ARV,Pediatric,SCMS from RDC,"Zidovudine 10mg/ml, oral solution, Bottle, 240 ml",Zidovudine,Generic,10mg/ml,Oral solution,240.0,7483.0,15115.66,2.02,0.01,"Aurobindo Unit III, India",No,See DN-2035 (ID#:82356),See DN-2035 (ID#:82356),32.59,,,,,,,,,,,,,,,,,,,,,,,,,,
11951,104-CI-T01,Pre-PQ Process,SO-16223,DN-1112,Côte d'Ivoire,PMO - US,From RDC,N/A - From RDC,Air,Pre-PQ Process,N/A - From RDC,5-Mar-09,5-Mar-09,5-Mar-09,ARV,Pediatric,SCMS from RDC,"Stavudine 1mg/ml, powder for oral solution, 200 ml",Stavudine,Generic,1mg/ml,Oral solution,200.0,800.0,1120.0,1.4,0.01,"Aurobindo Unit III, India",Yes,77,1286,2.2,,,,,,,,,,,,,,,,,,,,,,,,,,
76189,,FPQ-5303,,,South Africa,,,,,,3/19/2010,,,,,,Aurobindo Pharma Limited,,Zidovudine,Generic,300mg,,,,,,,,,,,,161-ZA-T30,SCMS-69050,ASN-8509,PMO - US,Direct Drop,DDP,Air,3/18/2010,15-Dec-10,15-Dec-10,15-Dec-10,ARV,Adult,"Zidovudine 300mg, tablets, 60 Tabs",Tablet,60.0,75048.0,557606.64,7.43,0.12,"Aurobindo Unit III, India",Yes,4023,3315.23,1202.2,
83004,101-CD-T30,FPQ-8840,SO-41137,DN-2499,"Congo, DRC",PMO - US,From RDC,N/A - From RDC,Air,11/21/11,N/A - From RDC,16-Mar-12,14-Feb-12,14-Feb-12,ARV,Adult,SCMS from RDC,"Abacavir 300mg, tablets, 60 Tabs",Abacavir,Generic,300mg,Tablet,60.0,55.0,804.65,14.63,0.24,Mylan (formerly Matrix) Nashik,Yes,Weight Captured Separately,Invoiced Separately,1.13,,,,,,,,,,,,,,,,,,,,,,,,,,
11905,,,,,Zimbabwe,,,,,,N/A - From RDC,,,,,,SCMS from RDC,,Lamivudine/Nevirapine/Stavudine,Generic,150/200/30mg,,,,,,,,,,,,113-ZW-T01,SO-13991,DN-1015,PMO - US,From RDC,N/A - From RDC,Truck,Pre-PQ Process,19-Nov-08,19-Nov-08,19-Nov-08,ARV,Adult,"Lamivudine/Nevirapine/Stavudine 150/200/30mg, tablets, 60 Tabs",Tablet - FDC,60.0,76000.0,562400.0,7.4,0.12,"Cipla, Goa, India",No,See DN-1015 (ID#:11561),See DN-1015 (ID#:11561),1102.3,Pre-PQ Process
86135,,FPQ-14670,,,Namibia,,,,,,N/A - From RDC,,,,,,SCMS from RDC,,Lamivudine/Zidovudine,Generic,150/300mg,,,,,,,,,,,,901-NA-T30,SO-49560,DN-3907,PMO - US,From RDC,N/A - From RDC,Truck,7/30/2014,30-Sep-14,15-Sep-14,25-Sep-14,ARV,Adult,"Lamivudine/Zidovudine 150/300mg, tablets, 60 Tabs",Tablet - FDC,60.0,13337.0,86957.24,6.52,0.11,"Aurobindo Unit III, India",No,See DN-3907 (ID#:82729),See DN-3907 (ID#:82729),89.39,
84955,110-ZM-T30,FPQ-14162,SO-48671,DN-3839,Zambia,PMO - US,From RDC,N/A - From RDC,Truck,4/24/14,N/A - From RDC,30-Aug-14,25-Jul-14,31-Jul-14,ARV,Adult,SCMS from RDC,"Nevirapine 200mg, tablets, 60 Tabs",Nevirapine,Generic,200mg,Tablet,60.0,39132.0,86481.72,2.21,0.04,Hetero Unit III Hyderabad IN,Yes,2426,2413.89,88.9,,,,,,,,,,,,,,,,,,,,,,,,,,
66946,101-CD-T30,FPQ-13555,SCMS-234230,ASN-26408,"Congo, DRC",PMO - US,Direct Drop,EXW,Air,3/19/14,5/5/14,26-Aug-14,26-Aug-14,16-Sep-14,ARV,Adult,Aurobindo Pharma Limited,"Didanosine 250mg, delayed-release capsules, 30 Caps",Didanosine,Generic,250mg,Delayed-release capsules,30.0,100.0,758.0,7.58,0.25,"Aurobindo Unit III, India",Yes,9,734.66,0.78,,,,,,,,,,,,,,,,,,,,,,,,,,
5194,,,,,South Africa,,,,,,6/5/2009,,,,,,S. BUYS WHOLESALER,,Abacavir,Ziagen,300mg,,,,,,,,,,,,116-ZA-T01,SCMS-47050,ASN-4819,PMO - US,Direct Drop,DDP,Truck,Pre-PQ Process,12-Oct-09,21-Jul-09,21-Jul-09,ARV,Adult,"Abacavir 300mg [Ziagen], tablets, Blister 6 x 10 Tabs",Tablet - blister,60.0,30.0,1081.8,36.06,0.6,GSK Ware (UK),No,Weight Captured Separately,Freight Included in Commodity Cost,2.12,Pre-PQ Process
38157,111-MZ-T30,FPQ-8527,SCMS-130160,ASN-13822,Mozambique,PMO - US,Direct Drop,EXW,Air,10/5/11,12/29/11,2-May-12,2-May-12,2-May-12,HRDT,HIV test,"Orgenics, Ltd","HIV 1/2, Determine Complete HIV Kit, 100 Tests","HIV 1/2, Determine Complete HIV Kit",Determine,,Test kit,100.0,1133.0,90640.0,80.0,0.8,"Alere Medical Co., Ltd.",Yes,539,10925.46,149.56,,,,,,,,,,,,,,,,,,,,,,,,,,
84272,110-ZM-T30,FPQ-11032,SO-43830,DN-3203,Zambia,PMO - US,From RDC,N/A - From RDC,Truck,11/28/12,N/A - From RDC,18-Jul-13,23-Jul-13,23-Jul-13,ARV,Adult,SCMS from RDC,"Efavirenz/Emtricitabine/Tenofovir Disoproxil Fumarate 600/200/300mg, tablets, 30 Tabs",Efavirenz/Emtricitabine/Tenofovir Disoproxil Fumarate,Generic,600/200/300mg,Tablet - FDC,30.0,176213.0,2283720.48,12.96,0.43,Mylan (formerly Matrix) Nashik,Yes,19962,31401.08,2824.96,,,,,,,,,,,,,,,,,,,,,,,,,,
38111,,FPQ-15674,,,Uganda,,,,,,2/23/2015,,,,,,MYLAN LABORATORIES LTD (FORMERLY MATRIX LABORATORIES),,Atazanavir/Ritonavir,Generic,300/100mg,,,,,,,,,,,,114-UG-T30,SCMS-277510,ASN-32498,PMO - US,Direct Drop,EXW,Air,1/12/2015,20-Jun-15,20-Jun-15,23-Jun-15,ARV,Adult,"Atazanavir/Ritonavir 300/100mg, tablets, 30 Tabs",Tablet,30.0,12370.0,241215.0,19.5,0.65,Mylan (formerly Matrix) Nashik,Yes,1652,7172.9,283.91,
72922,,FPQ-12024,,,Tanzania,,,,,,5/22/2013,,,,,,"Standard Diagnostics, Inc.",,"HIV 1/2, Determine Complete HIV Kit",Determine,,,,,,,,,,,,,109-TZ-T30,SCMS-189130,ASN-20469,PMO - US,Direct Drop,EXW,Air,4/8/2013,20-Sep-13,20-Sep-13,20-Sep-13,HRDT,HIV test,"HIV 1/2, Determine Complete HIV Kit, 100 Tests",Test kit,100.0,3781.0,0.0,0.0,0.0,"Alere Medical Co., Ltd.",Yes,1642,25778.9,0.0,
6312,,Pre-PQ Process,,,Rwanda,,,,,,2/18/2009,,,,,,Premier Medical Corporation Ltd.,,"HIV 1/2/O, First Response HIV 1-2.0, v.3.0 Cards Kit",First Response,,,,,,,,,,,,,107-RW-T01,SCMS-38660,ASN-3458,PMO - US,Direct Drop,EXW,Air,Pre-PQ Process,28-Apr-09,11-Mar-09,11-Mar-09,HRDT,HIV test,"HIV 1/2/O, First Response HIV 1-2.0, v.3.0 Cards Kit, 30 Tests",Test kit,30.0,3912.0,88020.0,22.5,0.75,Premier Med. Corp Ltd. India,Yes,1320,15022.74,172.52,
11055,,,,,Uganda,,,,,,N/A - From RDC,,,,,,SCMS from RDC,,Lamivudine/Nevirapine/Zidovudine,Generic,150/300/200mg,,,,,,,,,,,,114-UG-T01,SO-31360,DN-1287,PMO - US,From RDC,N/A - From RDC,Air,Pre-PQ Process,22-Jun-09,22-Jun-09,22-Jun-09,ARV,Adult,"Lamivudine/Nevirapine/Zidovudine 150/200/300mg, tablets, 60 Tabs",Tablet - FDC,60.0,11216.0,127301.6,11.35,0.19,"Aurobindo Unit III, India",Yes,1894,13293.41,249.51,Pre-PQ Process
86596,102-BI-T30,FPQ-12602,SO-46021,DN-3283,Burundi,PMO - US,From RDC,N/A - From RDC,Air,7/9/13,N/A - From RDC,13-Oct-13,21-May-13,18-Nov-14,ARV,Adult,SCMS from RDC,"Nevirapine 200mg, tablets, 60 Tabs",Nevirapine,Generic,200mg,Tablet,60.0,63.0,142.38,2.26,0.04,Hetero Unit III Hyderabad IN,Yes,Weight Captured Separately,Invoiced Separately,0.18,,,,,,,,,,,,,,,,,,,,,,,,,,
62253,,FPQ-14628,,,Uganda,,,,,,9/4/2014,,,,,,"Trinity Biotech, Plc",,"HIV 1/2, Uni-Gold HIV Kit",Uni-Gold,,,,,,,,,,,,,200-UG-T30,SCMS-253230,ASN-28350,PMO - US,Direct Drop,EXW,Air,7/23/2014,14-Oct-14,14-Oct-14,15-Oct-14,HRDT,HIV test,"HIV 1/2, Uni-Gold HIV Kit, 20 Tests",Test kit,20.0,1903.0,60896.0,32.0,1.6,"Trinity Biotech, Plc",Yes,566,3603.93,62.6,
57513,,,,,Angola,,,,,,11/10/2010,,,,,,"Trinity Biotech, Plc",,"HIV 1/2, Uni-Gold HIV Kit",Uni-Gold,,,,,,,,,,,,,102-AO-T30,SCMS-91620,ASN-9640,PMO - US,Direct Drop,EXW,Air,10/28/2010,14-Apr-11,14-Apr-11,14-Apr-11,HRDT,HIV test,"HIV 1/2, Uni-Gold HIV Kit, 20 Tests",Test kit,20.0,500.0,16000.0,32.0,1.6,"Trinity Biotech, Plc",Yes,260,9597.9,34.5,FPQ-6434
46411,,FPQ-12135,,,Côte d'Ivoire,,,,,,5/21/2013,,,,,,"Orgenics, Ltd",,"HIV 1/2, Determine Complete HIV Kit",Determine,,,,,,,,,,,,,104-CI-T30,SCMS-188310,ASN-23737,PMO - US,Direct Drop,EXW,Air,4/18/2013,22-Jan-14,22-Jan-14,27-Jan-14,HRDT,HIV test,"HIV 1/2, Determine Complete HIV Kit, 100 Tests",Test kit,100.0,4400.0,352000.0,80.0,0.8,"Alere Medical Co., Ltd.",Yes,1808,23237.62,435.42,
71532,,FPQ-13555,,,"Congo, DRC",,,,,,5/27/2014,,,,,,Aurobindo Pharma Limited,,Nevirapine,Generic,50mg,,,,,,,,,,,,101-CD-T30,SCMS-241110,ASN-26614,PMO - US,Direct Drop,EXW,Air,3/19/2014,29-Aug-14,29-Aug-14,23-Sep-14,ARV,Pediatric,"Nevirapine 50mg, dispersible tablets (tablets for oral suspension), 30 Tabs",Chewable/dispersible tablet,30.0,240.0,312.0,1.3,0.04,"Aurobindo Unit III, India",Yes,30,1678.57,0.32,
66236,,FPQ-14254,,,Uganda,,,,,,5/20/2014,,,,,,"Trinity Biotech, Plc",,"HIV 1/2, Uni-Gold HIV Kit",Uni-Gold,,,,,,,,,,,,,114-UG-T30,SCMS-239750,ASN-26608,PMO - US,Direct Drop,EXW,Air,5/12/2014,26-Jun-14,26-Jun-14,28-Jun-14,HRDT,HIV test,"HIV 1/2, Uni-Gold HIV Kit, 20 Tests",Test kit,20.0,750.0,24000.0,32.0,1.6,"Trinity Biotech, Plc",Yes,242,1899.22,24.67,
85990,,FPQ-11884,,,Mozambique,,,,,,N/A - From RDC,,,,,,SCMS from RDC,,Zidovudine,Generic,10mg/ml,,,,,,,,,,,,111-MZ-T30,SO-44850,DN-3288,PMO - US,From RDC,N/A - From RDC,Truck,3/19/2013,27-Sep-13,27-Sep-13,27-Sep-13,ARV,Pediatric,"Zidovudine 10mg/ml, oral solution w/syringe, Bottle, 240 ml",Oral solution,240.0,13100.0,27510.0,2.1,0.01,"Aurobindo Unit III, India",Yes,5291,4044.33,34.03,
7398,,Pre-PQ Process,,,Côte d'Ivoire,,,,,,9/18/2008,,,,,,BIO-RAD LABORATORIES (FRANCE),,"HIV, Genie II HIV-1/HIV-2 Kit",Genie,,,,,,,,,,,,,104-CI-T01,SCMS-30410,ASN-2712,PMO - US,Direct Drop,EXW,Air,Pre-PQ Process,24-Nov-08,24-Nov-08,24-Nov-08,HRDT,HIV test,"#108853** HIV, Genie II HIV-1/HIV-2 Kit, 40 Tests",Test kit,40.0,603.0,45828.0,76.0,1.9,Bio-Rad Laboratories,Yes,679,9698.22,89.82,
11473,104-CI-T01,Pre-PQ Process,SO-1113,DN-385,Côte d'Ivoire,PMO - US,From RDC,N/A - From RDC,Air,Pre-PQ Process,N/A - From RDC,22-Oct-07,22-Oct-07,22-Oct-07,HRDT,HIV test - Ancillary,SCMS from RDC,"HIV, Lancet, Safety, for HIV Test kits, 100 Pcs","HIV, Lancet, Safety, for HIV Test kits, 100 Pcs",Generic,,Test kit - Ancillary,100.0,595.0,5.95,0.01,0.0,Inverness Japan,No,See DN-385 (ID#:11186),See DN-385 (ID#:11186),0.01,,,,,,,,,,,,,,,,,,,,,,,,,,
84528,,,,,Côte d'Ivoire,,,,,,N/A - From RDC,,,,,,SCMS from RDC,,Zidovudine,Generic,100mg,,,,,,,,,,,,104-CI-T30,SO-34410,DN-1662,PMO - US,From RDC,N/A - From RDC,Air,10/15/2009,9-Mar-10,1-Mar-10,1-Mar-10,ARV,Pediatric,"Zidovudine 100mg, capsules, 100 Caps",Capsule,100.0,2152.0,10760.0,5.0,0.05,"Aurobindo Unit III, India",No,See DN-1662 (ID#:83981),See DN-1662 (ID#:83981),21.09,FPQ-4378
60978,,,,,South Africa,,,,,,12/14/2010,,,,,,Aurobindo Pharma Limited,,Tenofovir Disoproxil Fumarate,Generic,300mg,,,,,,,,,,,,161-ZA-T30,SCMS-93530,ASN-9936,PMO - US,Direct Drop,DDP,Ocean,11/26/2010,7-Apr-11,7-Apr-11,7-Apr-11,ARV,Adult,"Tenofovir Disoproxil Fumarate 300mg, tablets, 30 Tabs",Tablet,30.0,76615.0,509489.75,6.65,0.22,"Aurobindo Unit III, India",Yes,Weight Captured Separately,Freight Included in Commodity Cost,840.66,FPQ-6708
59442,107-RW-T30,FPQ-10223,SCMS-152840,ASN-15742,Rwanda,PMO - US,Direct Drop,EXW,Air,7/5/12,7/16/12,6-Aug-12,6-Aug-12,6-Aug-12,ARV,Adult,Aurobindo Pharma Limited,"Lamivudine/Zidovudine 150/300mg, tablets, 60 Tabs",Lamivudine/Zidovudine,Generic,150/300mg,Tablet - FDC,60.0,35820.0,256113.0,7.15,0.12,"Aurobindo Unit III, India",Yes,3114,18779.99,359.07,,,,,,,,,,,,,,,,,,,,,,,,,,
35790,,,,,Uganda,,,,,,7/31/2013,,,,,,CIPLA LIMITED,,Lamivudine/Nevirapine/Zidovudine,Generic,150/300/200mg,,,,,,,,,,,,114-UG-T30,SCMS-198540,ASN-21766,PMO - US,Direct Drop,EXW,Air,7/8/2013,3-Oct-13,3-Oct-13,5-Oct-13,ARV,Adult,"Lamivudine/Nevirapine/Zidovudine 150/200/300mg, tablets, 60 Tabs",Tablet - FDC,60.0,114996.0,931467.6,8.1,0.13,"Cipla, Goa, India",Yes,15435,56180.34,1152.23,FPQ-12477
36816,,,,,Haiti,,,,,,7/12/2012,,,,,,Aurobindo Pharma Limited,,Stavudine,Generic,30mg,,,,,,,,,,,,106-HT-T30,SCMS-148410,ASN-15840,PMO - US,Direct Drop,EXW,Air,5/14/2012,16-Aug-12,16-Aug-12,16-Aug-12,ARV,Adult,"Stavudine 30mg, capsules, 60 Caps",Capsule,60.0,90.0,126.0,1.4,0.02,"Aurobindo Unit III, India",Yes,6,941.74,0.18,FPQ-9635
12031,,Pre-PQ Process,,,Nigeria,,,,,,N/A - From RDC,,,,,,SCMS from RDC,,Zidovudine,Generic,10mg/ml,,,,,,,,,,,,112-NG-T01,SO-340,DN-72,PMO - US,From RDC,N/A - From RDC,,Pre-PQ Process,17-Apr-07,17-Apr-07,17-Apr-07,ARV,Pediatric,"Zidovudine 10mg/ml, oral solution, Bottle, 240 ml",Oral solution,240.0,1200.0,2580.0,2.15,0.01,"Aurobindo Unit III, India",No,See DN-72 (ID#:11097),See DN-72 (ID#:11097),,
85654,114-UG-T30,FPQ-5014,SO-35870,DN-1654,Uganda,PMO - US,From RDC,N/A - From RDC,Air,1/29/10,N/A - From RDC,18-Mar-10,17-Mar-10,17-Mar-10,ARV,Adult,SCMS from RDC,"Lamivudine/Zidovudine 150/300mg, tablets, 60 Tabs",Lamivudine/Zidovudine,Generic,150/300mg,Tablet - FDC,60.0,3000.0,26280.0,8.76,0.15,Mylan (formerly Matrix) Nashik,No,See DN-1654 (ID#:82295),See DN-1654 (ID#:82295),56.66,,,,,,,,,,,,,,,,,,,,,,,,,,
12379,,Pre-PQ Process,,,Mozambique,,,,,,N/A - From RDC,,,,,,SCMS from RDC,,Zidovudine,Generic,10mg/ml,,,,,,,,,,,,111-MZ-T01,SO-502,DN-282,PMO - US,From RDC,N/A - From RDC,Air,Pre-PQ Process,10-Oct-07,10-Oct-07,10-Oct-07,ARV,Pediatric,"Zidovudine 10mg/ml, oral solution, Bottle, 240 ml",Oral solution,240.0,7750.0,30612.5,3.95,0.02,"Aurobindo Unit III, India",No,See DN-282 (ID#:11144),See DN-282 (ID#:11144),48.98,
50752,,FPQ-15006,,,Mali,,,,,,11/19/2014,,,,,,"Orgenics, Ltd",,"HIV 1/2, Determine Complete HIV Kit",Determine,,,,,,,,,,,,,103-ML-T30,SCMS-260740,ASN-30241,PMO - US,Direct Drop,EXW,Air,10/7/2014,18-Feb-15,18-Feb-15,25-Feb-15,HRDT,HIV test,"HIV 1/2, Determine Complete HIV Kit, 100 Tests",Test kit,100.0,150.0,12000.0,80.0,0.8,"Alere Medical Co., Ltd.",Yes,66,2572.91,12.34,
11860,106-HT-T01,Pre-PQ Process,SO-2596,DN-762,Haiti,PMO - US,From RDC,N/A - From RDC,Air,Pre-PQ Process,N/A - From RDC,18-Jun-08,18-Jun-08,18-Jun-08,ARV,Adult,SCMS from RDC,"Lopinavir/Ritonavir 200/50mg [Aluvia], tablets, 120 Tabs",Lopinavir/Ritonavir,Aluvia,200/50mg,Tablet,120.0,240.0,9864.0,41.1,0.34,ABBVIE Ludwigshafen Germany,Yes,52,1422.32,15.78,,,,,,,,,,,,,,,,,,,,,,,,,,
11315,,,,,Nigeria,,,,,,N/A - From RDC,,,,,,SCMS from RDC,,Lamivudine/Nevirapine/Zidovudine,Generic,150/300/200mg,,,,,,,,,,,,151-NG-T01,SO-22528,DN-1210,PMO - US,From RDC,N/A - From RDC,Air,Pre-PQ Process,14-May-09,14-May-09,14-May-09,ARV,Adult,"Lamivudine/Nevirapine/Zidovudine 150/200/300mg, tablets, 60 Tabs",Tablet - FDC,60.0,16698.0,190357.2,11.4,0.19,"Aurobindo Unit III, India",Yes,1901,18638.84,373.1,Pre-PQ Process
10353,,Pre-PQ Process,,,South Africa,,,,,,Date Not Captured,,,,,,S. BUYS WHOLESALER,,Lamivudine,Epivir,150mg,,,,,,,,,,,,116-ZA-T01,SCMS-41160,ASN-3760,PMO - US,Direct Drop,DDP,Air,Pre-PQ Process,1-Apr-09,26-Nov-08,26-Nov-08,ARV,Adult,"Lamivudine 150mg [Epivir], tablets, 60 Tabs",Tablet,60.0,2000.0,10460.0,5.23,0.09,GSK Cape Town Factory (South Africa),No,See ASN-3760 (ID#:5049),See ASN-3760 (ID#:5049),20.5,
68872,114-UG-T30,FPQ-9923,SCMS-149960,ASN-16320,Uganda,PMO - US,Direct Drop,EXW,Air,5/28/12,6/26/12,21-Sep-12,21-Sep-12,21-Sep-12,ARV,Adult,MYLAN LABORATORIES LTD (FORMERLY MATRIX LABORATORIES),"Atazanavir/Ritonavir 300/100mg, tablets, 30 Tabs",Atazanavir/Ritonavir,Generic,300/100mg,Tablet,30.0,1262.0,28395.0,22.5,0.75,Mylan (formerly Matrix) Nashik,Yes,173,935.89,39.81,,,,,,,,,,,,,,,,,,,,,,,,,,
65688,,FPQ-10249,,,Guyana,,,,,,7/26/2012,,,,,,"CHEMBIO DIAGNOSTIC SYSTEMS, INC.",,"HIV 1/2, Stat-Pak HIV, Kit",Stat-Pak,,,,,,,,,,,,,105-GY-T30,SCMS-153860,ASN-16350,PMO - US,Direct Drop,EXW,Air,7/5/2012,18-Sep-12,18-Sep-12,18-Sep-12,HRDT,HIV test,"HIV 1/2, Stat-Pak HIV, Kit, 20 Tests",Test kit,20.0,19.0,551.0,29.0,1.45,Chembio Diagnostics Sys. Inc.,Yes,5,296.52,0.77,
83446,,FPQ-5967,,,Ethiopia,,,,,,N/A - From RDC,,,,,,SCMS from RDC,,Lamivudine/Nevirapine/Stavudine,Generic,150/200/30mg,,,,,,,,,,,,117-ET-T30,SO-37102,DN-1952,PMO - US,From RDC,N/A - From RDC,Air,6/28/2010,21-Sep-10,14-Jul-10,14-Jul-10,ARV,Adult,"Lamivudine/Nevirapine/Stavudine 150/200/30mg, tablets, 60 Tabs",Tablet - FDC,60.0,3439.0,19705.47,5.73,0.1,"Strides, Bangalore, India.",No,See DN-1952 (ID#:82907),See DN-1952 (ID#:82907),42.48,
84525,,FPQ-4915,,,Guyana,,,,,,N/A - From RDC,,,,,,SCMS from RDC,,Zidovudine,Generic,300mg,,,,,,,,,,,,105-GY-T30,SO-35700,DN-1637,PMO - US,From RDC,N/A - From RDC,Air,1/14/2010,26-Feb-10,9-Feb-10,9-Feb-10,ARV,Adult,"Zidovudine 300mg, tablets, 60 Tabs",Tablet,60.0,1063.0,8004.39,7.53,0.13,"Aurobindo Unit III, India",No,See DN-1637 (ID#:84524),See DN-1637 (ID#:84524),17.26,
86049,,,,,Côte d'Ivoire,,,,,,N/A - From RDC,,,,,,SCMS from RDC,,Abacavir/Lamivudine,Generic,600/300mg,,,,,,,,,,,,104-CI-T30,SO-45650,DN-3556,PMO - US,From RDC,N/A - From RDC,Truck,4/22/2013,28-Feb-14,1-Mar-14,3-Apr-14,ARV,Adult,"Abacavir/Lamivudine 600/300mg, scored tablets, 30 Tabs",Tablet - FDC,30.0,611.0,8260.72,13.52,0.45,Mylan (formerly Matrix) Nashik,Yes,55,1335.15,10.22,FPQ-12144
82327,104-CI-T30,FPQ-4659,SO-35580,DN-1867,Côte d'Ivoire,PMO - US,From RDC,N/A - From RDC,Air,12/8/09,N/A - From RDC,28-Jun-10,21-Jun-10,21-Jun-10,ARV,Adult,SCMS from RDC,"Stavudine 20mg, capsules, 60 Caps",Stavudine,Generic,20mg,Capsule,60.0,1620.0,2316.6,1.43,0.02,"Aurobindo Unit III, India",No,See DN-1867 (ID#:82326),See DN-1867 (ID#:82326),4.99,,,,,,,,,,,,,,,,,,,,,,,,,,
10988,110-ZM-T01,Pre-PQ Process,SO-2495,DN-1006,Zambia,PMO - US,From RDC,N/A - From RDC,Truck,Pre-PQ Process,N/A - From RDC,1-Dec-08,1-Dec-08,1-Dec-08,ARV,Adult,SCMS from RDC,"Nevirapine 200mg, tablets, 60 Tabs",Nevirapine,Generic,200mg,Tablet,60.0,44432.0,151068.8,3.4,0.06,Hetero Unit III Hyderabad IN,Yes,2503,3629.37,296.09,,,,,,,,,,,,,,,,,,,,,,,,,,
10907,110-ZM-T01,Pre-PQ Process,SO-1028,DN-461,Zambia,PMO - US,From RDC,N/A - From RDC,,Pre-PQ Process,N/A - From RDC,25-Jan-08,25-Jan-08,25-Jan-08,ARV,Adult,SCMS from RDC,"Efavirenz 600mg, tablets, 30 Tabs",Efavirenz,Generic,600mg,Tablet,30.0,44135.0,548156.7,12.42,0.41,"Aurobindo Unit III, India",Yes,3801,13715.55,877.05,,,,,,,,,,,,,,,,,,,,,,,,,,
82365,,FPQ-6980,,,Ethiopia,,,,,,N/A - From RDC,,,,,,SCMS from RDC,,Zidovudine,Generic,10mg/ml,,,,,,,,,,,,117-ET-T30,SO-38290,DN-2088,PMO - US,From RDC,N/A - From RDC,Air,1/4/2011,21-Jan-11,12-Jan-11,12-Jan-11,ARV,Pediatric,"Zidovudine 10mg/ml, oral solution, Bottle, 240 ml",Oral solution,240.0,3000.0,6060.0,2.02,0.01,"Aurobindo Unit III, India",Yes,1190,6770.6,10.0,
12393,109-TZ-T01,Pre-PQ Process,SO-455,DN-290,Tanzania,PMO - US,From RDC,N/A - From RDC,,Pre-PQ Process,N/A - From RDC,10-Sep-07,10-Sep-07,10-Sep-07,ARV,Adult,SCMS from RDC,"Ritonavir 100mg [Norvir], capsules, cool, 4 x 84 Caps",Ritonavir,Norvir,100mg,Capsule,336.0,157.0,6022.52,38.36,0.11,ABBVIE (Abbott) Logis. UK,No,See DN-290 (ID#:10859),See DN-290 (ID#:10859),9.64,,,,,,,,,,,,,,,,,,,,,,,,,,
3848,,,,,Vietnam,,,,,,4/29/2009,,,,,,MYLAN LABORATORIES LTD (FORMERLY MATRIX LABORATORIES),,Efavirenz,Generic,600mg,,,,,,,,,,,,108-VN-T01,SCMS-45020,ASN-4403,PMO - US,Direct Drop,EXW,Air,Pre-PQ Process,3-Aug-09,3-Aug-09,3-Aug-09,ARV,Adult,"Efavirenz 600mg, tablets, 30 Tabs",Tablet,30.0,6552.0,42588.0,6.5,0.22,Mylan (formerly Matrix) Nashik,Yes,524,4453.71,83.47,Pre-PQ Process
86476,,FPQ-9472,,,Zambia,,,,,,N/A - From RDC,,,,,,SCMS from RDC,,Emtricitabine/Tenofovir Disoproxil Fumarate,Generic,200/300mg,,,,,,,,,,,,110-ZM-T30,SO-41701,DN-2665,PMO - US,From RDC,N/A - From RDC,Truck,3/8/2012,23-Aug-12,18-Jun-12,18-Jun-12,ARV,Adult,"Emtricitabine/Tenofovir Disoproxil Fumarate 200/300mg, tablets, 30 Tabs",Tablet - FDC,30.0,9400.0,75576.0,8.04,0.27,Mylan (formerly Matrix) Nashik,Yes,796,4496.13,105.96,
68680,,,,,Vietnam,,,,,,4/30/2014,,,,,,HETERO LABS LIMITED,,Efavirenz/Lamivudine/Tenofovir Disoproxil Fumarate,Generic,600/300/300mg,,,,,,,,,,,,108-VN-T30,SCMS-236120,ASN-27810,PMO - US,Direct Drop,EXW,Air,4/8/2014,16-Sep-14,16-Sep-14,4-Nov-14,ARV,Adult,"Efavirenz/Lamivudine/Tenofovir Disoproxil Fumarate 600/300/300mg, tablets, 30 Tabs",Tablet - FDC,30.0,17188.0,180474.0,10.5,0.35,Hetero Unit III Hyderabad IN,Yes,2388,3790.32,185.53,FPQ-13976
82507,,,,,Côte d'Ivoire,,,,,,N/A - From RDC,,,,,,SCMS from RDC,,Lamivudine/Zidovudine,Generic,150/300mg,,,,,,,,,,,,104-CI-T30,SO-42382,DN-2837,PMO - US,From RDC,N/A - From RDC,Truck,4/19/2012,13-Nov-12,5-Sep-12,5-Sep-12,ARV,Adult,"Lamivudine/Zidovudine 150/300mg, tablets, 60 Tabs",Tablet - FDC,60.0,84900.0,660522.0,7.78,0.13,Mylan (formerly Matrix) Nashik,Yes,18204,36194.84,926.05,FPQ-9749
74993,,FPQ-14942,,,South Africa,,,,,,3/9/2015,,,,,,PHARMACY DIRECT,,Etravirine,Intelence,100mg,,,,,,,,,,,,116-ZA-T30,SCMS-259074,ASN-31069,PMO - US,Direct Drop,DDP,Truck,9/11/2014,9-Mar-15,9-Mar-15,9-Mar-15,ARV,Adult,"Etravirine 100mg [Intelence], tablets, 120 Tabs",Tablet,120.0,41.0,1049.33,25.59,0.21,"Janssen-Cilag, Latina, IT",No,Weight Captured Separately,Freight Included in Commodity Cost,1.08,
18904,101-CD-T30,FPQ-12093,SCMS-189060,ASN-20777,"Congo, DRC",PMO - US,Direct Drop,FCA,Air,4/23/13,5/23/13,20-Nov-13,20-Nov-13,26-Nov-13,ARV,Pediatric,ABBVIE LOGISTICS (FORMERLY ABBOTT LOGISTICS BV),"Lopinavir/Ritonavir 80/20mg/ml [Kaletra], oral solution, cool, Bottle 5 x 60 ml",Lopinavir/Ritonavir,Kaletra,80/20mg/ml,Oral solution,300.0,30.0,924.6,30.82,0.1,ABBVIE (Abbott) Logis. UK,Yes,56,460.9,1.14,,,,,,,,,,,,,,,,,,,,,,,,,,
12207,,Pre-PQ Process,,,Kenya,,,,,,N/A - From RDC,,,,,,SCMS from RDC,,"HIV 1/2, Determine HIV Kit, without Lancets",Determine,,,,,,,,,,,,,102-KE-T01,SO-2692,DN-760,PMO - US,From RDC,N/A - From RDC,Truck,Pre-PQ Process,26-May-08,26-May-08,26-May-08,HRDT,HIV test,"HIV 1/2, Determine HIV Kit, without Lancets, 100 Tests",Test kit,100.0,1000.0,79990.0,79.99,0.8,Inverness Japan,Yes,Weight Captured Separately,Invoiced Separately,127.98,
11144,,,,,Mozambique,,,,,,N/A - From RDC,,,,,,SCMS from RDC,,Efavirenz,Generic,200mg,,,,,,,,,,,,111-MZ-T01,SO-502,DN-282,PMO - US,From RDC,N/A - From RDC,Air,Pre-PQ Process,10-Oct-07,10-Oct-07,10-Oct-07,ARV,Pediatric,"Efavirenz 200mg, capsule, 90 Caps",Capsule,90.0,400.0,6780.0,16.95,0.19,"Aurobindo Unit III, India",Yes,3340,3438.84,10.85,Pre-PQ Process
46010,,,,,Rwanda,,,,,,9/17/2010,,,,,,HETERO LABS LIMITED,,Nevirapine,Generic,200mg,,,,,,,,,,,,107-RW-T30,SCMS-84440,ASN-9044,PMO - US,Direct Drop,CIP,Air,9/3/2010,9-Dec-10,9-Dec-10,9-Dec-10,ARV,Adult,"Nevirapine 200mg, tablets, 60 Tabs",Tablet,60.0,63254.0,166990.56,2.64,0.04,Hetero Unit III Hyderabad IN,Yes,3700,Freight Included in Commodity Cost,360.03,FPQ-6185
65033,108-VN-T30,FPQ-16194,SCMS-285490,ASN-33146,Vietnam,PMO - US,Direct Drop,EXW,Air,4/14/15,5/13/15,7-Sep-15,7-Sep-15,7-Sep-15,ARV,Adult,HETERO LABS LIMITED,"Nevirapine 200mg, tablets, 60 Tabs",Nevirapine,Generic,200mg,Tablet,60.0,3000.0,6480.0,2.16,0.04,Hetero Unit III Hyderabad IN,No,See ASN-33146 (ID#:44860),See ASN-33146 (ID#:44860),7.63,,,,,,,,,,,,,,,,,,,,,,,,,,
465,102-NG-T01,Pre-PQ Process,SCMS-21540,ASN-2011,Nigeria,PMO - US,Direct Drop,EXW,Air,Pre-PQ Process,Date Not Captured,9-Jul-08,4-Jul-08,4-Jul-08,HRDT,HIV test - Ancillary,"Orgenics, Ltd","HIV, Lancet, Safety, for HIV Test kits, 100 Pcs","HIV, Lancet, Safety, for HIV Test kits, 100 Pcs",Generic,,Test kit - Ancillary,100.0,5498.0,54.98,0.01,0.0,Inverness Japan,Yes,Weight Captured Separately,Invoiced Separately,0.09,,,,,,,,,,,,,,,,,,,,,,,,,,
12184,,Pre-PQ Process,,,Zambia,,,,,,N/A - From RDC,,,,,,SCMS from RDC,,Lopinavir/Ritonavir,Kaletra,80/20mg/ml,,,,,,,,,,,,110-ZM-T01,SO-1884,DN-778,PMO - US,From RDC,N/A - From RDC,,Pre-PQ Process,19-Jun-08,19-Jun-08,19-Jun-08,ARV,Pediatric,"Lopinavir/Ritonavir 80/20mg/ml [Kaletra], oral solution, cool, Bottle 5 x 60 ml",Oral solution,300.0,1260.0,51786.0,41.1,0.14,ABBVIE (Abbott) Logis. UK,Yes,1185,2350.53,82.86,
84945,,,,,Zimbabwe,,,,,,N/A - From RDC,,,,,,SCMS from RDC,,Abacavir,Generic,20mg/ml,,,,,,,,,,,,102-ZW-T30,SO-49250,DN-3879,PMO - US,From RDC,N/A - From RDC,Truck,7/2/2014,25-Aug-14,12-Sep-14,13-Oct-14,ARV,Pediatric,"Abacavir 20mg/ml, [DON] oral solution, Bottle, 240 ml",Oral solution,240.0,301.0,0.0,0.0,0.0,"Aurobindo Unit III, India",Yes,Weight Captured Separately,Invoiced Separately,0.0,FPQ-14557
85246,,FPQ-8363,,,Côte d'Ivoire,,,,,,N/A - From RDC,,,,,,SCMS from RDC,,Abacavir,Generic,300mg,,,,,,,,,,,,104-CI-T30,SO-40822,DN-2601,PMO - US,From RDC,N/A - From RDC,Truck,8/29/2011,19-Apr-12,19-Apr-12,19-Apr-12,ARV,Adult,"Abacavir 300mg, tablets, 60 Tabs",Tablet,60.0,10440.0,152737.2,14.63,0.24,Mylan (formerly Matrix) Nashik,No,See DN-2601 (ID#:84156),See DN-2601 (ID#:84156),252.02,
49875,,FPQ-10944,,,Haiti,,,,,,12/5/2012,,,,,,REINBOLD EXPORT IMPORT,,"HIV 1/2, Determine Complete HIV Kit",Determine,,,,,,,,,,,,,106-HT-T30,SCMS-168390,ASN-17743,PMO - US,Direct Drop,DAP,Air,11/16/2012,20-Dec-12,20-Dec-12,20-Dec-12,HRDT,HIV test,"HIV 1/2, Determine Complete HIV Kit, 100 Tests",Test kit,100.0,4000.0,466000.0,116.5,1.16,"Alere Medical Co., Ltd.",Yes,Weight Captured Separately,Freight Included in Commodity Cost,576.44,
23340,,,,,Nigeria,,,,,,12/9/2011,,,,,,IDA FOUNDATION,,Sulfadoxine/Pyrimethamine,Generic,500/25mg,,,,,,,,,,,,123-NG-T30,SCMS-129160,ASN-13338,PMO - US,Direct Drop,EXW,Air,11/11/2011,9-Jan-12,9-Jan-12,9-Jan-12,ANTM,Malaria,"Sulfadoxine/Pyrimethamine 500/25mg, tablets, Blister 10 x 3 Tabs",Tablet - FDC + blister,30.0,300.0,477.0,1.59,0.05,"Micro Labs Ltd. (Brown & Burk), India",Yes,14,350.02,0.67,FPQ-8755
85714,,FPQ-5237,,,Tanzania,,,,,,N/A - From RDC,,,,,,SCMS from RDC,,Nevirapine,Generic,200mg,,,,,,,,,,,,109-TZ-T30,SO-37180,DN-2040,PMO - US,From RDC,N/A - From RDC,Truck,3/1/2010,30-Nov-10,3-Dec-10,3-Dec-10,ARV,Adult,"Nevirapine 200mg, tablets, 60 Tabs",Tablet,60.0,110000.0,283800.0,2.58,0.04,"Aurobindo Unit III, India",Yes,12543,1979.75,611.87,
12544,,Pre-PQ Process,,,Uganda,,,,,,N/A - From RDC,,,,,,SCMS from RDC,,Lamivudine/Nevirapine/Stavudine,Generic,150/200/30mg,,,,,,,,,,,,114-UG-T01,SO-17700,DN-992,PMO - US,From RDC,N/A - From RDC,Air,Pre-PQ Process,9-Jan-09,9-Jan-09,9-Jan-09,ARV,Adult,"Lamivudine/Nevirapine/Stavudine 150/200/30mg, tablets, 60 Tabs",Tablet - FDC,60.0,965.0,6948.0,7.2,0.12,"Strides, Bangalore, India.",No,See DN-992 (ID#:11602),See DN-992 (ID#:11602),13.62,
32026,,,,,Nigeria,,,,,,4/4/2011,,,,,,ABBVIE LOGISTICS (FORMERLY ABBOTT LOGISTICS BV),,Ritonavir,Norvir,100mg,,,,,,,,,,,,151-NG-T30,SCMS-105110,ASN-10989,PMO - US,Direct Drop,FCA,Air,2/28/2011,14-Jun-11,14-Jun-11,14-Jun-11,ARV,Adult,"Ritonavir 100mg [Norvir], film coated tablets, 60 Tabs",Tablet,60.0,448.0,3068.8,6.85,0.11,ABBVIE Ludwigshafen Germany,Yes,68,1123.14,5.06,FPQ-7218
72088,,FPQ-12522,,,South Africa,,,,,,8/13/2013,,,,,,S. BUYS WHOLESALER,,Zidovudine,Generic,300mg,,,,,,,,,,,,116-ZA-T30,SCMS-199280,ASN-24433,PMO - US,Direct Drop,DDP,Truck,7/11/2013,7-Feb-14,7-Feb-14,7-Feb-14,ARV,Adult,"Zidovudine 300mg, tablets, 60 Tabs",Tablet,60.0,12.0,325.33,27.11,0.45,Mylan (formerly Matrix) Nashik,No,Weight Captured Separately,Freight Included in Commodity Cost,0.4,
84119,,FPQ-7085,,,Zambia,,,,,,N/A - From RDC,,,,,,SCMS from RDC,,Nevirapine,Generic,200mg,,,,,,,,,,,,110-ZM-T30,SO-38743,DN-2396,PMO - US,From RDC,N/A - From RDC,Truck,2/3/2011,10-Dec-11,9-Dec-11,9-Dec-11,ARV,Adult,"Nevirapine 200mg, tablets, 60 Tabs",Tablet,60.0,108.0,271.08,2.51,0.04,Hetero Unit III Hyderabad IN,No,See DN-2396 (ID#:84117),See DN-2396 (ID#:84117),0.45,
83473,,FPQ-6484,,,Haiti,,,,,,N/A - From RDC,,,,,,SCMS from RDC,,Lamivudine,Generic,150mg,,,,,,,,,,,,106-HT-T30,SO-37760,DN-2073,PMO - US,From RDC,N/A - From RDC,Air,10/13/2010,20-Dec-10,5-Jan-11,5-Jan-11,ARV,Adult,"Lamivudine 150mg, tablets, 60 Tabs",Tablet,60.0,9009.0,20990.97,2.33,0.04,Hetero Unit III Hyderabad IN,No,See DN-2073 (ID#:82362),See DN-2073 (ID#:82362),45.26,
73986,,FPQ-12456,,,Nigeria,,,,,,7/10/2013,,,,,,"Orgenics, Ltd",,"HIV 1/2, Determine Complete HIV Kit",Determine,,,,,,,,,,,,,133-NG-T30,SCMS-196561,ASN-22353,PMO - US,Direct Drop,EXW,Air,6/10/2013,7-Nov-13,11-Nov-13,17-Nov-13,HRDT,HIV test,"HIV 1/2, Determine Complete HIV Kit, 100 Tests",Test kit,100.0,3041.0,270649.0,89.0,0.89,"Alere Medical Co., Ltd.",Yes,1235,21084.84,334.79,
85594,,FPQ-15259,,,Côte d'Ivoire,,,,,,N/A - From RDC,,,,,,SCMS from RDC,,Efavirenz,Generic,600mg,,,,,,,,,,,,104-CI-T30,SO-50100,DN-4255,PMO - US,From RDC,N/A - From RDC,Truck,10/24/2014,19-Jun-15,8-Jun-15,19-Jun-15,ARV,Adult,"Efavirenz 600mg, tablets, 30 Tabs",Tablet,30.0,45204.0,141036.48,3.12,0.1,"Strides, Bangalore, India.",No,See DN-4255 (ID#:83911),See DN-4255 (ID#:83911),166.0,
21000,,,,,Haiti,,,,,,5/28/2014,,,,,,ABBVIE LOGISTICS (FORMERLY ABBOTT LOGISTICS BV),,Lopinavir/Ritonavir,Generic,100/25mg,,,,,,,,,,,,106-HT-T30,SCMS-240120,ASN-26692,PMO - US,Direct Drop,FCA,Air,5/11/2014,9-Sep-14,9-Sep-14,10-Sep-14,ARV,Pediatric,"Lopinavir/Ritonavir 100/25mg [Aluvia], tablets, 60 Tabs",Tablet,60.0,520.0,3088.8,5.94,0.1,ABBVIE Ludwigshafen Germany,Yes,65,892.5,3.18,FPQ-14083
37152,114-UG-T30,FPQ-4320,SCMS-58160,ASN-5935,Uganda,PMO - US,Direct Drop,EXW,Air,11/16/09,11/25/09,2-Feb-10,2-Feb-10,2-Feb-10,ARV,Pediatric,EMCURE PHARMACEUTICALS LTD,"Atazanavir 150mg, capsules, 60 Caps",Atazanavir,Generic,150mg,Capsule,60.0,240.0,6261.6,26.09,0.43,"Emcure Plot No.P-2, I.T-B.T. Park, Phase II, MIDC, Hinjwadi, Pune, India",Yes,25,915.09,12.27,,,,,,,,,,,,,,,,,,,,,,,,,,
11988,,Pre-PQ Process,,,Haiti,,,,,,N/A - From RDC,,,,,,SCMS from RDC,,Nevirapine,Generic,200mg,,,,,,,,,,,,106-HT-T01,SO-24851,DN-1283,PMO - US,From RDC,N/A - From RDC,Air,Pre-PQ Process,25-Jun-09,25-Jun-09,25-Jun-09,ARV,Adult,"Nevirapine 200mg, tablets, 60 Tabs",Tablet,60.0,18750.0,56250.0,3.0,0.05,Hetero Unit III Hyderabad IN,Yes,111,12448.02,110.25,
86095,,FPQ-13679,,,Zambia,,,,,,N/A - From RDC,,,,,,SCMS from RDC,,Lamivudine/Tenofovir Disoproxil Fumarate,Generic,300/300mg,,,,,,,,,,,,100-ZM-T30,SO-48020,DN-3754,PMO - US,From RDC,N/A - From RDC,Truck,2/2/2014,30-Jun-14,4-Jul-14,8-Sep-14,ARV,Adult,"Lamivudine/Tenofovir Disoproxil Fumarate 300/300mg, tablets, 30 Tabs",Tablet - FDC,30.0,29440.0,138368.0,4.7,0.16,"Aurobindo Unit VII, IN",Yes,2438,5236.92,142.24,
25230,,FPQ-7175,,,South Africa,,,,,,3/24/2011,,,,,,Aurobindo Pharma Limited,,Efavirenz,Generic,600mg,,,,,,,,,,,,161-ZA-T30,SCMS-103330,ASN-11045,PMO - US,Direct Drop,DDP,Ocean,3/10/2011,2-Sep-11,2-Sep-11,2-Sep-11,ARV,Adult,"Efavirenz 600mg, tablets, 30 Tabs",Tablet,30.0,174500.0,786995.0,4.51,0.15,"Aurobindo Unit III, India",Yes,14833,21555.16,1298.54,
85806,,FPQ-7052,,,Zimbabwe,,,,,,N/A - From RDC,,,,,,SCMS from RDC,,Efavirenz,Generic,600mg,,,,,,,,,,,,113-ZW-T30,SO-38521,DN-2441,PMO - US,From RDC,N/A - From RDC,Truck,1/19/2011,7-Dec-11,9-Dec-11,9-Dec-11,ARV,Adult,"Efavirenz 600mg, tablets, 30 Tabs",Tablet,30.0,6392.0,26335.04,4.12,0.14,Mylan (formerly Matrix) Nashik,No,See DN-2441 (ID#:82993),See DN-2441 (ID#:82993),43.45,
85234,101-CD-T30,FPQ-8840,SO-41388,DN-2529,"Congo, DRC",PMO - US,From RDC,N/A - From RDC,Air,11/21/11,N/A - From RDC,22-Mar-12,22-Mar-12,22-Mar-12,ARV,Adult,SCMS from RDC,"Lamivudine 150mg, tablets, 60 Tabs",Lamivudine,Generic,150mg,Tablet,60.0,73.0,170.09,2.33,0.04,Hetero Unit III Hyderabad IN,Yes,5,491.43,0.24,,,,,,,,,,,,,,,,,,,,,,,,,,
61783,109-TZ-T30,FPQ-12540,SCMS-198801,ASN-21504,Tanzania,PMO - US,Direct Drop,EXW,Ocean,7/3/13,8/27/13,23-Oct-13,23-Oct-13,23-Oct-13,ARV,Adult,MYLAN LABORATORIES LTD (FORMERLY MATRIX LABORATORIES),"Efavirenz/Emtricitabine/Tenofovir Disoproxil Fumarate 600/200/300mg, tablets, 30 Tabs",Efavirenz/Emtricitabine/Tenofovir Disoproxil Fumarate,Generic,600/200/300mg,Tablet - FDC,30.0,65763.0,821379.87,12.49,0.42,Mylan (formerly Matrix) Nashik,Yes,8182,7814.59,1016.05,,,,,,,,,,,,,,,,,,,,,,,,,,
7338,,Pre-PQ Process,,,Côte d'Ivoire,,,,,,9/3/2008,,,,,,IDA FOUNDATION,,Artesunate+Amodiaquine,Generic,50+153mg,,,,,,,,,,,,104-CI-T01,SCMS-29330,ASN-2923,PMO - US,Direct Drop,EXW,Air,Pre-PQ Process,23-Jan-09,23-Jan-09,23-Jan-09,ACT,ACT,"Artesunate+Amodiaquine 50+153mg, tablets, co-blister 12+12 Tabs",Tablet - FDC + co-blister,24.0,25000.0,17500.0,0.7,0.03,Ipca Dadra/Nagar Haveli IN,Yes,634,8530.29,34.3,
82640,107-RW-T30,FPQ-12766,SO-46483,DN-3497,Rwanda,PMO - US,From RDC,N/A - From RDC,Truck,8/2/13,N/A - From RDC,31-Jan-14,3-Feb-14,24-Feb-14,ARV,Adult,SCMS from RDC,"Lamivudine/Tenofovir Disoproxil Fumarate 300/300mg, tablets, 30 Tabs",Lamivudine/Tenofovir Disoproxil Fumarate,Generic,300/300mg,Tablet - FDC,30.0,29993.0,140967.1,4.7,0.16,"Aurobindo Unit VII, IN",Yes,4883,7708.3,174.38,,,,,,,,,,,,,,,,,,,,,,,,,,
5049,116-ZA-T01,Pre-PQ Process,SCMS-41160,ASN-3760,South Africa,PMO - US,Direct Drop,DDP,Air,Pre-PQ Process,Date Not Captured,1-Apr-09,26-Nov-08,26-Nov-08,ARV,Adult,S. BUYS WHOLESALER,"Zidovudine 300mg [Retrovir], tablets, 60 Tabs",Zidovudine,Retrovir,300mg,Tablet,60.0,500.0,6555.0,13.11,0.22,GSK Aranda,Yes,Weight Captured Separately,1521.4,12.85,,,,,,,,,,,,,,,,,,,,,,,,,,
79841,,,,,Rwanda,,,,,,3/9/2012,,,,,,CIPLA LIMITED,,Lamivudine,Generic,10mg/ml,,,,,,,,,,,,107-RW-T30,SCMS-129510,ASN-15328,PMO - US,Direct Drop,CIP,Air,11/30/2011,28-Jun-12,28-Jun-12,28-Jun-12,ARV,Pediatric,"Lamivudine 10mg/ml, oral solution, Bottle, 240 ml",Oral solution,240.0,7420.0,14469.0,1.95,0.01,"Cipla, Goa, India",No,See ASN-15328 (ID#:46005),See ASN-15328 (ID#:46005),20.29,FPQ-8741
16099,,,,,South Africa,,,,,,9/24/2010,,,,,,Aurobindo Pharma Limited,,Efavirenz,Generic,200mg,,,,,,,,,,,,161-ZA-T30,SCMS-83790,ASN-10250,PMO - US,Direct Drop,DDP,Ocean,8/31/2010,1-Feb-11,3-May-11,3-May-11,ARV,Pediatric,"Efavirenz 200mg, capsule, 90 Caps",Capsule,90.0,1515.0,15119.7,9.98,0.11,"Aurobindo Unit III, India",Yes,201,4134.92,32.6,FPQ-6262
27026,161-ZA-T30,FPQ-5303,SCMS-68720,ASN-7537,South Africa,PMO - US,Direct Drop,DDP,Air,3/18/10,3/19/10,19-Jul-10,29-Jul-10,29-Jul-10,ARV,Adult,CIPLA LIMITED,"Tenofovir Disoproxil Fumarate 300mg, tablets, 30 Tabs",Tenofovir Disoproxil Fumarate,Generic,300mg,Tablet,30.0,2016.0,15765.12,7.82,0.26,"Cipla, Goa, India",Yes,136,1881.24,33.99,,,,,,,,,,,,,,,,,,,,,,,,,,
16473,109-TZ-T30,FPQ-6936,SCMS-100631,ASN-10904,Tanzania,PMO - US,Direct Drop,EXW,Air,12/27/10,5/2/11,14-Jul-11,14-Jul-11,14-Jul-11,HRDT,HIV test,"Standard Diagnostics, Inc.","HIV 1/2, Bioline 3.0 Kit, Lancets, Capillary pipets, Alcohol swabs included, 25 Tests","HIV 1/2, Bioline 3.0 Kit, Lancets, Capillary pipets, Alcohol swabs included",Bioline,,Test kit,25.0,10000.0,200000.0,20.0,0.8,"Standard Diagnostics, Korea",Yes,3335,23650.43,330.0,,,,,,,,,,,,,,,,,,,,,,,,,,
85136,,FPQ-5023,,,Nigeria,,,,,,N/A - From RDC,,,,,,SCMS from RDC,,Emtricitabine/Tenofovir Disoproxil Fumarate,Generic,200/300mg,,,,,,,,,,,,151-NG-T30,SO-36411,DN-1966,PMO - US,From RDC,N/A - From RDC,Air Charter,2/10/2010,9-Aug-10,17-Aug-10,17-Aug-10,ARV,Adult,"Emtricitabine/Tenofovir Disoproxil Fumarate 200/300mg, tablets, 30 Tabs",Tablet - FDC,30.0,3000.0,35250.0,11.75,0.39,Mylan (formerly Matrix) Nashik,Yes,270,6147.18,76.0,
32313,,FPQ-6185,,,Rwanda,,,,,,9/27/2010,,,,,,Aurobindo Pharma Limited,,Didanosine,Generic,400mg,,,,,,,,,,,,107-RW-T30,SCMS-84400,ASN-10663,PMO - US,Direct Drop,CIP,Air,9/3/2010,25-Apr-11,25-Apr-11,25-Apr-11,ARV,Adult,"Didanosine 400mg, delayed-release capsules, 30 Caps",Delayed-release capsules,30.0,595.0,12048.75,20.25,0.68,"Aurobindo Unit III, India",Yes,87,255,25.98,
11970,104-CI-T01,Pre-PQ Process,SO-27520,DN-1234,Côte d'Ivoire,PMO - US,From RDC,N/A - From RDC,Air,Pre-PQ Process,N/A - From RDC,11-Jun-09,11-Jun-09,11-Jun-09,ARV,Pediatric,SCMS from RDC,"Efavirenz 200mg, capsule, 90 Caps",Efavirenz,Generic,200mg,Capsule,90.0,1680.0,25636.8,15.26,0.17,"Aurobindo Unit III, India",Yes,3337,9936.96,50.25,,,,,,,,,,,,,,,,,,,,,,,,,,
82159,,FPQ-16553,,,Nigeria,,,,,,8/4/2015,,,,,,CIPLA LIMITED,,Abacavir,Generic,60mg,,,,,,,,,,,,151-NG-T30,SCMS-296460,ASN-33764,PMO - US,Direct Drop,EXW,Air,7/7/2015,31-Aug-15,31-Aug-15,9-Sep-15,ARV,Pediatric,"Abacavir 60mg, dispersible tablets, 60 Tabs",Chewable/dispersible tablet,60.0,800.0,3600.0,4.5,0.08,"Cipla, Patalganga, India",Yes,Weight Captured Separately,Invoiced Separately,4.24,
11531,,Pre-PQ Process,,,Zambia,,,,,,N/A - From RDC,,,,,,SCMS from RDC,,Efavirenz,Generic,600mg,,,,,,,,,,,,110-ZM-T01,SO-1895,DN-824,PMO - US,From RDC,N/A - From RDC,Truck,Pre-PQ Process,23-Jul-08,23-Jul-08,23-Jul-08,ARV,Adult,"Efavirenz 600mg, tablets, 30 Tabs",Tablet,30.0,45000.0,540450.0,12.01,0.4,Mylan (formerly Matrix) Nashik,Yes,3457,1934.31,864.72,
12214,,,,,Côte d'Ivoire,,,,,,N/A - From RDC,,,,,,SCMS from RDC,,Lamivudine/Stavudine,Generic,150/30mg,,,,,,,,,,,,104-CI-T01,SO-16200,DN-1046,PMO - US,From RDC,N/A - From RDC,Air,Pre-PQ Process,10-Feb-09,10-Feb-09,10-Feb-09,ARV,Adult,"Lamivudine/Stavudine 150/30mg, tablets, 60 Tabs",Tablet - FDC,60.0,21360.0,83304.0,3.9,0.06,Mylan (formerly Matrix) Nashik,Yes,1567,21821.95,163.28,Pre-PQ Process
9936,,Pre-PQ Process,,,South Africa,,,,,,Date Not Captured,,,,,,S. BUYS WHOLESALER,,Zidovudine,Retrovir,300mg,,,,,,,,,,,,116-ZA-T01,SCMS-28830,ASN-2502,PMO - US,Direct Drop,DDP,Truck,Pre-PQ Process,25-Aug-08,18-Aug-08,18-Aug-08,ARV,Adult,"Zidovudine 300mg [Retrovir], tablets, 60 Tabs",Tablet,60.0,550.0,6820.0,12.4,0.21,GSK Aranda,No,Weight Captured Separately,Freight Included in Commodity Cost,10.91,
10918,,Pre-PQ Process,,,Ethiopia,,,,,,N/A - From RDC,,,,,,SCMS from RDC,,Tenofovir Disoproxil Fumarate,Viread,300mg,,,,,,,,,,,,117-ET-T01,SO-1514,DN-518,PMO - US,From RDC,N/A - From RDC,Air,Pre-PQ Process,20-Dec-07,20-Dec-07,20-Dec-07,ARV,Adult,"Tenofovir Disoproxil Fumarate 300mg [Viread], tablets, 30 Tabs",Tablet,30.0,1184.0,20128.0,17.0,0.57,Gilead(Nycomed) Oranienburg DE,Yes,49,639.75,32.2,
85558,113-ZW-T30,FPQ-14458,SO-49170,DN-4112,Zimbabwe,PMO - US,From RDC,N/A - From RDC,Truck,6/13/14,N/A - From RDC,6-Mar-15,6-Feb-15,6-Feb-15,ARV,Adult,SCMS from RDC,"Efavirenz/Lamivudine/Tenofovir Disoproxil Fumarate 600/300/300mg, tablets, 30 Tabs",Efavirenz/Lamivudine/Tenofovir Disoproxil Fumarate,Generic,600/300/300mg,Tablet - FDC,30.0,74346.0,725616.96,9.76,0.33,Hetero Unit III Hyderabad IN,No,See DN-4112 (ID#:84448),See DN-4112 (ID#:84448),745.93,,,,,,,,,,,,,,,,,,,,,,,,,,
86441,,,,,"Congo, DRC",,,,,,N/A - From RDC,,,,,,SCMS from RDC,,Nevirapine,Generic,200mg,,,,,,,,,,,,101-CD-T30,SO-41135,DN-2497,PMO - US,From RDC,N/A - From RDC,Air,11/21/2011,16-Mar-12,14-Feb-12,14-Feb-12,ARV,Adult,"Nevirapine 200mg, tablets, 60 Tabs",Tablet,60.0,21.0,54.18,2.58,0.04,"Strides, Bangalore, India.",No,See DN-2497 (ID#:82435),See DN-2497 (ID#:82435),0.08,FPQ-8840
14323,105-DO-T30,FPQ-7858,SCMS-117380,ASN-12145,Dominican Republic,PMO - US,Direct Drop,EXW,Air,6/21/11,8/3/11,27-Sep-11,27-Sep-11,27-Sep-11,HRDT,HIV test,"Standard Diagnostics, Inc.","HIV 1/2, Bioline 3.0 Kit, 100 Tests","HIV 1/2, Bioline 3.0 Kit",Bioline,,Test kit,100.0,112.0,8400.0,75.0,0.75,"Standard Diagnostics, Korea",No,See ASN-12145 (ID#:13696),See ASN-12145 (ID#:13696),13.86,,,,,,,,,,,,,,,,,,,,,,,,,,
84199,,,,,Nigeria,,,,,,N/A - From RDC,,,,,,SCMS from RDC,,Lamivudine/Zidovudine,Generic,150/300mg,,,,,,,,,,,,151-NG-T30,SO-42681,DN-2900,PMO - US,From RDC,N/A - From RDC,Air,5/23/2012,6-Nov-12,6-Nov-12,6-Nov-12,ARV,Adult,"Lamivudine/Zidovudine 150/300mg, tablets, 60 Tabs",Tablet - FDC,60.0,88403.0,682471.16,7.72,0.13,Hetero Unit III Hyderabad IN,Yes,9421,15459.1,956.82,FPQ-9968
84592,104-CI-T30,FPQ-5623,SO-36880,DN-2011,Côte d'Ivoire,PMO - US,From RDC,N/A - From RDC,Air,5/7/10,N/A - From RDC,30-Sep-10,25-Sep-10,25-Sep-10,ARV,Adult,SCMS from RDC,"Stavudine 20mg, capsules, 60 Caps",Stavudine,Generic,20mg,Capsule,60.0,540.0,772.2,1.43,0.02,"Aurobindo Unit III, India",No,See DN-2011 (ID#:82350),See DN-2011 (ID#:82350),1.66,,,,,,,,,,,,,,,,,,,,,,,,,,
85229,101-CD-T30,FPQ-8840,SO-41145,DN-2509,"Congo, DRC",PMO - US,From RDC,N/A - From RDC,Air,11/21/11,N/A - From RDC,16-Mar-12,13-Apr-12,13-Apr-12,ARV,Adult,SCMS from RDC,"Lamivudine/Tenofovir Disoproxil Fumarate 300/300mg, tablets, 30 Tabs",Lamivudine/Tenofovir Disoproxil Fumarate,Generic,300/300mg,Tablet - FDC,30.0,19.0,115.52,6.08,0.2,Mylan (formerly Matrix) Nashik,No,See DN-2509 (ID#:82441),See DN-2509 (ID#:82441),0.16,,,,,,,,,,,,,,,,,,,,,,,,,,
82486,,,,,Uganda,,,,,,N/A - From RDC,,,,,,SCMS from RDC,,Efavirenz,Generic,600mg,,,,,,,,,,,,900-UG-T30,SO-42580,DN-2724,PMO - US,From RDC,N/A - From RDC,Air,6/6/2012,5-Jul-12,16-Jul-12,16-Jul-12,ARV,Adult,"Efavirenz 600mg, tablets, 30 Tabs",Tablet,30.0,45840.0,179234.4,3.91,0.13,"Strides, Bangalore, India.",Yes,5486,27321.52,251.29,FPQ-10048
13766,108-VN-T30,FPQ-14516,SCMS-249050,ASN-29376,Vietnam,PMO - US,Direct Drop,EXW,Air,7/9/14,8/11/14,17-Dec-14,17-Dec-14,17-Dec-14,ARV,Adult,HETERO LABS LIMITED,"Tenofovir Disoproxil Fumarate 300mg, tablets, 30 Tabs",Tenofovir Disoproxil Fumarate,Generic,300mg,Tablet,30.0,4000.0,14200.0,3.55,0.12,Hetero Unit III Hyderabad IN,Yes,Weight Captured Separately,Invoiced Separately,14.6,,,,,,,,,,,,,,,,,,,,,,,,,,
57876,116-ZA-T30,FPQ-3596,SCMS-50360,ASN-5451,South Africa,PMO - US,Direct Drop,DDP,Truck,5/7/09,9/22/09,29-Oct-09,29-Oct-09,29-Oct-09,ARV,Adult,S. BUYS WHOLESALER,"Lamivudine 150mg, tablets, 60 Tabs",Lamivudine,Generic,150mg,Tablet,60.0,8146.0,79058.92,9.71,0.16,"Aurobindo Unit III, India",No,Weight Captured Separately,Freight Included in Commodity Cost,154.96,,,,,,,,,,,,,,,,,,,,,,,,,,
82626,,,,,Zimbabwe,,,,,,N/A - From RDC,,,,,,SCMS from RDC,,Lamivudine/Nevirapine/Zidovudine,Generic,30/50/60mg,,,,,,,,,,,,103-ZW-T30,SO-45130,DN-3457,PMO - US,From RDC,N/A - From RDC,Truck,4/19/2013,31-Jan-14,13-Jan-14,23-Jan-14,ARV,Pediatric,"Lamivudine/Nevirapine/Zidovudine 30/50/60mg, dispersible tablets, 60 Tabs",Chewable/dispersible tablet - FDC,60.0,92045.0,358055.05,3.89,0.06,"Strides, Bangalore, India.",Yes,5103,11604.57,442.91,FPQ-12086
4100,,Pre-PQ Process,,,Côte d'Ivoire,,,,,,9/18/2007,,,,,,"CHEMBIO DIAGNOSTIC SYSTEMS, INC.",,"HIV 1/2, Stat-Pak HIV, Kit",Stat-Pak,,,,,,,,,,,,,104-CI-T01,SCMS-12370,ASN-823,PMO - US,Direct Drop,EXW,Air,Pre-PQ Process,25-Oct-07,25-Oct-07,25-Oct-07,HRDT,HIV test,"HIV 1/2, Stat-Pak HIV, Kit, 20 Tests",Test kit,20.0,250.0,6750.0,27.0,1.35,Chembio Diagnostics Sys. Inc.,Yes,68,1711.86,10.8,
84561,,FPQ-4659,,,Côte d'Ivoire,,,,,,N/A - From RDC,,,,,,SCMS from RDC,,Lamivudine,Generic,150mg,,,,,,,,,,,,104-CI-T30,SO-35560,DN-1799,PMO - US,From RDC,N/A - From RDC,Air,12/8/2009,10-May-10,7-May-10,7-May-10,ARV,Adult,"Lamivudine 150mg, tablets, 60 Tabs",Tablet,60.0,5664.0,13820.16,2.44,0.04,"Aurobindo Unit III, India",No,See DN-1799 (ID#:84560),See DN-1799 (ID#:84560),29.8,
16097,109-TZ-T30,FPQ-3782,SCMS-47770,ASN-5364,Tanzania,PMO - US,Direct Drop,CIP,Air,6/11/09,6/29/09,27-Nov-09,27-Nov-09,27-Nov-09,ARV,Adult,BRISTOL-MYERS SQUIBB,"Didanosine EC 250mg [Videx EC], delayed-release capsules, Blister 3 x 10 Caps",Didanosine EC,Videx EC,250mg,Delayed-release capsules - blister,30.0,18544.0,340096.96,18.34,0.61,"BMS Meymac, France",Yes,1478,1312.2,666.59,,,,,,,,,,,,,,,,,,,,,,,,,,
84385,,FPQ-13628,,,Côte d'Ivoire,,,,,,N/A - From RDC,,,,,,SCMS from RDC,,Lamivudine/Zidovudine,Generic,30/60mg,,,,,,,,,,,,104-CI-T30,SO-47870,DN-3799,PMO - US,From RDC,N/A - From RDC,Truck,1/29/2014,15-Jul-14,9-Jul-14,7-Aug-14,ARV,Pediatric,"Lamivudine/Zidovudine 30/60mg, tablets, 60 Tabs",Tablet - FDC,60.0,7303.0,14532.97,1.99,0.03,Mylan (formerly Matrix) Nashik,Yes,277,2286.63,14.94,
82389,113-ZW-T30,FPQ-6470,SO-37841,DN-2282,Zimbabwe,PMO - US,From RDC,N/A - From RDC,Truck,10/13/10,N/A - From RDC,15-Aug-11,11-Aug-11,11-Aug-11,ARV,Adult,SCMS from RDC,"Lamivudine/Nevirapine/Stavudine 150/200/30mg, tablets, 60 Tabs",Lamivudine/Nevirapine/Stavudine,Generic,150/200/30mg,Tablet - FDC,60.0,51722.0,278264.36,5.38,0.09,"Cipla, Goa, India",Yes,9134,16064.09,599.94,,,,,,,,,,,,,,,,,,,,,,,,,,
64021,,,,,Botswana,,,,,,8/2/2012,,,,,,"SHANGHAI KEHUA BIOENGINEERING CO.,LTD.  (KHB)",,"HIV 1/2, Colloidal Gold, Diagnostic Kit, Antibody",Colloidal Gold,,,,,,,,,,,,,102-BW-T30,SCMS-155780,ASN-16044,PMO - US,Direct Drop,EXW,Air,7/27/2012,10-Sep-12,10-Sep-12,10-Sep-12,HRDT,HIV test,"HIV 1/2, SKB Colloidal Gold, Diagnostic Kit, Antibody, 50 Tests",Test kit,1.0,1600.0,39200.0,24.5,24.5,"KHB Test Kit Facility, Shanghai China",Yes,1111,8542.94,54.96,FPQ-10435
49796,116-ZA-T30,FPQ-15269,SCMS-267020,ASN-29764,South Africa,PMO - US,Direct Drop,DDP,Truck,10/29/14,12/10/14,10-Dec-14,10-Dec-14,10-Dec-14,ARV,Pediatric,S. BUYS WHOLESALER,"Abacavir 20mg/ml, oral solution, Bottle, 240 ml",Abacavir,Generic,20mg/ml,Oral solution,240.0,191.0,4145.72,21.71,0.09,"Aurobindo Unit III, India",No,Weight Captured Separately,Freight Included in Commodity Cost,4.88,,,,,,,,,,,,,,,,,,,,,,,,,,
85076,114-UG-T30,FPQ-4470,SO-34010,DN-1548,Uganda,PMO - US,From RDC,N/A - From RDC,Air,8/17/09,N/A - From RDC,30-Nov-09,2-Dec-09,2-Dec-09,ARV,Adult,SCMS from RDC,"Efavirenz 600mg, tablets, 30 Tabs",Efavirenz,Generic,600mg,Tablet,30.0,5000.0,28900.0,5.78,0.19,"Aurobindo Unit III, India",Yes,907,9044.65,56.64,,,,,,,,,,,,,,,,,,,,,,,,,,
83560,,FPQ-8840,,,"Congo, DRC",,,,,,N/A - From RDC,,,,,,SCMS from RDC,,Lamivudine/Tenofovir Disoproxil Fumarate,Generic,300/300mg,,,,,,,,,,,,101-CD-T30,SO-41140,DN-2504,PMO - US,From RDC,N/A - From RDC,Air,11/21/2011,16-Mar-12,3-Apr-12,3-Apr-12,ARV,Adult,"Lamivudine/Tenofovir Disoproxil Fumarate 300/300mg, tablets, 30 Tabs",Tablet - FDC,30.0,8.0,48.64,6.08,0.2,Mylan (formerly Matrix) Nashik,No,See DN-2504 (ID#:83559),See DN-2504 (ID#:83559),0.07,
11007,,Pre-PQ Process,,,Haiti,,,,,,N/A - From RDC,,,,,,SCMS from RDC,,Nevirapine,Generic,10mg/ml,,,,,,,,,,,,106-HT-T01,SO-23750,DN-1100,PMO - US,From RDC,N/A - From RDC,Air,Pre-PQ Process,3-Mar-09,3-Mar-09,3-Mar-09,ARV,Pediatric,"Nevirapine 10mg/ml, oral suspension, Bottle, 240 ml",Oral suspension,240.0,5216.0,10014.72,1.92,0.01,"Aurobindo Unit III, India",No,See DN-1100 (ID#:11005),See DN-1100 (ID#:11005),19.63,
57754,,FPQ-13973,,,South Africa,,,,,,6/25/2014,,,,,,PHARMACY DIRECT,,Abacavir,Generic,300mg,,,,,,,,,,,,116-ZA-T30,SCMS-238551,ASN-26882,PMO - US,Direct Drop,DDP,Truck,4/30/2014,25-Jun-14,25-Jun-14,25-Jun-14,ARV,Adult,"Abacavir 300mg, tablets, 60 Tabs",Tablet,60.0,45.0,3104.58,68.99,1.15,"Aurobindo Unit III, India",No,Weight Captured Separately,Freight Included in Commodity Cost,3.19,
66641,161-ZA-T30,FPQ-5648,SCMS-75480,ASN-8326,South Africa,PMO - US,Direct Drop,DDP,Air,6/2/10,6/17/10,13-Dec-10,13-Dec-10,13-Dec-10,ARV,Pediatric,Aurobindo Pharma Limited,"Nevirapine 10mg/ml, oral suspension w/syringe, Bottle, 240 ml",Nevirapine,Generic,10mg/ml,Oral suspension,240.0,19050.0,60007.5,3.15,0.01,"Aurobindo Unit III, India",Yes,7349,4876.34,129.38,,,,,,,,,,,,,,,,,,,,,,,,,,
85987,114-UG-T30,FPQ-12253,SO-45460,DN-3271,Uganda,PMO - US,From RDC,N/A - From RDC,Air,5/8/13,N/A - From RDC,2-Sep-13,2-Sep-13,2-Sep-13,ARV,Adult,SCMS from RDC,"Lamivudine/Nevirapine/Zidovudine 150/200/300mg, tablets, 60 Tabs",Lamivudine/Nevirapine/Zidovudine,Generic,150/300/200mg,Tablet - FDC,60.0,14010.0,120205.8,8.58,0.14,"Cipla, Goa, India",No,See DN-3271 (ID#:85394),See DN-3271 (ID#:85394),148.69,,,,,,,,,,,,,,,,,,,,,,,,,,
85261,,,,,Zimbabwe,,,,,,N/A - From RDC,,,,,,SCMS from RDC,,Efavirenz,Generic,600mg,,,,,,,,,,,,113-ZW-T30,SO-40861,DN-2655,PMO - US,From RDC,N/A - From RDC,Truck,10/4/2011,31-May-12,25-May-12,25-May-12,ARV,Adult,"Efavirenz 600mg, tablets, 30 Tabs",Tablet,30.0,17422.0,71778.64,4.12,0.14,"Strides, Bangalore, India.",No,See DN-2655 (ID#:82474),See DN-2655 (ID#:82474),118.43,FPQ-8464
84090,151-NG-T30,FPQ-7217,SO-39590,DN-2214,Nigeria,PMO - US,From RDC,N/A - From RDC,Air Charter,2/21/11,N/A - From RDC,15-Jun-11,6-Jul-11,6-Jul-11,ARV,Adult,SCMS from RDC,"Lamivudine 150mg, tablets, 60 Tabs",Lamivudine,Generic,150mg,Tablet,60.0,3173.0,7393.09,2.33,0.04,"Aurobindo Unit III, India",Yes,170,13398.06,12.2,,,,,,,,,,,,,,,,,,,,,,,,,,
22356,,FPQ-11025,,,Nigeria,,,,,,12/18/2012,,,,,,ABBVIE LOGISTICS (FORMERLY ABBOTT LOGISTICS BV),,Lopinavir/Ritonavir,Generic,100/25mg,,,,,,,,,,,,151-NG-T30,SCMS-169180,ASN-18584,PMO - US,Direct Drop,EXW,Air,11/15/2012,14-Mar-13,14-Mar-13,14-Mar-13,ARV,Pediatric,"Lopinavir/Ritonavir 100/25mg [Aluvia], tablets, 60 Tabs",Tablet,60.0,2221.0,13192.74,5.94,0.1,ABBVIE Ludwigshafen Germany,Yes,252,2969.34,16.32,
77750,,,,,Zimbabwe,,,,,,7/18/2012,,,,,,ABBVIE LOGISTICS (FORMERLY ABBOTT LOGISTICS BV),,Lopinavir/Ritonavir,Kaletra,80/20mg/ml,,,,,,,,,,,,103-ZW-T30,SCMS-148290,ASN-16913,PMO - US,Direct Drop,FCA,Air,5/29/2012,8-Nov-12,22-Nov-12,22-Nov-12,ARV,Pediatric,"Lopinavir/Ritonavir 80/20mg/ml [Kaletra], oral solution, cool, Bottle 5 x 60 ml",Oral solution,300.0,1364.0,42038.48,30.82,0.1,ABBVIE (Abbott) Logis. UK,Yes,1309,15578.89,58.94,FPQ-9905
12638,,,,,Zambia,,,,,,N/A - From RDC,,,,,,SCMS from RDC,,Nelfinavir (as mesilate),Viracept,250mg,,,,,,,,,,,,110-ZM-T01,SO-311,DN-129,PMO - US,From RDC,N/A - From RDC,,Pre-PQ Process,15-May-07,15-May-07,15-May-07,ARV,Adult,"Nelfinavir (as mesilate) 250mg [Viracept], tablets, 270 Tabs",Tablet,270.0,864.0,70346.88,81.42,0.3,Roche Madrid,No,See DN-129 (ID#:10818),See DN-129 (ID#:10818),,Pre-PQ Process
82321,,FPQ-4711,,,Mozambique,,,,,,N/A - From RDC,,,,,,SCMS from RDC,,Lamivudine/Nevirapine/Zidovudine,Generic,150/300/200mg,,,,,,,,,,,,111-MZ-T30,SO-35730,DN-1832,PMO - US,From RDC,N/A - From RDC,Truck,12/23/2009,30-Jun-10,14-Jun-10,14-Jun-10,ARV,Adult,"Lamivudine/Nevirapine/Zidovudine 150/200/300mg, tablets, 60 Tabs",Tablet - FDC,60.0,109554.0,1229195.88,11.22,0.19,"Aurobindo Unit III, India",Yes,20316,25790.82,2650.15,
52131,,,,,South Africa,,,,,,Date Not Captured,,,,,,S. BUYS WHOLESALER,,Didanosine,Generic,250mg,,,,,,,,,,,,116-ZA-T30,SCMS-183950,ASN-19166,South Africa Field Office,Direct Drop,DDP,Truck,3/18/2013,16-Apr-13,16-Apr-13,16-Apr-13,ARV,Adult,"Didanosine 250mg, delayed-release capsules, 30 Caps",Delayed-release capsules,30.0,64.0,987.12,15.42,0.51,"Aurobindo Unit III, India",No,Weight Captured Separately,Freight Included in Commodity Cost,1.22,FPQ-11828
10717,,Pre-PQ Process,,,Rwanda,,,,,,N/A - From RDC,,,,,,SCMS from RDC,,Nevirapine,Generic,200mg,,,,,,,,,,,,107-RW-T01,SO-24630,DN-1118,PMO - US,From RDC,N/A - From RDC,Air,Pre-PQ Process,16-Mar-09,16-Mar-09,16-Mar-09,ARV,Adult,"Nevirapine 200mg, tablets, 60 Tabs",Tablet,60.0,7425.0,23760.0,3.2,0.05,Hetero Unit III Hyderabad IN,Yes,404,5637.82,46.57,
414,,Pre-PQ Process,,,Namibia,,,,,,3/18/2008,,,,,,"Orgenics, Ltd",,"HIV 1/2, Determine HIV Kit, without Lancets",Determine,,,,,,,,,,,,,119-NA-T01,SCMS-19130,ASN-1798,PMO - US,Direct Drop,EXW,Air,Pre-PQ Process,4-Jun-08,4-Jun-08,4-Jun-08,HRDT,HIV test,"HIV 1/2, Determine HIV Kit, without Lancets, 100 Tests",Test kit,100.0,142.0,10222.58,71.99,0.72,Inverness Japan,Yes,33,1715.17,16.36,
55322,,FPQ-5303,,,South Africa,,,,,,3/19/2010,,,,,,Aurobindo Pharma Limited,,Efavirenz,Generic,600mg,,,,,,,,,,,,161-ZA-T30,SCMS-68940,ASN-8124,PMO - US,Direct Drop,DDP,Air,3/18/2010,7-Sep-10,27-Oct-10,27-Oct-10,ARV,Adult,"Efavirenz 600mg, tablets, 30 Tabs",Tablet,30.0,31680.0,147945.6,4.67,0.16,"Aurobindo Unit III, India",Yes,2970,4263.07,318.97,
10298,,,,,Côte d'Ivoire,,,,,,2/24/2009,,,,,,"Orgenics, Ltd",,"HIV 1/2, Determine HIV Kit, without Lancets",Determine,,,,,,,,,,,,,104-CI-T01,SCMS-39430,ASN-3761,PMO - US,Direct Drop,EXW,Air,Pre-PQ Process,14-May-09,14-May-09,14-May-09,HRDT,HIV test,"HIV 1/2, Determine HIV Kit, without Lancets, 100 Tests",Test kit,100.0,1500.0,105000.0,70.0,0.7,Inverness Japan,Yes,341,9749.73,205.8,Pre-PQ Process
11668,,Pre-PQ Process,,,Côte d'Ivoire,,,,,,N/A - From RDC,,,,,,SCMS from RDC,,Lamivudine/Zidovudine,Generic,150/300mg,,,,,,,,,,,,104-CI-T01,SO-27541,DN-1355,PMO - US,From RDC,N/A - From RDC,Air,Date Not Captured,4-Aug-09,4-Aug-09,4-Aug-09,ARV,Adult,"Lamivudine/Zidovudine 150/300mg, tablets, 60 Tabs",Tablet - FDC,60.0,214.0,1874.64,8.76,0.15,"Aurobindo Unit III, India",Yes,19,1133,3.67,
86373,,,,,Uganda,,,,,,N/A - From RDC,,,,,,SCMS from RDC,,Nevirapine,Generic,200mg,,,,,,,,,,,,114-UG-T30,SO-37970,DN-2145,PMO - US,From RDC,N/A - From RDC,Air,10/31/2010,5-Apr-11,1-Apr-11,1-Apr-11,ARV,Adult,"Nevirapine 200mg, tablets, 60 Tabs",Tablet,60.0,972.0,2507.76,2.58,0.04,"Strides, Bangalore, India.",Yes,58,5596.5,4.14,FPQ-6614
85923,,FPQ-11422,,,Zimbabwe,,,,,,N/A - From RDC,,,,,,SCMS from RDC,,Lopinavir/Ritonavir,Generic,200/50mg,,,,,,,,,,,,113-ZW-T30,SO-44010,DN-2979,PMO - US,From RDC,N/A - From RDC,Air,1/4/2013,15-Feb-13,24-Jan-13,24-Jan-13,ARV,Adult,"Lopinavir/Ritonavir 200/50mg, tablets, 120 Tabs",Tablet,120.0,1573.0,38947.48,24.76,0.21,"Aurobindo Unit III, India",Yes,388,2392,48.18,
42811,,,,,Vietnam,,,,,,3/25/2010,,,,,,Aurobindo Pharma Limited,,Didanosine,Generic,250mg,,,,,,,,,,,,108-VN-T30,SCMS-69240,ASN-7581,PMO - US,Direct Drop,EXW,Air,3/22/2010,13-Aug-10,13-Aug-10,13-Aug-10,ARV,Adult,"Didanosine 250mg, delayed-release capsules, 30 Caps",Delayed-release capsules,30.0,168.0,2184.0,13.0,0.43,"Aurobindo Unit III, India",Yes,2046,14405.31,4.71,FPQ-5317
11571,112-NG-T01,Pre-PQ Process,SO-2729,DN-1008,Nigeria,PMO - US,From RDC,N/A - From RDC,Air,Pre-PQ Process,N/A - From RDC,17-Nov-08,17-Nov-08,17-Nov-08,ARV,Adult,SCMS from RDC,"Lamivudine 150mg, tablets, 60 Tabs",Lamivudine,Generic,150mg,Tablet,60.0,1077.0,3123.3,2.9,0.05,"Aurobindo Unit III, India",No,See DN-1008 (ID#:11570),See DN-1008 (ID#:11570),6.12,,,,,,,,,,,,,,,,,,,,,,,,,,
12827,,,,,Nigeria,,,,,,N/A - From RDC,,,,,,SCMS from RDC,,Lopinavir/Ritonavir,Aluvia,200/50mg,,,,,,,,,,,,112-NG-T01,SO-11032,DN-920,PMO - US,From RDC,N/A - From RDC,Air,Pre-PQ Process,26-Sep-08,26-Sep-08,26-Sep-08,ARV,Adult,"Lopinavir/Ritonavir 200/50mg [Aluvia], tablets, 120 Tabs",Tablet,120.0,94.0,3863.4,41.1,0.34,ABBVIE Ludwigshafen Germany,Yes,27,1058,6.18,Pre-PQ Process
47625,,FPQ-5303,,,South Africa,,,,,,3/19/2010,,,,,,CIPLA LIMITED,,Tenofovir Disoproxil Fumarate,Generic,300mg,,,,,,,,,,,,161-ZA-T30,SCMS-68750,ASN-8703,PMO - US,Direct Drop,DDP,Air,3/18/2010,13-Oct-10,1-Dec-10,1-Dec-10,ARV,Adult,"Tenofovir Disoproxil Fumarate 300mg, tablets, 30 Tabs",Tablet,30.0,54247.0,424211.54,7.82,0.26,"Cipla, Goa, India",Yes,3728,3646.13,914.6,
85412,104-CI-T30,FPQ-11253,SO-44210,DN-3371,Côte d'Ivoire,PMO - US,From RDC,N/A - From RDC,Truck,12/14/12,N/A - From RDC,31-Oct-13,22-Oct-13,19-Nov-13,ARV,Pediatric,SCMS from RDC,"Zidovudine 10mg/ml, oral solution w/syringe, Bottle, 240 ml",Zidovudine,Generic,10mg/ml,Oral solution,240.0,2000.0,4200.0,2.1,0.01,"Aurobindo Unit III, India",No,See DN-3371 (ID#:83174),See DN-3371 (ID#:83174),5.2,,,,,,,,,,,,,,,,,,,,,,,,,,
51268,133-NG-T30,FPQ-10765,SCMS-162440,ASN-17646,Nigeria,PMO - US,Direct Drop,EXW,Air,10/5/12,10/16/12,9-Jan-13,17-Jan-13,17-Jan-13,HRDT,HIV test,"Orgenics, Ltd","HIV 1/2, Determine Complete HIV Kit, 100 Tests","HIV 1/2, Determine Complete HIV Kit",Determine,,Test kit,100.0,2744.0,244216.0,89.0,0.89,"Alere Medical Co., Ltd.",Yes,1235,25577.15,342.39,,,,,,,,,,,,,,,,,,,,,,,,,,
26208,116-ZA-T30,FPQ-11828,SCMS-183950,ASN-19166,South Africa,South Africa Field Office,Direct Drop,DDP,Truck,3/18/13,Date Not Captured,16-Apr-13,16-Apr-13,16-Apr-13,ARV,Adult,S. BUYS WHOLESALER,"Efavirenz 600mg, tablets, 30 Tabs",Efavirenz,Generic,600mg,Tablet,30.0,22333.0,359064.74,16.08,0.54,"Cipla, Goa, India",No,Weight Captured Separately,Freight Included in Commodity Cost,444.16,,,,,,,,,,,,,,,,,,,,,,,,,,
85846,,,,,Tanzania,,,,,,N/A - From RDC,,,,,,SCMS from RDC,,Zidovudine,Generic,300mg,,,,,,,,,,,,109-TZ-T30,SO-40610,DN-2598,PMO - US,From RDC,N/A - From RDC,Truck,8/22/2011,4-May-12,11-Apr-12,11-Apr-12,ARV,Adult,"Zidovudine 300mg, tablets, 60 Tabs",Tablet,60.0,137759.0,967068.18,7.02,0.12,Hetero Unit III Hyderabad IN,No,See DN-2598 (ID#:82465),See DN-2598 (ID#:82465),1595.66,FPQ-8297
5120,,,,,Côte d'Ivoire,,,,,,4/15/2009,,,,,,BIO-RAD LABORATORIES (FRANCE),,"HIV, Genie II HIV-1/HIV-2 Kit",Genie,,,,,,,,,,,,,104-CI-T01,SCMS-44050,ASN-4095,PMO - US,Direct Drop,EXW,Air,Pre-PQ Process,10-Jun-09,17-Jun-09,17-Jun-09,HRDT,HIV test,"#108853** HIV, Genie II HIV-1/HIV-2 Kit, 40 Tests",Test kit,40.0,18.0,1980.0,110.0,2.75,Bio-Rad Laboratories,Yes,20,2199.43,3.88,Pre-PQ Process
66264,108-VN-T30,FPQ-16194,SCMS-285490,ASN-33144,Vietnam,PMO - US,Direct Drop,EXW,Air,4/14/15,5/13/15,7-Sep-15,7-Sep-15,7-Sep-15,ARV,Adult,HETERO LABS LIMITED,"Efavirenz/Lamivudine/Tenofovir Disoproxil Fumarate 600/300/300mg, tablets, 30 Tabs",Efavirenz/Lamivudine/Tenofovir Disoproxil Fumarate,Generic,600/300/300mg,Tablet - FDC,30.0,17760.0,168720.0,9.5,0.32,Hetero Unit III Hyderabad IN,Yes,Weight Captured Separately,Invoiced Separately,198.58,,,,,,,,,,,,,,,,,,,,,,,,,,
85271,,FPQ-9081,,,Zambia,,,,,,N/A - From RDC,,,,,,SCMS from RDC,,Nevirapine,Generic,200mg,,,,,,,,,,,,110-ZM-T30,SO-41281,DN-2703,PMO - US,From RDC,N/A - From RDC,Truck,12/22/2011,29-Jun-12,18-Jun-12,18-Jun-12,ARV,Adult,"Nevirapine 200mg, tablets, 60 Tabs",Tablet,60.0,181926.0,443899.44,2.44,0.04,Hetero Unit III Hyderabad IN,Yes,11438,4496.15,622.35,
9036,,,,,South Africa,,,,,,Date Not Captured,,,,,,S. BUYS WHOLESALER,,Nevirapine,Generic,200mg,,,,,,,,,,,,116-ZA-T01,SCMS-41140,ASN-3752,PMO - US,Direct Drop,DDP,Air,Pre-PQ Process,31-Mar-09,21-Nov-08,21-Nov-08,ARV,Adult,"Nevirapine 200mg, tablets, 60 Tabs",Tablet,60.0,200.0,2998.0,14.99,0.25,"Cipla, Goa, India",No,Weight Captured Separately,Freight Included in Commodity Cost,5.88,Pre-PQ Process
79375,116-ZA-T30,FPQ-13973,SCMS-238556,ASN-31854,South Africa,PMO - US,Direct Drop,DDP,Truck,4/30/14,4/28/15,28-Apr-15,28-Apr-15,28-Apr-15,ARV,Adult,PHARMACY DIRECT,"Abacavir 300mg, tablets, 60 Tabs",Abacavir,Generic,300mg,Tablet,60.0,19.0,1310.81,68.99,1.15,"Aurobindo Unit III, India",No,Weight Captured Separately,Freight Included in Commodity Cost,1.35,,,,,,,,,,,,,,,,,,,,,,,,,,
45278,,FPQ-12522,,,South Africa,,,,,,8/27/2014,,,,,,S. BUYS WHOLESALER,,Lopinavir/Ritonavir,Aluvia,200/50mg,,,,,,,,,,,,116-ZA-T30,SCMS-199283,ASN-27980,PMO - US,Direct Drop,DDP,Truck,7/11/2013,27-Aug-14,27-Aug-14,27-Aug-14,ARV,Adult,"Lopinavir/Ritonavir 200/50mg [Aluvia], tablets, 120 Tabs",Tablet,120.0,23.0,592.47,25.76,0.21,ABBVIE Ludwigshafen Germany,No,Weight Captured Separately,Freight Included in Commodity Cost,0.73,
26786,,,,,South Africa,,,,,,Date Not Captured,,,,,,S. BUYS WHOLESALER,,Lamivudine,Generic,10mg/ml,,,,,,,,,,,,116-ZA-T30,SCMS-183950,ASN-19166,South Africa Field Office,Direct Drop,DDP,Truck,3/18/2013,15-Apr-13,16-Apr-13,16-Apr-13,ARV,Pediatric,"Lamivudine 10mg/ml, oral solution, Bottle, 240 ml",Oral solution,240.0,43.0,317.79,7.39,0.03,"Cipla, Goa, India",No,Weight Captured Separately,Freight Included in Commodity Cost,0.39,FPQ-11828
11619,,,,,Ethiopia,,,,,,N/A - From RDC,,,,,,SCMS from RDC,,Lamivudine/Nevirapine/Zidovudine,Generic,150/300/200mg,,,,,,,,,,,,117-ET-T01,SO-22040,DN-1110,PMO - US,From RDC,N/A - From RDC,Air,Pre-PQ Process,4-Mar-09,4-Mar-09,4-Mar-09,ARV,Adult,"Lamivudine/Nevirapine/Zidovudine 150/200/300mg, tablets, 60 Tabs",Tablet - FDC,60.0,27588.0,325538.4,11.8,0.2,"Aurobindo Unit III, India",Yes,3146,14538.36,638.06,Pre-PQ Process
85972,,FPQ-10551,,,Tanzania,,,,,,N/A - From RDC,,,,,,SCMS from RDC,,Nevirapine,Generic,10mg/ml,,,,,,,,,,,,109-TZ-T30,SO-43140,DN-3185,PMO - US,From RDC,N/A - From RDC,Truck,8/31/2012,28-Jun-13,23-May-13,23-May-13,ARV,Pediatric,"Nevirapine 10mg/ml, oral suspension w/syringe, Bottle, 240 ml",Oral suspension,240.0,24977.0,48705.15,1.95,0.01,"Aurobindo Unit III, India",Yes,9174,7185.6,68.28,
5979,,Pre-PQ Process,,,South Africa,,,,,,Date Not Captured,,,,,,S. BUYS WHOLESALER,,Didanosine EC,Videx EC,250mg,,,,,,,,,,,,116-ZA-T01,SCMS-28830,ASN-2503,PMO - US,Direct Drop,DDP,Truck,Pre-PQ Process,25-Aug-08,14-Aug-08,14-Aug-08,ARV,Adult,"Didanosine EC 250mg [Videx EC], delayed-release capsules, Blister 3 x 10 Caps",Delayed-release capsules - blister,30.0,100.0,1828.0,18.28,0.61,"BMS Meymac, France",No,Weight Captured Separately,Freight Included in Commodity Cost,2.92,
84050,,,,,Nigeria,,,,,,N/A - From RDC,,,,,,SCMS from RDC,,Lamivudine/Zidovudine,Generic,150/300mg,,,,,,,,,,,,151-NG-T30,SO-37500,DN-2025,PMO - US,From RDC,N/A - From RDC,Air,5/27/2010,22-Oct-10,10-Nov-10,10-Nov-10,ARV,Adult,"Lamivudine/Zidovudine 150/300mg, tablets, 60 Tabs",Tablet - FDC,60.0,72023.0,615796.65,8.55,0.14,"Aurobindo Unit III, India",No,See DN-2025 (ID#:83460),See DN-2025 (ID#:83460),1327.66,FPQ-5688
2785,,Pre-PQ Process,,,Vietnam,,,,,,7/20/2007,,,,,,ABBVIE LOGISTICS (FORMERLY ABBOTT LOGISTICS BV),,Lopinavir/Ritonavir,Kaletra,80/20mg/ml,,,,,,,,,,,,108-VN-T01,SCMS-10060,ASN-639,PMO - US,Direct Drop,FCA,Air,Pre-PQ Process,10-Sep-07,10-Sep-07,10-Sep-07,ARV,Pediatric,"Lopinavir/Ritonavir 80/20mg/ml [Kaletra], oral solution, cool, Bottle 5 x 60 ml",Oral solution,300.0,200.0,16440.0,82.2,0.27,ABBVIE (Abbott) Logis. UK,Yes,340,2326.1,26.3,
69235,116-ZA-T30,FPQ-13973,SCMS-238552,ASN-27609,South Africa,PMO - US,Direct Drop,DDP,Truck,4/30/14,8/5/14,5-Aug-14,5-Aug-14,5-Aug-14,ARV,Adult,PHARMACY DIRECT,"Etravirine 100mg [Intelence], tablets, 120 Tabs",Etravirine,Intelence,100mg,Tablet,120.0,24.0,850.06,35.42,0.3,"Janssen-Cilag, Latina, IT",No,Weight Captured Separately,Freight Included in Commodity Cost,0.87,,,,,,,,,,,,,,,,,,,,,,,,,,
64545,,FPQ-7193,,,Nigeria,,,,,,3/30/2011,,,,,,"Orgenics, Ltd",,"HIV 1/2, Determine Complete HIV Kit",Determine,,,,,,,,,,,,,133-NG-T30,SCMS-103110,ASN-11267,PMO - US,Direct Drop,EXW,Air,2/16/2011,7-Jul-11,12-Jul-11,12-Jul-11,HRDT,HIV test,"HIV 1/2, Determine Complete HIV Kit, 100 Tests",Test kit,100.0,2128.0,189392.0,89.0,0.89,Inverness Japan,Yes,1022,23826.25,312.5,
1973,,Pre-PQ Process,,,Ethiopia,,,,,,7/30/2008,,,,,,"CHEMBIO DIAGNOSTIC SYSTEMS, INC.",,"HIV 1/2, Stat-Pak HIV, Kit",Stat-Pak,,,,,,,,,,,,,117-ET-T01,SCMS-27800,ASN-2747,PMO - US,Direct Drop,EXW,Air,Pre-PQ Process,3-Nov-08,3-Nov-08,3-Nov-08,HRDT,HIV test,"HIV 1/2, Stat-Pak HIV, Kit, 20 Tests",Test kit,20.0,3982.0,107514.0,27.0,1.35,Chembio Diagnostics Sys. Inc.,Yes,1445,7303.25,210.73,
82328,106-HT-T30,FPQ-5523,SO-36800,DN-1871,Haiti,PMO - US,From RDC,N/A - From RDC,Air,4/19/10,N/A - From RDC,12-Jul-10,30-Jun-10,30-Jun-10,ARV,Adult,SCMS from RDC,"Stavudine 30mg, capsules, 60 Caps",Stavudine,Generic,30mg,Capsule,60.0,7560.0,10659.6,1.41,0.02,"Strides, Bangalore, India.",Yes,2027,19372.86,22.98,,,,,,,,,,,,,,,,,,,,,,,,,,
10723,,Pre-PQ Process,,,Haiti,,,,,,N/A - From RDC,,,,,,SCMS from RDC,,Zidovudine,Generic,10mg/ml,,,,,,,,,,,,106-HT-T01,SO-12160,DN-930,PMO - US,From RDC,N/A - From RDC,Air,Pre-PQ Process,6-Oct-08,6-Oct-08,6-Oct-08,ARV,Pediatric,"Zidovudine 10mg/ml, oral solution, Bottle, 240 ml",Oral solution,240.0,9187.0,19292.7,2.1,0.01,"Aurobindo Unit III, India",Yes,3435,40301.65,30.87,
20735,107-RW-T30,FPQ-8932,SCMS-129780,ASN-13341,Rwanda,PMO - US,Direct Drop,EXW,Ocean,12/6/11,12/13/11,13-Apr-12,13-Apr-12,13-Apr-12,ARV,Adult,Aurobindo Pharma Limited,"Lamivudine/Tenofovir Disoproxil Fumarate 300/300mg, tablets, 30 Tabs",Lamivudine/Tenofovir Disoproxil Fumarate,Generic,300/300mg,Tablet - FDC,30.0,132000.0,706200.0,5.35,0.18,"Aurobindo Unit VII, IN",Yes,12886,102761.99,990.09,,,,,,,,,,,,,,,,,,,,,,,,,,
10791,,,,,Côte d'Ivoire,,,,,,N/A - From RDC,,,,,,SCMS from RDC,,Zidovudine,Generic,300mg,,,,,,,,,,,,104-CI-T01,SO-32840,DN-1388,PMO - US,From RDC,N/A - From RDC,Air,Date Not Captured,28-Sep-09,28-Sep-09,28-Sep-09,ARV,Adult,"Zidovudine 300mg, tablets, 60 Tabs",Tablet,60.0,7000.0,52710.0,7.53,0.13,Hetero Unit III Hyderabad IN,Yes,396,6087.84,103.31,Pre-PQ Process
12233,,,,,Zambia,,,,,,N/A - From RDC,,,,,,SCMS from RDC,,Didanosine,Generic,100mg,,,,,,,,,,,,110-ZM-T01,SO-2477,DN-854,PMO - US,From RDC,N/A - From RDC,Truck,Pre-PQ Process,20-Aug-08,20-Aug-08,20-Aug-08,ARV,Pediatric,"Didanosine 100mg, chewable/dispersible tablets, 60 Tabs",Chewable/dispersible tablet,60.0,3600.0,27900.0,7.75,0.13,"Aurobindo Unit III, India",Yes,750,813.75,44.64,Pre-PQ Process
83181,113-ZW-T30,FPQ-11545,SO-44360,DN-3413,Zimbabwe,PMO - US,From RDC,N/A - From RDC,Truck,1/24/13,N/A - From RDC,30-Nov-13,25-Nov-13,9-Dec-13,ARV,Adult,SCMS from RDC,"Nevirapine 200mg, tablets, 60 Tabs",Nevirapine,Generic,200mg,Tablet,60.0,51520.0,119011.2,2.31,0.04,"Cipla, Goa, India",Yes,19991,10942.88,147.22,,,,,,,,,,,,,,,,,,,,,,,,,,
83395,106-HT-T30,FPQ-4469,SO-34230,DN-1617,Haiti,PMO - US,From RDC,N/A - From RDC,Air,9/23/09,N/A - From RDC,5-Mar-10,24-Feb-10,24-Feb-10,ARV,Adult,SCMS from RDC,"Nevirapine 200mg, tablets, 60 Tabs",Nevirapine,Generic,200mg,Tablet,60.0,32850.0,95265.0,2.9,0.05,"Aurobindo Unit III, India",Yes,3917,39223.78,205.39,,,,,,,,,,,,,,,,,,,,,,,,,,
83148,,,,,Burundi,,,,,,N/A - From RDC,,,,,,SCMS from RDC,,Lopinavir/Ritonavir,Generic,200/50mg,,,,,,,,,,,,102-BI-T30,SO-45170,DN-3257,PMO - US,From RDC,N/A - From RDC,Air,4/22/2013,24-Aug-13,26-Aug-13,26-Aug-13,ARV,Adult,"Lopinavir/Ritonavir 200/50mg, tablets, 120 Tabs",Tablet,120.0,213.0,4639.14,21.78,0.18,"Aurobindo Unit III, India",Yes,928,4323.44,5.74,FPQ-12065
77480,116-ZA-T30,FPQ-12522,SCMS-199289,ASN-28034,South Africa,PMO - US,Direct Drop,DDP,Truck,7/11/13,8/29/14,29-Aug-14,29-Aug-14,29-Aug-14,ARV,Pediatric,S. BUYS WHOLESALER,"Efavirenz 200mg, capsule, 90 Caps",Efavirenz,Generic,200mg,Capsule,90.0,57.0,1483.72,26.03,0.29,"Aurobindo Unit III, India",No,Weight Captured Separately,Freight Included in Commodity Cost,1.84,,,,,,,,,,,,,,,,,,,,,,,,,,
62879,100-DO-T30,FPQ-6083,SCMS-80890,ASN-7834,Dominican Republic,PMO - US,Direct Drop,EXW,Air,7/16/10,7/30/10,14-Sep-10,14-Sep-10,14-Sep-10,ARV,Adult,MYLAN LABORATORIES LTD (FORMERLY MATRIX LABORATORIES),"Tenofovir Disoproxil Fumarate 300mg, tablets, 30 Tabs",Tenofovir Disoproxil Fumarate,Generic,300mg,Tablet,30.0,2000.0,14000.0,7.0,0.23,Mylan (formerly Matrix) Nashik,Yes,111,1254.61,30.18,,,,,,,,,,,,,,,,,,,,,,,,,,
85594,,,,,Côte d'Ivoire,,,,,,N/A - From RDC,,,,,,SCMS from RDC,,Efavirenz,Generic,600mg,,,,,,,,,,,,104-CI-T30,SO-50100,DN-4255,PMO - US,From RDC,N/A - From RDC,Truck,10/24/2014,19-Jun-15,8-Jun-15,19-Jun-15,ARV,Adult,"Efavirenz 600mg, tablets, 30 Tabs",Tablet,30.0,45204.0,141036.48,3.12,0.1,"Strides, Bangalore, India.",No,See DN-4255 (ID#:83911),See DN-4255 (ID#:83911),166.0,FPQ-15259
17145,,,,,Pakistan,,,,,,1/17/2012,,,,,,"Orgenics, Ltd",,"HIV 1/2, Determine Complete HIV Kit",Determine,,,,,,,,,,,,,110-PK-T30,SCMS-132510,ASN-13948,PMO - US,Direct Drop,EXW,Air,12/27/2011,29-Jun-12,29-Jun-12,29-Jun-12,HRDT,HIV test,"HIV 1/2, Determine Complete HIV Kit, 100 Tests",Test kit,100.0,2352.0,188160.0,80.0,0.8,"Alere Medical Co., Ltd.",Yes,1117,14959.83,263.8,FPQ-9019
85272,,,,,Nigeria,,,,,,N/A - From RDC,,,,,,SCMS from RDC,,Lamivudine,Generic,150mg,,,,,,,,,,,,151-NG-T30,SO-41257,DN-2706,PMO - US,From RDC,N/A - From RDC,Air Charter,12/8/2011,20-Jun-12,3-Jun-12,3-Jun-12,ARV,Adult,"Lamivudine 150mg, tablets, 60 Tabs",Tablet,60.0,20000.0,46600.0,2.33,0.04,"Aurobindo Unit III, India",Yes,2238,17090,65.33,FPQ-8952
48595,,,,,Vietnam,,,,,,3/4/2015,,,,,,ABBVIE LOGISTICS (FORMERLY ABBOTT LOGISTICS BV),,Ritonavir,Norvir,100mg,,,,,,,,,,,,108-VN-T30,SCMS-277330,ASN-33152,PMO - US,Direct Drop,FCA,Air,2/13/2015,13-Aug-15,13-Aug-15,13-Aug-15,ARV,Adult,"Ritonavir 100mg [Norvir], film coated tablets, 30 Tabs",Tablet,30.0,400.0,9304.0,23.26,0.78,ABBVIE Ludwigshafen Germany,No,See ASN-33152 (ID#:38571),See ASN-33152 (ID#:38571),10.95,FPQ-15823
49301,,,,,Botswana,,,,,,2/5/2010,,,,,,"Orgenics, Ltd",,"HIV 1/2, Determine Complete HIV Kit",Determine,,,,,,,,,,,,,102-BW-T30,SCMS-64791,ASN-6296,PMO - US,Direct Drop,EXW,Air,1/13/2010,14-Apr-10,14-Apr-10,14-Apr-10,HRDT,HIV test,"HIV 1/2, Determine Complete HIV Kit, 100 Tests",Test kit,100.0,5.0,360.0,72.0,0.72,Inverness Japan,Yes,3,787.28,0.78,FPQ-4904
11042,,,,,Uganda,,,,,,N/A - From RDC,,,,,,SCMS from RDC,,Lamivudine,Generic,150mg,,,,,,,,,,,,114-UG-T01,SO-26151,DN-1224,PMO - US,From RDC,N/A - From RDC,Air,Pre-PQ Process,22-May-09,22-May-09,22-May-09,ARV,Adult,"Lamivudine 150mg, tablets, 60 Tabs",Tablet,60.0,90.0,219.6,2.44,0.04,"Aurobindo Unit III, India",Yes,5,537.32,0.43,Pre-PQ Process
86459,,FPQ-9229,,,Burundi,,,,,,N/A - From RDC,,,,,,SCMS from RDC,,Lamivudine/Zidovudine,Generic,150/300mg,,,,,,,,,,,,102-BI-T30,SO-41530,DN-2594,PMO - US,From RDC,N/A - From RDC,Air,1/25/2012,26-Apr-12,4-May-12,4-May-12,ARV,Adult,"Lamivudine/Zidovudine 150/300mg, tablets, 60 Tabs",Tablet - FDC,60.0,25240.0,201920.0,8.0,0.13,Hetero Unit III Hyderabad IN,No,See DN-2594 (ID#:83021),See DN-2594 (ID#:83021),283.09,
62577,,FPQ-4250,,,Kenya,,,,,,10/23/2009,,,,,,"Standard Diagnostics, Inc.",,"HIV 1/2, Bioline 3.0 Kit, Lancets, Capillary pipets, Alcohol swabs included",Bioline,,,,,,,,,,,,,102-KE-T30,SCMS-55900,ASN-5595,PMO - US,Direct Drop,EXW,Air,9/16/2009,7-Jan-10,7-Jan-10,7-Jan-10,HRDT,HIV test,"HIV 1/2, Bioline 3.0 Kit, Lancets, Capillary pipets, Alcohol swabs included, 25 Tests",Test kit,25.0,9475.0,189500.0,20.0,0.8,"Standard Diagnostics, Korea",Yes,3158,24172.01,371.42,
11130,,Pre-PQ Process,,,Côte d'Ivoire,,,,,,N/A - From RDC,,,,,,SCMS from RDC,,Abacavir,Generic,300mg,,,,,,,,,,,,104-CI-T01,SO-560,DN-146,PMO - US,From RDC,N/A - From RDC,,Pre-PQ Process,16-May-07,16-May-07,16-May-07,ARV,Adult,"Abacavir 300mg, tablets, 60 Tabs",Tablet,60.0,1200.0,42960.0,35.8,0.6,"Aurobindo Unit III, India",No,See DN-146 (ID#:10834),See DN-146 (ID#:10834),,
33631,,FPQ-12094,,,Zimbabwe,,,,,,4/25/2013,,,,,,LAWRENCE LABORATORIES (SUBSIDIARY OF BRISTOL MYERS SQUIBB),,Didanosine,Videx,25mg,,,,,,,,,,,,103-ZW-T30,SCMS-186830,ASN-22178,PMO - US,Direct Drop,FCA,Air,4/19/2013,13-Dec-13,13-Dec-13,16-Dec-13,ARV,Pediatric,"Didanosine 25mg [Videx], chewable tablets, 60 Tabs",Chewable/dispersible tablet,60.0,372.0,2604.0,7.0,0.12,Bristol-Myers Squibb Anagni IT,Yes,95,2265.88,3.22,
86433,,FPQ-8522,,,Uganda,,,,,,N/A - From RDC,,,,,,SCMS from RDC,,Lamivudine/Zidovudine,Generic,150/300mg,,,,,,,,,,,,114-UG-T30,SO-40930,DN-2489,PMO - US,From RDC,N/A - From RDC,Truck,10/5/2011,16-Feb-12,3-Feb-12,3-Feb-12,ARV,Adult,"Lamivudine/Zidovudine 150/300mg, tablets, 60 Tabs",Tablet - FDC,60.0,18528.0,153041.28,8.26,0.14,"Aurobindo Unit III, India",Yes,1713,15672.8,252.52,
7728,,Pre-PQ Process,,,South Africa,,,,,,Date Not Captured,,,,,,S. BUYS WHOLESALER,,Efavirenz,Generic,50mg,,,,,,,,,,,,116-ZA-T01,SCMS-41050,ASN-3635,PMO - US,Direct Drop,DDP,Air,Pre-PQ Process,21-Apr-09,5-Dec-08,5-Dec-08,ARV,Pediatric,"Efavirenz 50mg, capsule, 30 Caps",Capsule,30.0,144.0,440.64,3.06,0.1,"Aurobindo Unit III, India",No,See ASN-3635 (ID#:3745),See ASN-3635 (ID#:3745),0.86,
11200,,,,,Côte d'Ivoire,,,,,,N/A - From RDC,,,,,,SCMS from RDC,,Stavudine,Generic,30mg,,,,,,,,,,,,104-CI-T01,SO-1145,DN-440,PMO - US,From RDC,N/A - From RDC,Air,Pre-PQ Process,29-Nov-07,29-Nov-07,29-Nov-07,ARV,Adult,"Stavudine 30mg, capsules, 60 Caps",Capsule,60.0,14000.0,24500.0,1.75,0.03,"Strides, Bangalore, India.",Yes,989,3452,39.2,Pre-PQ Process
19771,,FPQ-5317,,,Vietnam,,,,,,3/31/2010,,,,,,ABBVIE LOGISTICS (FORMERLY ABBOTT LOGISTICS BV),,Lopinavir/Ritonavir,Aluvia,200/50mg,,,,,,,,,,,,108-VN-T30,SCMS-69220,ASN-7411,PMO - US,Direct Drop,FCA,Air,3/22/2010,16-Jul-10,16-Jul-10,16-Jul-10,ARV,Adult,"Lopinavir/Ritonavir 200/50mg [Aluvia], tablets, 120 Tabs",Tablet,120.0,5530.0,454566.0,82.2,0.68,ABBVIE Ludwigshafen Germany,Yes,1348,10670.09,980.04,
85827,,FPQ-9056,,,Haiti,,,,,,N/A - From RDC,,,,,,SCMS from RDC,,Efavirenz,Generic,50mg,,,,,,,,,,,,106-HT-T30,SO-41300,DN-2535,PMO - US,From RDC,N/A - From RDC,Air,12/20/2011,2-Mar-12,12-Mar-12,12-Mar-12,ARV,Pediatric,"Efavirenz 50mg, capsule, 30 Caps",Capsule,30.0,1680.0,3763.2,2.24,0.07,"Aurobindo Unit III, India",No,See DN-2535 (ID#:83011),See DN-2535 (ID#:83011),5.28,
85676,114-UG-T30,FPQ-5238,SO-36050,DN-1846,Uganda,PMO - US,From RDC,N/A - From RDC,Air,3/2/10,N/A - From RDC,30-Jun-10,22-Jun-10,22-Jun-10,ARV,Adult,SCMS from RDC,"Emtricitabine/Tenofovir Disoproxil Fumarate 200/300mg, tablets, 30 Tabs",Emtricitabine/Tenofovir Disoproxil Fumarate,Generic,200/300mg,Tablet - FDC,30.0,6000.0,70500.0,11.75,0.39,Mylan (formerly Matrix) Nashik,Yes,493,7879.03,152.0,,,,,,,,,,,,,,,,,,,,,,,,,,
74479,,FPQ-4873,,,Ethiopia,,,,,,1/12/2010,,,,,,"SHANGHAI KEHUA BIOENGINEERING CO.,LTD.  (KHB)",,"HIV 1/2, Colloidal Gold, Diagnostic Kit, Antibody",Colloidal Gold,,,,,,,,,,,,,117-ET-T30,SCMS-63002,ASN-6034,PMO - US,Direct Drop,EXW,Air,1/5/2010,11-Feb-10,11-Feb-10,11-Feb-10,HRDT,HIV test,"HIV 1/2, SKB Colloidal Gold, Diagnostic Kit, Antibody, 50 Tests",Test kit,1.0,800.0,18400.0,23.0,23.0,"KHB Test Kit Facility, Shanghai China",Yes,543,5456.44,39.67,
31909,108-VN-T30,FPQ-13034,SCMS-210150,ASN-24571,Vietnam,PMO - US,Direct Drop,EXW,Air,10/4/13,10/10/13,22-Apr-14,22-Apr-14,22-Apr-14,ARV,Adult,HETERO LABS LIMITED,"Efavirenz/Lamivudine/Tenofovir Disoproxil Fumarate 600/300/300mg, tablets, 30 Tabs",Efavirenz/Lamivudine/Tenofovir Disoproxil Fumarate,Generic,600/300/300mg,Tablet - FDC,30.0,21252.0,223146.0,10.5,0.35,Hetero Unit III Hyderabad IN,Yes,2982,8036.88,276.03,,,,,,,,,,,,,,,,,,,,,,,,,,
51098,,,,,Vietnam,,,,,,10/14/2010,,,,,,MYLAN LABORATORIES LTD (FORMERLY MATRIX LABORATORIES),,Abacavir,Generic,300mg,,,,,,,,,,,,108-VN-T30,SCMS-87760,ASN-9568,PMO - US,Direct Drop,EXW,Air,9/30/2010,28-Feb-11,28-Feb-11,28-Feb-11,ARV,Adult,"Abacavir 300mg, tablets, 60 Tabs",Tablet,60.0,540.0,8100.0,15.0,0.25,Mylan (formerly Matrix) Nashik,No,See ASN-9568 (ID#:29427),See ASN-9568 (ID#:29427),17.46,FPQ-6384
26188,,,,,Tanzania,,,,,,7/18/2011,,,,,,"Standard Diagnostics, Inc.",,"HIV 1/2, Bioline 3.0 Kit, Lancets, Capillary pipets, Alcohol swabs included",Bioline,,,,,,,,,,,,,109-TZ-T30,SCMS-114980,ASN-11930,PMO - US,Direct Drop,EXW,Air,6/24/2011,29-Sep-11,29-Sep-11,29-Sep-11,HRDT,HIV test,"HIV 1/2, Bioline 3.0 Kit, Lancets, Capillary pipets, Alcohol swabs included, 25 Tests",Test kit,25.0,10000.0,200000.0,20.0,0.8,"Standard Diagnostics, Korea",Yes,3334,23030.38,330.0,FPQ-7909
83849,,,,,Zimbabwe,,,,,,N/A - From RDC,,,,,,SCMS from RDC,,Abacavir/Lamivudine,Generic,60/30mg,,,,,,,,,,,,103-ZW-T30,SO-48470,DN-3970,PMO - US,From RDC,N/A - From RDC,Truck,4/1/2014,31-Oct-14,30-Oct-14,7-Nov-14,ARV,Pediatric,"Abacavir/Lamivudine 60/30mg, tablets, 60 Tabs",Tablet - FDC,60.0,27847.0,109995.65,3.95,0.07,Mylan (formerly Matrix) Nashik,Yes,1153,1489.8,113.08,FPQ-13990
16085,122-HT-T30,FPQ-8635,SCMS-132180,ASN-13412,Haiti,PMO - US,Direct Drop,EXW,Air,12/7/11,12/30/11,18-Jan-12,18-Jan-12,18-Jan-12,ANTM,Malaria,AMSTELFARMA B.V.,"Mefloquine 250mg (as hydrochloride), tablets, 100 Tabs",Mefloquine (as hydrochloride),Generic,250mg,Tablet,100.0,100.0,8905.0,89.05,0.89,"Medochemie Factory A, CY",Yes,1173,7019.07,12.48,,,,,,,,,,,,,,,,,,,,,,,,,,
83561,,FPQ-8840,,,"Congo, DRC",,,,,,N/A - From RDC,,,,,,SCMS from RDC,,Lamivudine/Tenofovir Disoproxil Fumarate,Generic,300/300mg,,,,,,,,,,,,101-CD-T30,SO-41141,DN-2505,PMO - US,From RDC,N/A - From RDC,Air,11/21/2011,16-Mar-12,14-Mar-12,14-Mar-12,ARV,Adult,"Lamivudine/Tenofovir Disoproxil Fumarate 300/300mg, tablets, 30 Tabs",Tablet - FDC,30.0,53.0,322.24,6.08,0.2,Mylan (formerly Matrix) Nashik,Yes,220,2110.2,0.45,
83774,,FPQ-13071,,,Guyana,,,,,,N/A - From RDC,,,,,,SCMS from RDC,,Lamivudine,Generic,150mg,,,,,,,,,,,,105-GY-T30,SO-46800,DN-3585,PMO - US,From RDC,N/A - From RDC,Air,10/9/2013,31-Mar-14,3-Apr-14,6-Jun-14,ARV,Adult,"Lamivudine 150mg, tablets, 60 Tabs",Tablet,60.0,188.0,374.12,1.99,0.03,"Aurobindo Unit III, India",No,See DN-3585 (ID#:83223),See DN-3585 (ID#:83223),0.38,
64003,,,,,Côte d'Ivoire,,,,,,7/7/2009,,,,,,"Standard Diagnostics, Inc.",,"HIV 1/2, Bioline 3.0 Kit (no accessories)",Bioline,,,,,,,,,,,,,104-CI-T30,SCMS-48610,ASN-4585,PMO - US,Direct Drop,EXW,Air,6/19/2009,17-Aug-09,17-Aug-09,17-Aug-09,HRDT,HIV test,"HIV 1/2, Bioline 3.0 Kit, (no accessories), 30 Tests",Test kit,30.0,1800.0,43200.0,24.0,0.8,"Standard Diagnostics, Korea",Yes,560,5180.34,84.67,FPQ-3885
31740,,FPQ-6262,,,South Africa,,,,,,9/24/2010,,,,,,Aurobindo Pharma Limited,,Lamivudine,Generic,10mg/ml,,,,,,,,,,,,161-ZA-T30,SCMS-83830,ASN-9486,PMO - US,Direct Drop,DDP,Ocean,8/31/2010,4-Mar-11,4-Mar-11,4-Mar-11,ARV,Pediatric,"Lamivudine 10mg/ml, oral solution w/syringe, Bottle, 240 ml",Oral solution,240.0,6736.0,13606.72,2.02,0.01,"Aurobindo Unit III, India",No,See ASN-9486 (ID#:24187),See ASN-9486 (ID#:24187),29.34,
78985,,,,,Zambia,,,,,,9/11/2009,,,,,,"Orgenics, Ltd",,"HIV 1/2, Determine Complete HIV Kit",Determine,,,,,,,,,,,,,110-ZM-T30,SCMS-53261,ASN-5855,PMO - US,Direct Drop,EXW,Air,8/31/2009,28-Jan-10,27-Jan-10,27-Jan-10,HRDT,HIV test,"HIV 1/2, Determine Complete HIV Kit, 100 Tests",Test kit,100.0,2282.0,164304.0,72.0,0.72,Inverness Japan,Yes,1106,16793.45,322.04,FPQ-4141
12093,,Pre-PQ Process,,,Mozambique,,,,,,N/A - From RDC,,,,,,SCMS from RDC,,Lopinavir/Ritonavir,Aluvia,200/50mg,,,,,,,,,,,,111-MZ-T01,SO-298,DN-304,PMO - US,From RDC,N/A - From RDC,Air,Pre-PQ Process,21-Sep-07,21-Sep-07,21-Sep-07,ARV,Adult,"Lopinavir/Ritonavir 200/50mg [Aluvia], tablets, 120 Tabs",Tablet,120.0,2698.0,110887.8,41.1,0.34,ABBVIE Ludwigshafen Germany,No,See DN-304 (ID#:10589),See DN-304 (ID#:10589),177.42,
84544,,,,,Uganda,,,,,,N/A - From RDC,,,,,,SCMS from RDC,,Lamivudine/Nevirapine/Zidovudine,Generic,150/300/200mg,,,,,,,,,,,,114-UG-T30,SO-34970,DN-1755,PMO - US,From RDC,N/A - From RDC,Truck,10/28/2009,1-Apr-10,25-Mar-10,25-Mar-10,ARV,Adult,"Lamivudine/Nevirapine/Zidovudine 150/200/300mg, tablets, 60 Tabs",Tablet - FDC,60.0,20000.0,224400.0,11.22,0.19,"Aurobindo Unit III, India",Yes,2356,16682.66,483.81,FPQ-4495
12920,111-MZ-T01,Pre-PQ Process,SO-26425,DN-1455,Mozambique,PMO - US,From RDC,N/A - From RDC,Truck,Date Not Captured,N/A - From RDC,17-Sep-09,17-Sep-09,17-Sep-09,ARV,Adult,SCMS from RDC,"Lamivudine/Nevirapine/Stavudine 150/200/30mg, tablets, 60 Tabs",Lamivudine/Nevirapine/Stavudine,Generic,150/200/30mg,Tablet - FDC,60.0,1604.0,11420.48,7.12,0.12,"Strides, Bangalore, India.",Yes,120,1799.88,22.38,,,,,,,,,,,,,,,,,,,,,,,,,,
61271,,FPQ-12777,,,Uganda,,,,,,8/9/2013,,,,,,Aurobindo Pharma Limited,,Nevirapine,Generic,10mg/ml,,,,,,,,,,,,114-UG-T30,SCMS-202560,ASN-22983,PMO - US,Direct Drop,EXW,Air,8/5/2013,10-Dec-13,12-Dec-13,13-Dec-13,ARV,Pediatric,"Nevirapine 10mg/ml, oral suspension w/syringe, Bottle, 100 ml",Oral suspension,100.0,11036.0,14346.8,1.3,0.01,"Aurobindo Unit III, India",Yes,2385,10898.12,17.75,
67091,,FPQ-16001,,,"Congo, DRC",,,,,,3/17/2015,,,,,,"Orgenics, Ltd",,"HIV 1/2, Determine Complete HIV Kit",Determine,,,,,,,,,,,,,101-CD-T30,SCMS-280220,ASN-32231,PMO - US,Direct Drop,EXW,Air,3/10/2015,23-Jul-15,23-Jul-15,29-Jul-15,HRDT,HIV test,"HIV 1/2, Determine Complete HIV Kit, 100 Tests",Test kit,100.0,81.0,6480.0,80.0,0.8,"Alere Medical Co., Ltd.",No,See ASN-32231 (ID#:13648),See ASN-32231 (ID#:13648),7.63,
72770,101-CD-T30,FPQ-14654,SCMS-253270,ASN-28379,"Congo, DRC",PMO - US,Direct Drop,EXW,Air,8/11/14,8/27/14,31-Dec-14,31-Dec-14,31-Dec-14,HRDT,HIV test - Ancillary,"Orgenics, Ltd","Chase Buffer, Determine, 100 Tests, 2.5ml x 1 Vial","Chase Buffer, Determine, 100 Tests, 2.5ml x 1 Vial",Determine,,Test kit - Ancillary,1.0,2683.0,13415.0,5.0,5.0,"Alere Medical Co., Ltd.",No,See ASN-28379 (ID#:32865),See ASN-28379 (ID#:32865),13.79,,,,,,,,,,,,,,,,,,,,,,,,,,
85448,,FPQ-12766,,,Rwanda,,,,,,N/A - From RDC,,,,,,SCMS from RDC,,Lamivudine/Tenofovir Disoproxil Fumarate,Generic,300/300mg,,,,,,,,,,,,107-RW-T30,SO-46480,DN-3579,PMO - US,From RDC,N/A - From RDC,Truck,8/2/2013,28-Mar-14,2-Apr-14,14-Apr-14,ARV,Adult,"Lamivudine/Tenofovir Disoproxil Fumarate 300/300mg, tablets, 30 Tabs",Tablet - FDC,30.0,36406.0,171108.2,4.7,0.16,Hetero Unit III Hyderabad IN,No,See DN-3579 (ID#:83217),See DN-3579 (ID#:83217),211.66,
4594,,,,,Guyana,,,,,,7/18/2008,,,,,,"Trinity Biotech, Plc",,"HIV 1/2, Uni-Gold HIV Kit",Uni-Gold,,,,,,,,,,,,,102-GY-T01,SCMS-27040,ASN-2473,PMO - US,Direct Drop,EXW,Air,Pre-PQ Process,1-Oct-08,1-Oct-08,1-Oct-08,HRDT,HIV test,"HIV 1/2, Uni-Gold HIV Kit, 20 Tests",Test kit,20.0,1062.0,33984.0,32.0,1.6,"Trinity Biotech, Plc",Yes,1062,3976.33,54.37,Pre-PQ Process
86782,111-MZ-T30,FPQ-15195,SO-50121,DN-4153,Mozambique,PMO - US,From RDC,N/A - From RDC,Truck,10/17/14,N/A - From RDC,30-Jun-15,10-Apr-15,20-Apr-15,ARV,Pediatric,SCMS from RDC,"Nevirapine 10mg/ml, oral suspension w/syringe, Bottle, 240 ml",Nevirapine,Generic,10mg/ml,Oral suspension,240.0,24871.0,37555.21,1.51,0.01,"Aurobindo Unit III, India",No,See DN-4153 (ID#:86170),See DN-4153 (ID#:86170),44.2,,,,,,,,,,,,,,,,,,,,,,,,,,
71917,,FPQ-12518,,,Rwanda,,,,,,8/12/2013,,,,,,"SHANGHAI KEHUA BIOENGINEERING CO.,LTD.  (KHB)",,"HIV 1/2, Colloidal Gold, Diagnostic Kit, Antibody",Colloidal Gold,,,,,,,,,,,,,107-RW-T30,SCMS-198222,ASN-24719,PMO - US,Direct Drop,EXW,Air,6/21/2013,27-Mar-14,27-Mar-14,8-May-14,HRDT,HIV test,"HIV 1/2, SKB Colloidal Gold, Diagnostic Kit, Antibody, 50 Tests",Test kit,1.0,2988.0,73206.0,24.5,24.5,"KHB Test Kit Facility, Shanghai China",Yes,1992,26266.34,90.56,
40364,,,,,South Africa,,,,,,6/17/2010,,,,,,Aurobindo Pharma Limited,,Efavirenz,Generic,600mg,,,,,,,,,,,,161-ZA-T30,SCMS-75660,ASN-8693,PMO - US,Direct Drop,DDP,Ocean,6/2/2010,12-Oct-10,15-Dec-10,15-Dec-10,ARV,Adult,"Efavirenz 600mg, tablets, 30 Tabs",Tablet,30.0,52516.0,236847.16,4.51,0.15,"Aurobindo Unit III, India",Yes,Weight Captured Separately,Freight Included in Commodity Cost,510.64,FPQ-5648
5277,,Pre-PQ Process,,,Uganda,,,,,,Date Not Captured,,,,,,SUN PHARMACEUTICAL INDUSTRIES LTD (RANBAXY LABORATORIES LIMITED),,Lamivudine,Generic,150mg,,,,,,,,,,,,114-UG-T01,SCMS-159,ASN-125,PMO - US,Direct Drop,EXW,Air,Pre-PQ Process,22-Dec-06,22-Dec-06,22-Dec-06,ARV,Adult,"Lamivudine 150mg, tablets, 60 Tabs",Tablet,60.0,6349.0,21269.15,3.35,0.06,"Ranbaxy, Paonta Shahib, India",Yes,369,2623.49,,
67389,,FPQ-5317,,,Vietnam,,,,,,3/25/2010,,,,,,Aurobindo Pharma Limited,,Stavudine,Generic,30mg,,,,,,,,,,,,108-VN-T30,SCMS-69240,ASN-7581,PMO - US,Direct Drop,EXW,Air,3/22/2010,13-Aug-10,13-Aug-10,13-Aug-10,ARV,Adult,"Stavudine 30mg, capsules, 60 Caps",Capsule,60.0,28496.0,39894.4,1.4,0.02,"Aurobindo Unit III, India",No,See ASN-7581 (ID#:42811),See ASN-7581 (ID#:42811),86.01,
36447,,FPQ-6708,,,South Africa,,,,,,12/14/2010,,,,,,Aurobindo Pharma Limited,,Tenofovir Disoproxil Fumarate,Generic,300mg,,,,,,,,,,,,161-ZA-T30,SCMS-93570,ASN-11801,PMO - US,Direct Drop,DDP,Ocean,11/26/2010,5-Oct-11,14-Oct-11,14-Oct-11,ARV,Adult,"Tenofovir Disoproxil Fumarate 300mg, tablets, 30 Tabs",Tablet,30.0,14155.0,94130.75,6.65,0.22,"Aurobindo Unit III, India",Yes,1321,9726.53,155.32,
5049,,,,,South Africa,,,,,,Date Not Captured,,,,,,S. BUYS WHOLESALER,,Zidovudine,Retrovir,300mg,,,,,,,,,,,,116-ZA-T01,SCMS-41160,ASN-3760,PMO - US,Direct Drop,DDP,Air,Pre-PQ Process,1-Apr-09,26-Nov-08,26-Nov-08,ARV,Adult,"Zidovudine 300mg [Retrovir], tablets, 60 Tabs",Tablet,60.0,500.0,6555.0,13.11,0.22,GSK Aranda,Yes,Weight Captured Separately,1521.4,12.85,Pre-PQ Process
48595,108-VN-T30,FPQ-15823,SCMS-277330,ASN-33152,Vietnam,PMO - US,Direct Drop,FCA,Air,2/13/15,3/4/15,13-Aug-15,13-Aug-15,13-Aug-15,ARV,Adult,ABBVIE LOGISTICS (FORMERLY ABBOTT LOGISTICS BV),"Ritonavir 100mg [Norvir], film coated tablets, 30 Tabs",Ritonavir,Norvir,100mg,Tablet,30.0,400.0,9304.0,23.26,0.78,ABBVIE Ludwigshafen Germany,No,See ASN-33152 (ID#:38571),See ASN-33152 (ID#:38571),10.95,,,,,,,,,,,,,,,,,,,,,,,,,,
83864,114-UG-T30,FPQ-15294,SO-50051,DN-4061,Uganda,PMO - US,From RDC,N/A - From RDC,Truck,11/3/14,N/A - From RDC,15-Jun-15,16-Jan-15,26-Jan-15,ARV,Adult,SCMS from RDC,"Efavirenz/Lamivudine/Tenofovir Disoproxil Fumarate 600/300/300mg, tablets, 30 Tabs",Efavirenz/Lamivudine/Tenofovir Disoproxil Fumarate,Generic,600/300/300mg,Tablet - FDC,30.0,350000.0,3416000.0,9.76,0.33,Mylan (formerly Matrix) Nashik,Yes,41041,40616.15,4020.63,,,,,,,,,,,,,,,,,,,,,,,,,,
83515,114-UG-T30,FPQ-7162,SO-39970,DN-2287,Uganda,PMO - US,From RDC,N/A - From RDC,Truck,2/14/11,N/A - From RDC,30-Jun-11,14-Jul-11,14-Jul-11,ARV,Adult,SCMS from RDC,"Lamivudine/Tenofovir Disoproxil Fumarate 300/300mg, tablets, 30 Tabs",Lamivudine/Tenofovir Disoproxil Fumarate,Generic,300/300mg,Tablet - FDC,30.0,30000.0,264600.0,8.82,0.29,Mylan (formerly Matrix) Nashik,Yes,2641,19673.48,436.59,,,,,,,,,,,,,,,,,,,,,,,,,,
19272,101-CD-T30,FPQ-16001,SCMS-280210,ASN-31750,"Congo, DRC",PMO - US,Direct Drop,EXW,Air,3/10/15,3/16/15,2-Jul-15,2-Jul-15,30-Jul-15,HRDT,HIV test,"Trinity Biotech, Plc","HIV 1/2, Uni-Gold HIV Kit, 20 Tests","HIV 1/2, Uni-Gold HIV Kit",Uni-Gold,,Test kit,20.0,70.0,2240.0,32.0,1.6,"Trinity Biotech, Plc",Yes,508,3918.37,2.64,,,,,,,,,,,,,,,,,,,,,,,,,,
11938,,Pre-PQ Process,,,Haiti,,,,,,N/A - From RDC,,,,,,SCMS from RDC,,Abacavir,Generic,300mg,,,,,,,,,,,,106-HT-T01,SO-23790,DN-1109,PMO - US,From RDC,N/A - From RDC,Air,Pre-PQ Process,10-Mar-09,10-Mar-09,10-Mar-09,ARV,Adult,"Abacavir 300mg, tablets, 60 Tabs",Tablet,60.0,450.0,11452.5,25.45,0.42,Mylan (formerly Matrix) Nashik,Yes,47,1432.88,22.45,
85565,,FPQ-14458,,,Zimbabwe,,,,,,N/A - From RDC,,,,,,SCMS from RDC,,Efavirenz/Lamivudine/Tenofovir Disoproxil Fumarate,Generic,600/300/300mg,,,,,,,,,,,,113-ZW-T30,SO-49160,DN-4155,PMO - US,From RDC,N/A - From RDC,Truck,6/13/2014,31-Mar-15,17-Mar-15,18-Mar-15,ARV,Adult,"Efavirenz/Lamivudine/Tenofovir Disoproxil Fumarate 600/300/300mg, tablets, 30 Tabs",Tablet - FDC,30.0,336000.0,3225600.0,9.6,0.32,Mylan (formerly Matrix) Nashik,Yes,37955,42077.59,3315.92,
12453,,Pre-PQ Process,,,Ethiopia,,,,,,N/A - From RDC,,,,,,SCMS from RDC,,Efavirenz,Generic,600mg,,,,,,,,,,,,117-ET-T01,SO-1522,DN-519,PMO - US,From RDC,N/A - From RDC,Air,Pre-PQ Process,31-Jan-08,31-Jan-08,31-Jan-08,ARV,Adult,"Efavirenz 600mg, tablets, 30 Tabs",Tablet,30.0,67624.0,839890.08,12.42,0.41,"Aurobindo Unit III, India",Yes,5840,20222.4,1343.82,
86239,,FPQ-3815,,,Nigeria,,,,,,N/A - From RDC,,,,,,SCMS from RDC,,Stavudine,Generic,30mg,,,,,,,,,,,,154-NG-T30,SO-32260,DN-1452,PMO - US,From RDC,N/A - From RDC,Air Charter,5/26/2009,30-Oct-09,20-Oct-09,20-Oct-09,ARV,Adult,"Stavudine 30mg, capsules, 60 Caps",Capsule,60.0,63.0,91.98,1.46,0.02,"Aurobindo Unit III, India",No,See DN-1452 (ID#:82272),See DN-1452 (ID#:82272),0.18,
85122,,,,,Nigeria,,,,,,N/A - From RDC,,,,,,SCMS from RDC,,Lamivudine/Zidovudine,Generic,150/300mg,,,,,,,,,,,,151-NG-T30,SO-35055,DN-1855,PMO - US,From RDC,N/A - From RDC,Air,11/6/2009,31-May-10,18-May-10,18-May-10,ARV,Adult,"Lamivudine/Zidovudine 150/300mg, tablets, 60 Tabs",Tablet - FDC,60.0,176143.0,1543012.68,8.76,0.15,Hetero Unit III Hyderabad IN,Yes,15200,9735.95,3326.74,FPQ-4537
61090,,,,,Côte d'Ivoire,,,,,,1/25/2010,,,,,,ABBVIE LOGISTICS (FORMERLY ABBOTT LOGISTICS BV),,Lopinavir/Ritonavir,Aluvia,200/50mg,,,,,,,,,,,,104-CI-T30,SCMS-63750,ASN-6169,PMO - US,Direct Drop,FCA,Air,12/8/2009,5-Mar-10,5-Mar-10,5-Mar-10,ARV,Adult,"Lopinavir/Ritonavir 200/50mg [Aluvia], tablets, 120 Tabs",Tablet,120.0,3240.0,117158.4,36.16,0.3,ABBVIE Ludwigshafen Germany,Yes,800,5322.35,252.59,FPQ-4932
74694,,FPQ-14942,,,South Africa,,,,,,3/9/2015,,,,,,PHARMACY DIRECT,,Efavirenz,Generic,200mg,,,,,,,,,,,,116-ZA-T30,SCMS-259074,ASN-31070,PMO - US,Direct Drop,DDP,Truck,9/11/2014,9-Mar-15,9-Mar-15,9-Mar-15,ARV,Pediatric,"Efavirenz 200mg, capsule, 90 Caps",Capsule,90.0,3.0,51.12,17.04,0.19,"Aurobindo Unit III, India",No,Weight Captured Separately,Freight Included in Commodity Cost,0.05,
19146,,FPQ-14942,,,South Africa,,,,,,5/11/2015,,,,,,PHARMACY DIRECT,,Zidovudine,Generic,300mg,,,,,,,,,,,,116-ZA-T30,SCMS-259075,ASN-32122,PMO - US,Direct Drop,DDP,Truck,9/11/2014,12-May-15,12-May-15,12-May-15,ARV,Adult,"Zidovudine 300mg, tablets, 60 Tabs",Tablet,60.0,11.0,198.35,18.03,0.3,"Aurobindo Unit III, India",No,Weight Captured Separately,Freight Included in Commodity Cost,0.2,
84603,110-ZM-T30,FPQ-6221,SO-37320,DN-2054,Zambia,PMO - US,From RDC,N/A - From RDC,Truck,8/20/10,N/A - From RDC,31-Dec-10,25-Nov-10,25-Nov-10,ARV,Adult,SCMS from RDC,"Lamivudine/Nevirapine/Stavudine 150/200/30mg, tablets, 60 Tabs",Lamivudine/Nevirapine/Stavudine,Generic,150/200/30mg,Tablet - FDC,60.0,3653.0,19835.79,5.43,0.09,"Cipla, Goa, India",No,See DN-2054 (ID#:83465),See DN-2054 (ID#:83465),42.77,,,,,,,,,,,,,,,,,,,,,,,,,,
84227,,,,,Côte d'Ivoire,,,,,,N/A - From RDC,,,,,,SCMS from RDC,,Lamivudine/Nevirapine/Zidovudine,Generic,150/300/200mg,,,,,,,,,,,,104-CI-T30,SO-43321,DN-3019,PMO - US,From RDC,N/A - From RDC,Truck,9/11/2012,28-Feb-13,28-Feb-13,28-Feb-13,ARV,Adult,"Lamivudine/Nevirapine/Zidovudine 150/200/300mg, tablets, 60 Tabs",Tablet - FDC,60.0,36240.0,310939.2,8.58,0.14,"Aurobindo Unit III, India",Yes,13509,36857.21,435.94,FPQ-10633
57493,,,,,Côte d'Ivoire,,,,,,4/26/2010,,,,,,BRISTOL-MYERS SQUIBB,,Didanosine,Videx,50mg,,,,,,,,,,,,104-CI-T30,SCMS-71910,ASN-7323,PMO - US,Direct Drop,CIP,Air,4/19/2010,6-Jul-10,6-Jul-10,6-Jul-10,ARV,Pediatric,"Didanosine 50mg [Videx], chewable tablets, 60 Tabs",Chewable/dispersible tablet,60.0,2000.0,19000.0,9.5,0.16,"BMS Meymac, France",Yes,391,830.05,40.96,FPQ-5544
85041,,FPQ-15197,,,Zimbabwe,,,,,,N/A - From RDC,,,,,,SCMS from RDC,,Lamivudine/Zidovudine,Generic,30/60mg,,,,,,,,,,,,103-ZW-T30,SO-50020,DN-4307,PMO - US,From RDC,N/A - From RDC,Truck,10/16/2014,31-Jul-15,15-Jul-15,20-Jul-15,ARV,Pediatric,"Lamivudine/Zidovudine 30/60mg, dispersible tablets, 60 Tabs",Chewable/dispersible tablet - FDC,60.0,2741.0,5454.59,1.99,0.03,"Mylan,  H-12 & H-13, India",No,See DN-4307 (ID#:83920),See DN-4307 (ID#:83920),6.42,
12014,106-HT-T01,Pre-PQ Process,SO-32720,DN-1466,Haiti,PMO - US,From RDC,N/A - From RDC,Air,Date Not Captured,N/A - From RDC,21-Oct-09,21-Oct-09,21-Oct-09,ARV,Adult,SCMS from RDC,"Nevirapine 200mg, tablets, 60 Tabs",Nevirapine,Generic,200mg,Tablet,60.0,15825.0,45892.5,2.9,0.05,"Aurobindo Unit III, India",No,See DN-1466 (ID#:11357),See DN-1466 (ID#:11357),89.95,,,,,,,,,,,,,,,,,,,,,,,,,,
40821,901-CM-T30,FPQ-12528,SCMS-196500,ASN-22068,Cameroon,PMO - US,Direct Drop,EXW,Air,6/21/13,6/28/13,9-Nov-13,30-Oct-13,31-Oct-13,ARV,Adult,CIPLA LIMITED,"Lamivudine/Tenofovir Disoproxil Fumarate 300/300mg, tablets, 30 Tabs",Lamivudine/Tenofovir Disoproxil Fumarate,Generic,300/300mg,Tablet - FDC,30.0,12600.0,57960.0,4.6,0.15,"Cipla, Kurkumbh, India",Yes,1278,15106.61,71.7,,,,,,,,,,,,,,,,,,,,,,,,,,
84307,107-RW-T30,FPQ-12190,SO-45401,DN-3424,Rwanda,PMO - US,From RDC,N/A - From RDC,Truck,5/6/13,N/A - From RDC,29-Nov-13,5-Feb-14,24-Feb-14,ARV,Pediatric,SCMS from RDC,"Lamivudine 10mg/ml, oral solution w/syringe, Bottle, 240 ml",Lamivudine,Generic,10mg/ml,Oral solution,240.0,5233.0,7587.85,1.45,0.01,"Aurobindo Unit III, India",Yes,1855,6638.3,9.39,,,,,,,,,,,,,,,,,,,,,,,,,,
83661,,FPQ-11281,,,Haiti,,,,,,N/A - From RDC,,,,,,SCMS from RDC,,Lopinavir/Ritonavir,Generic,200/50mg,,,,,,,,,,,,106-HT-T30,SO-44400,DN-3015,PMO - US,From RDC,N/A - From RDC,Air,1/16/2013,9-Apr-13,14-Mar-13,14-Mar-13,ARV,Adult,"Lopinavir/Ritonavir 200/50mg, tablets, 120 Tabs",Tablet,120.0,6160.0,152521.6,24.76,0.21,Mylan (formerly Matrix) Nashik,No,See DN-3015 (ID#:82554),See DN-3015 (ID#:82554),188.67,
63807,104-CI-T30,FPQ-12714,SCMS-205010,ASN-23353,Côte d'Ivoire,PMO - US,Direct Drop,EXW,Air,7/30/13,9/2/13,3-Jan-14,3-Jan-14,6-Jan-14,ARV,Pediatric,Aurobindo Pharma Limited,"Nevirapine 50mg, dispersible tablets (tablets for oral suspension), 30 Tabs",Nevirapine,Generic,50mg,Chewable/dispersible tablet,30.0,6500.0,8125.0,1.25,0.04,"Aurobindo Unit III, India",Yes,406,4837.38,10.05,,,,,,,,,,,,,,,,,,,,,,,,,,
84445,114-UG-T30,FPQ-15638,SO-50630,DN-4109,Uganda,PMO - US,From RDC,N/A - From RDC,Air,12/22/14,N/A - From RDC,17-Feb-15,9-Feb-15,17-Feb-15,ARV,Adult,SCMS from RDC,"Nevirapine 200mg, tablets, 60 Tabs",Nevirapine,Generic,200mg,Tablet,60.0,74896.0,163273.28,2.18,0.04,"Aurobindo Unit III, India",Yes,7183,41735,192.17,,,,,,,,,,,,,,,,,,,,,,,,,,
85212,,FPQ-8736,,,Kenya,,,,,,N/A - From RDC,,,,,,SCMS from RDC,,Nevirapine,Generic,10mg/ml,,,,,,,,,,,,102-KE-T30,SO-41070,DN-2436,PMO - US,From RDC,N/A - From RDC,Air,11/1/2011,30-Nov-11,11-Nov-11,11-Nov-11,ARV,Pediatric,"Nevirapine 10mg/ml, oral suspension w/syringe, Bottle, 240 ml",Oral suspension,240.0,4000.0,7800.0,1.95,0.01,"Aurobindo Unit III, India",Yes,1496,5752.74,10.94,
41414,116-ZA-T30,FPQ-12522,SCMS-199283,ASN-27976,South Africa,PMO - US,Direct Drop,DDP,Truck,7/11/13,8/27/14,27-Aug-14,27-Aug-14,27-Aug-14,ARV,Adult,S. BUYS WHOLESALER,"Efavirenz 600mg, tablets, 30 Tabs",Efavirenz,Generic,600mg,Tablet,30.0,257.0,4298.6,16.73,0.56,Hetero Unit III Hyderabad IN,No,Weight Captured Separately,Freight Included in Commodity Cost,5.32,,,,,,,,,,,,,,,,,,,,,,,,,,
11894,113-ZW-T01,Pre-PQ Process,SO-1922,DN-644,Zimbabwe,PMO - US,From RDC,N/A - From RDC,Truck,Pre-PQ Process,N/A - From RDC,12-Mar-08,12-Mar-08,12-Mar-08,ARV,Adult,SCMS from RDC,"Zidovudine 300mg, tablets, 60 Tabs",Zidovudine,Generic,300mg,Tablet,60.0,525.0,4278.75,8.15,0.14,"Aurobindo Unit III, India",Yes,395,1746.3,6.85,,,,,,,,,,,,,,,,,,,,,,,,,,
8213,,Pre-PQ Process,,,Nigeria,,,,,,12/20/2007,,,,,,BUNDI INTERNATIONAL DIAGNOSTICS LTD,,"HIV 1/2, Bundi Rapid HIV Kit",Bundi,,,,,,,,,,,,,102-NG-T01,SCMS-15060,ASN-1366,PMO - US,Direct Drop,DDP,,Pre-PQ Process,24-Jan-08,24-Jan-08,24-Jan-08,HRDT,HIV test,"HIV 1/2, Bundi Rapid HIV Kit, 25 Tests",Test kit,1.0,600.0,22500.0,37.5,37.5,Not Applicable,Yes,Weight Captured Separately,Freight Included in Commodity Cost,36.0,
9658,,,,,South Africa,,,,,,2/20/2008,,,,,,S. BUYS WHOLESALER,,Efavirenz,Stocrin/Sustiva,50mg,,,,,,,,,,,,116-ZA-T01,SCMS-19800,ASN-1665,PMO - US,Direct Drop,DDP,Truck,Pre-PQ Process,24-Apr-08,24-Apr-08,24-Apr-08,ARV,Pediatric,"Efavirenz 50mg [Stocrin/Sustiva], capsule, 30 Caps",Capsule,30.0,200.0,596.0,2.98,0.1,"MSD Midrand, J'burg, SA",No,Weight Captured Separately,Freight Included in Commodity Cost,0.95,Pre-PQ Process
48044,,,,,South Sudan,,,,,,2/27/2013,,,,,,"Orgenics, Ltd",,"HIV 1/2, Determine Complete HIV Kit",Determine,,,,,,,,,,,,,900-SS-T30,SCMS-178030,ASN-19143,PMO - US,Direct Drop,EXW,Air,2/8/2013,16-Aug-13,16-Aug-13,16-Aug-13,HRDT,HIV test,"HIV 1/2, Determine Complete HIV Kit, 100 Tests",Test kit,100.0,204.0,18156.0,89.0,0.89,"Alere Medical Co., Ltd.",No,See ASN-19143 (ID#:26345),See ASN-19143 (ID#:26345),22.46,FPQ-11623
2680,110-ZM-T01,Pre-PQ Process,SCMS-137,ASN-95,Zambia,PMO - US,Direct Drop,EXW,Air,Pre-PQ Process,Date Not Captured,29-Jan-07,29-Jan-07,29-Jan-07,ARV,Pediatric,Aurobindo Pharma Limited,"Abacavir 20mg/ml, oral solution, Bottle, 240 ml",Abacavir,Generic,20mg/ml,Oral solution,240.0,906.0,19071.3,21.05,0.09,"Aurobindo Unit III, India",Yes,316,3850.8,,,,,,,,,,,,,,,,,,,,,,,,,,,
10764,,Pre-PQ Process,,,Mozambique,,,,,,N/A - From RDC,,,,,,SCMS from RDC,,Lamivudine/Nevirapine/Stavudine,Generic,150/200/30mg,,,,,,,,,,,,111-MZ-T01,SO-28550,DN-1215,PMO - US,From RDC,N/A - From RDC,Air,Pre-PQ Process,28-Jun-09,28-Jun-09,28-Jun-09,ARV,Adult,"Lamivudine/Nevirapine/Stavudine 150/200/30mg, tablets, 60 Tabs",Tablet - FDC,60.0,47392.0,341222.4,7.2,0.12,"Cipla, Goa, India",Yes,7113,3599.76,668.8,
29140,108-VN-T30,FPQ-12539,SCMS-199730,ASN-22935,Vietnam,PMO - US,Direct Drop,EXW,Air,7/11/13,7/25/13,24-Dec-13,24-Dec-13,23-Dec-13,ARV,Adult,Aurobindo Pharma Limited,"Abacavir 300mg, tablets, 60 Tabs",Abacavir,Generic,300mg,Tablet,60.0,809.0,9222.6,11.4,0.19,"Aurobindo Unit III, India",Yes,81,459.72,11.41,,,,,,,,,,,,,,,,,,,,,,,,,,
86376,,FPQ-6800,,,Nigeria,,,,,,N/A - From RDC,,,,,,SCMS from RDC,,Efavirenz/Emtricitabine/Tenofovir Disoproxil Fumarate,Generic,600/200/300mg,,,,,,,,,,,,151-NG-T30,SO-39180,DN-2168,PMO - US,From RDC,N/A - From RDC,Air Charter,12/7/2010,21-Jun-11,11-May-11,11-May-11,ARV,Adult,"Efavirenz/Emtricitabine/Tenofovir Disoproxil Fumarate 600/200/300mg, tablets, 30 Tabs",Tablet - FDC,30.0,30000.0,597600.0,19.92,0.66,Mylan (formerly Matrix) Nashik,Yes,3272,12601.07,986.04,
11517,107-RW-T01,Pre-PQ Process,SO-1534,DN-590,Rwanda,PMO - US,From RDC,N/A - From RDC,Air,Pre-PQ Process,N/A - From RDC,29-Feb-08,29-Feb-08,29-Feb-08,ARV,Adult,SCMS from RDC,"Lopinavir/Ritonavir 200/50mg [Aluvia], tablets, 120 Tabs",Lopinavir/Ritonavir,Aluvia,200/50mg,Tablet,120.0,600.0,24660.0,41.1,0.34,ABBVIE (Abbott) Logis. UK,Yes,859,5531.4,39.46,,,,,,,,,,,,,,,,,,,,,,,,,,
73095,116-ZA-T30,FPQ-14942,SCMS-259073,ASN-30671,South Africa,PMO - US,Direct Drop,DDP,Truck,9/11/14,2/12/15,12-Feb-15,12-Feb-15,12-Feb-15,ARV,Adult,PHARMACY DIRECT,"Zidovudine 300mg, tablets, 60 Tabs",Zidovudine,Generic,300mg,Tablet,60.0,11.0,198.34,18.03,0.3,"Aurobindo Unit III, India",No,Weight Captured Separately,Freight Included in Commodity Cost,0.2,,,,,,,,,,,,,,,,,,,,,,,,,,
76298,101-KE-T30,FPQ-10314,SCMS-153910,ASN-17659,Kenya,PMO - US,Direct Drop,CIP,Air,7/12/12,11/6/12,28-Feb-13,28-Feb-13,28-Feb-13,HRDT,HIV test,"Orgenics, Ltd","HIV 1/2, Determine Complete HIV Kit, 100 Tests","HIV 1/2, Determine Complete HIV Kit",Determine,,Test kit,100.0,6152.0,547528.0,89.0,0.89,"Alere Medical Co., Ltd.",Yes,1059,91.67,767.63,,,,,,,,,,,,,,,,,,,,,,,,,,
5058,116-ZA-T01,Pre-PQ Process,SCMS-41465,ASN-4614,South Africa,PMO - US,Direct Drop,DDP,Air,Pre-PQ Process,3/18/09,25-Jun-09,25-Jun-09,25-Jun-09,ARV,Pediatric,S. BUYS WHOLESALER,"Lamivudine 10mg/ml, oral solution, Bottle, 240 ml",Lamivudine,Generic,10mg/ml,Oral solution,240.0,108.0,610.2,5.65,0.02,"Aurobindo Unit III, India",Yes,Weight Captured Separately,Freight Included in Commodity Cost,1.2,,,,,,,,,,,,,,,,,,,,,,,,,,
11993,114-UG-T01,Pre-PQ Process,SO-30080,DN-1322,Uganda,PMO - US,From RDC,N/A - From RDC,Air,Date Not Captured,N/A - From RDC,17-Jul-09,17-Jul-09,17-Jul-09,ARV,Adult,SCMS from RDC,"Lamivudine/Nevirapine/Stavudine 150/200/30mg, tablets, 60 Tabs",Lamivudine/Nevirapine/Stavudine,Generic,150/200/30mg,Tablet - FDC,60.0,4340.0,30900.8,7.12,0.12,"Strides, Bangalore, India.",Yes,322,3017.15,60.57,,,,,,,,,,,,,,,,,,,,,,,,,,
56899,109-TZ-T30,FPQ-12197,SCMS-189360,ASN-21235,Tanzania,PMO - US,Direct Drop,EXW,Air,4/30/13,5/29/13,17-Sep-13,16-Sep-13,16-Sep-13,HRDT,HIV test,"Standard Diagnostics, Inc.","HIV 1/2, Determine Complete HIV Kit, 100 Tests","HIV 1/2, Determine Complete HIV Kit",Determine,,Test kit,100.0,2330.0,0.0,0.0,0.0,"Alere Medical Co., Ltd.",Yes,965,16382.89,0.0,,,,,,,,,,,,,,,,,,,,,,,,,,
82332,,FPQ-5201,,,Côte d'Ivoire,,,,,,N/A - From RDC,,,,,,SCMS from RDC,,Nevirapine,Generic,10mg/ml,,,,,,,,,,,,104-CI-T30,SO-36370,DN-1877,PMO - US,From RDC,N/A - From RDC,Air,3/3/2010,9-Jul-10,5-Jul-10,5-Jul-10,ARV,Pediatric,"Nevirapine 10mg/ml, oral suspension, Bottle, 240 ml",Oral suspension,240.0,3872.0,7085.76,1.83,0.01,"Aurobindo Unit III, India",Yes,1438,5121.68,15.28,
11384,,Pre-PQ Process,,,Rwanda,,,,,,N/A - From RDC,,,,,,SCMS from RDC,,Stavudine,Generic,30mg,,,,,,,,,,,,107-RW-T01,SO-481,DN-100,PMO - US,From RDC,N/A - From RDC,Air,Pre-PQ Process,14-May-07,14-May-07,14-May-07,ARV,Adult,"Stavudine 30mg, capsules, 60 Caps",Capsule,60.0,117.0,188.37,1.61,0.03,"Strides, Bangalore, India.",No,See DN-100 (ID#:10823),See DN-100 (ID#:10823),,
81747,,,,,Mozambique,,,,,,12/17/2013,,,,,,HETERO LABS LIMITED,,Lamivudine/Nevirapine/Zidovudine,Generic,150/300/200mg,,,,,,,,,,,,111-MZ-T30,SCMS-219220,ASN-25455,PMO - US,Direct Drop,EXW,Air,12/11/2013,2-May-14,2-May-14,7-May-14,ARV,Adult,"Lamivudine/Nevirapine/Zidovudine 150/200/300mg, tablets, 60 Tabs",Tablet - FDC,60.0,24816.0,201257.76,8.11,0.14,Hetero Unit III Hyderabad IN,Yes,3392,16835.52,206.89,FPQ-13395
83495,,FPQ-7347,,,Tanzania,,,,,,N/A - From RDC,,,,,,SCMS from RDC,,Efavirenz,Generic,600mg,,,,,,,,,,,,109-TZ-T30,SO-39000,DN-2152,PMO - US,From RDC,N/A - From RDC,Air,3/7/2011,7-Apr-11,28-Mar-11,28-Mar-11,ARV,Adult,"Efavirenz 600mg, tablets, 30 Tabs",Tablet,30.0,49000.0,206780.0,4.22,0.14,Mylan (formerly Matrix) Nashik,Yes,4030,15707.3,341.19,
26188,109-TZ-T30,FPQ-7909,SCMS-114980,ASN-11930,Tanzania,PMO - US,Direct Drop,EXW,Air,6/24/11,7/18/11,29-Sep-11,29-Sep-11,29-Sep-11,HRDT,HIV test,"Standard Diagnostics, Inc.","HIV 1/2, Bioline 3.0 Kit, Lancets, Capillary pipets, Alcohol swabs included, 25 Tests","HIV 1/2, Bioline 3.0 Kit, Lancets, Capillary pipets, Alcohol swabs included",Bioline,,Test kit,25.0,10000.0,200000.0,20.0,0.8,"Standard Diagnostics, Korea",Yes,3334,23030.38,330.0,,,,,,,,,,,,,,,,,,,,,,,,,,
83855,,,,,"Congo, DRC",,,,,,N/A - From RDC,,,,,,SCMS from RDC,,Efavirenz,Generic,600mg,,,,,,,,,,,,101-CD-T30,SO-49290,DN-3975,PMO - US,From RDC,N/A - From RDC,Air,7/14/2014,30-Jan-15,18-Feb-15,23-Feb-15,ARV,Adult,"Efavirenz 600mg, tablets, 30 Tabs",Tablet,30.0,2660.0,8352.4,3.14,0.1,"Micro labs, Verna, Goa, India",No,See DN-3975 (ID#:82748),See DN-3975 (ID#:82748),8.59,FPQ-14576
52871,,,,,South Africa,,,,,,3/19/2010,,,,,,Aurobindo Pharma Limited,,Lamivudine,Generic,150mg,,,,,,,,,,,,161-ZA-T30,SCMS-68980,ASN-7663,PMO - US,Direct Drop,DDP,Air,3/18/2010,24-Aug-10,20-Sep-10,20-Sep-10,ARV,Adult,"Lamivudine 150mg, tablets, 60 Tabs",Tablet,60.0,33711.0,85288.83,2.53,0.04,"Aurobindo Unit III, India",Yes,1810,2016.42,183.88,FPQ-5303
47025,,FPQ-5303,,,South Africa,,,,,,3/19/2010,,,,,,Aurobindo Pharma Limited,,Efavirenz,Generic,600mg,,,,,,,,,,,,161-ZA-T30,SCMS-68860,ASN-6883,PMO - US,Direct Drop,DDP,Air,3/18/2010,1-Jun-10,1-Jun-10,1-Jun-10,ARV,Adult,"Efavirenz 600mg, tablets, 30 Tabs",Tablet,30.0,34044.0,158985.48,4.67,0.16,"Aurobindo Unit III, India",Yes,2892,6105.79,342.77,
85341,105-GY-T30,FPQ-11546,SO-44530,DN-3059,Guyana,PMO - US,From RDC,N/A - From RDC,Truck,1/28/13,N/A - From RDC,18-Apr-13,15-Mar-13,15-Mar-13,ARV,Adult,SCMS from RDC,"Lamivudine 150mg, tablets, 60 Tabs",Lamivudine,Generic,150mg,Tablet,60.0,529.0,1052.71,1.99,0.03,Hetero Unit III Hyderabad IN,No,See DN-3059 (ID#:82560),See DN-3059 (ID#:82560),1.3,,,,,,,,,,,,,,,,,,,,,,,,,,
9080,116-ZA-T01,Pre-PQ Process,SCMS-47320,ASN-4224,South Africa,PMO - US,Direct Drop,DDP,Truck,Pre-PQ Process,4/2/09,15-May-09,15-May-09,15-May-09,ARV,Adult,S. BUYS WHOLESALER,"Didanosine EC 400mg [Videx EC], delayed-release capsules, Blister 3 x 10 Caps",Didanosine EC,Videx EC,400mg,Delayed-release capsules - blister,30.0,80.0,1502.4,18.78,0.63,"BMS Meymac, France",Yes,Weight Captured Separately,Freight Included in Commodity Cost,2.94,,,,,,,,,,,,,,,,,,,,,,,,,,
81579,,,,,Kenya,,,,,,6/14/2012,,,,,,"Orgenics, Ltd",,"HIV 1/2, Determine Complete HIV Kit",Determine,,,,,,,,,,,,,103-KE-T30,SCMS-149610,ASN-15670,PMO - US,Direct Drop,EXW,Air,6/5/2012,9-Jul-12,30-Jul-12,30-Jul-12,HRDT,HIV test,"HIV 1/2, Determine Complete HIV Kit, 100 Tests",Test kit,100.0,4.0,356.0,89.0,0.89,"Alere Medical Co., Ltd.",Yes,1413,15387.63,0.5,FPQ-10018
84607,,FPQ-5523,,,Haiti,,,,,,N/A - From RDC,,,,,,SCMS from RDC,,Efavirenz,Generic,50mg,,,,,,,,,,,,106-HT-T30,SO-36730,DN-2059,PMO - US,From RDC,N/A - From RDC,Air,4/19/2010,26-Nov-10,15-Dec-10,15-Dec-10,ARV,Pediatric,"Efavirenz 50mg, capsule, 30 Caps",Capsule,30.0,1778.0,3982.72,2.24,0.07,"Aurobindo Unit III, India",No,See DN-2059 (ID#:84053),See DN-2059 (ID#:84053),8.59,
67614,,,,,South Sudan,,,,,,2/20/2015,,,,,,"Orgenics, Ltd",,"HIV 1/2, Determine Complete HIV Kit",Determine,,,,,,,,,,,,,105-SS-T30,SCMS-272160,ASN-31337,PMO - US,Direct Drop,EXW,Air,12/29/2014,3-Jun-15,3-Jun-15,5-Jun-15,HRDT,HIV test,"HIV 1/2, Determine Complete HIV Kit, 100 Tests",Test kit,100.0,90.0,8010.0,89.0,0.89,"Alere Medical Co., Ltd.",No,See ASN-31337 (ID#:26619),See ASN-31337 (ID#:26619),9.43,FPQ-15569
83883,,,,,Mozambique,,,,,,N/A - From RDC,,,,,,SCMS from RDC,,Abacavir,Generic,300mg,,,,,,,,,,,,111-MZ-T30,SO-48886,DN-4115,PMO - US,From RDC,N/A - From RDC,Truck,5/2/2014,16-Mar-15,30-Mar-15,30-Mar-15,ARV,Adult,"Abacavir 300mg, tablets, 60 Tabs",Tablet,60.0,5280.0,59294.4,11.23,0.19,"Aurobindo Unit III, India",No,See DN-4115 (ID#:83306),See DN-4115 (ID#:83306),60.95,FPQ-14226
86251,114-UG-T30,FPQ-4497,SO-34840,DN-1598,Uganda,PMO - US,From RDC,N/A - From RDC,Air,10/28/09,N/A - From RDC,17-Feb-10,23-Dec-09,23-Dec-09,ARV,Adult,SCMS from RDC,"Lamivudine/Tenofovir Disoproxil Fumarate 300/300mg, tablets, 30 Tabs",Lamivudine/Tenofovir Disoproxil Fumarate,Generic,300/300mg,Tablet - FDC,30.0,1100.0,11000.0,10.0,0.33,Mylan (formerly Matrix) Nashik,No,See DN-1598 (ID#:83392),See DN-1598 (ID#:83392),23.72,,,,,,,,,,,,,,,,,,,,,,,,,,
33760,,,,,Vietnam,,,,,,7/8/2011,,,,,,STRIDES ARCOLAB LIMITED,,Efavirenz,Generic,600mg,,,,,,,,,,,,108-VN-T30,SCMS-113611,ASN-14064,PMO - US,Direct Drop,EXW,Air,6/27/2011,29-Mar-12,29-Mar-12,29-Mar-12,ARV,Adult,"Efavirenz 600mg, tablets, 30 Tabs",Tablet,30.0,18854.0,77301.4,4.1,0.14,"Strides, Bangalore, India.",Yes,1146,5977.2,127.55,FPQ-7898
52488,,FPQ-14305,,,Nigeria,,,,,,6/2/2014,,,,,,"Orgenics, Ltd",,"HIV 1/2, Determine Complete HIV Kit",Determine,,,,,,,,,,,,,133-NG-T30,SCMS-240830,ASN-27469,PMO - US,Direct Drop,EXW,Air,5/16/2014,19-Aug-14,9-Sep-14,29-Sep-14,HRDT,HIV test,"HIV 1/2, Determine Complete HIV Kit, 100 Tests",Test kit,100.0,3154.0,280706.0,89.0,0.89,"Alere Medical Co., Ltd.",Yes,1279,19112.91,288.57,
11383,,Pre-PQ Process,,,Zambia,,,,,,N/A - From RDC,,,,,,SCMS from RDC,,Abacavir,Generic,300mg,,,,,,,,,,,,110-ZM-T01,SO-206,DN-69,PMO - US,From RDC,N/A - From RDC,,Pre-PQ Process,20-Apr-07,20-Apr-07,20-Apr-07,ARV,Adult,"Abacavir 300mg, tablets, 60 Tabs",Tablet,60.0,5000.0,177500.0,35.5,0.59,"Aurobindo Unit III, India",Yes,239,1684.15,,
83645,113-ZW-T30,FPQ-10632,SO-43221,DN-2975,Zimbabwe,PMO - US,From RDC,N/A - From RDC,Truck,9/11/12,N/A - From RDC,21-Dec-12,13-Dec-12,13-Dec-12,ARV,Adult,SCMS from RDC,"Efavirenz 600mg, tablets, 30 Tabs",Efavirenz,Generic,600mg,Tablet,30.0,252.0,897.12,3.56,0.12,"Emcure Plot No.P-2, I.T-B.T. Park, Phase II, MIDC, Hinjwadi, Pune, India",No,See DN-2975 (ID#:82536),See DN-2975 (ID#:82536),1.26,,,,,,,,,,,,,,,,,,,,,,,,,,
83760,,FPQ-12766,,,Rwanda,,,,,,N/A - From RDC,,,,,,SCMS from RDC,,Lamivudine/Zidovudine,Generic,150/300mg,,,,,,,,,,,,107-RW-T30,SO-46490,DN-3520,PMO - US,From RDC,N/A - From RDC,Truck,8/2/2013,31-Jan-14,25-Feb-14,12-Mar-14,ARV,Adult,"Lamivudine/Zidovudine 150/300mg, tablets, 60 Tabs",Tablet - FDC,60.0,8600.0,57878.0,6.73,0.11,"Cipla, Goa, India",Yes,770,9828.73,71.6,
11521,,Pre-PQ Process,,,Zimbabwe,,,,,,N/A - From RDC,,,,,,SCMS from RDC,,Lamivudine/Nevirapine/Stavudine,Generic,150/200/30mg,,,,,,,,,,,,100-ZW-T01,SO-708,DN-479,PMO - US,From RDC,N/A - From RDC,Air,Pre-PQ Process,5-Feb-08,5-Feb-08,5-Feb-08,ARV,Adult,"Lamivudine/Nevirapine/Stavudine 150/200/30mg, tablets, 60 Tabs",Tablet - FDC,60.0,37240.0,275576.0,7.4,0.12,"Cipla, Goa, India",No,See DN-479 (ID#:10647),See DN-479 (ID#:10647),440.92,
83616,,FPQ-9261,,,Côte d'Ivoire,,,,,,N/A - From RDC,,,,,,SCMS from RDC,,Lopinavir/Ritonavir,Generic,200/50mg,,,,,,,,,,,,104-CI-T30,SO-41490,DN-2809,PMO - US,From RDC,N/A - From RDC,Truck,1/30/2012,17-Sep-12,27-Aug-12,27-Aug-12,ARV,Adult,"Lopinavir/Ritonavir 200/50mg, tablets, 120 Tabs",Tablet,120.0,25597.0,750248.07,29.31,0.24,Mylan (formerly Matrix) Nashik,Yes,9790,20786.04,1051.85,
85733,,FPQ-5925,,,Côte d'Ivoire,,,,,,N/A - From RDC,,,,,,SCMS from RDC,,Lamivudine/Stavudine,Generic,150/30mg,,,,,,,,,,,,104-CI-T30,SO-37130,DN-2095,PMO - US,From RDC,N/A - From RDC,Air,6/23/2010,22-Feb-11,22-Feb-11,22-Feb-11,ARV,Adult,"Lamivudine/Stavudine 150/30mg, tablets, 60 Tabs",Tablet - FDC,60.0,33998.0,111513.44,3.28,0.05,Mylan (formerly Matrix) Nashik,Yes,7275,8758.36,240.42,
11312,127-KE-T01,Pre-PQ Process,SO-29010,DN-1193,Kenya,PMO - US,From RDC,N/A - From RDC,Truck,Pre-PQ Process,N/A - From RDC,23-Apr-09,23-Apr-09,23-Apr-09,ARV,Pediatric,SCMS from RDC,"Efavirenz 30mg/ml [Stocrin/Sustiva], oral solution, Bottle, 180 ml",Efavirenz,Stocrin/Sustiva,30mg/ml,Oral solution,180.0,3930.0,39.3,0.01,0.0,"MSD, Haarlem, NL",Yes,Weight Captured Separately,Invoiced Separately,0.08,,,,,,,,,,,,,,,,,,,,,,,,,,
30998,102-BW-T30,FPQ-4903,SCMS-64790,ASN-6121,Botswana,PMO - US,Direct Drop,EXW,Air,1/13/10,2/5/10,4-Jun-10,4-Jun-10,4-Jun-10,HRDT,HIV test,"Trinity Biotech, Plc","HIV 1/2, Uni-Gold HIV Kit, 20 Tests","HIV 1/2, Uni-Gold HIV Kit",Uni-Gold,,Test kit,20.0,25.0,800.0,32.0,1.6,"Trinity Biotech, Plc",Yes,10,559.89,1.72,,,,,,,,,,,,,,,,,,,,,,,,,,
82594,114-UG-T30,FPQ-12253,SO-45510,DN-3264,Uganda,PMO - US,From RDC,N/A - From RDC,Air,5/8/13,N/A - From RDC,30-Aug-13,10-Aug-13,10-Aug-13,ARV,Pediatric,SCMS from RDC,"Lamivudine/Stavudine 30/6mg, dispersible tablets, 60 Tabs",Lamivudine/Stavudine,Generic,30/6mg,Chewable/dispersible tablet - FDC,60.0,372.0,706.8,1.9,0.03,"Cipla, Goa, India",Yes,33,951.75,0.87,,,,,,,,,,,,,,,,,,,,,,,,,,
82897,,,,,Nigeria,,,,,,N/A - From RDC,,,,,,SCMS from RDC,,Efavirenz,Generic,600mg,,,,,,,,,,,,151-NG-T30,SO-36443,DN-1901,PMO - US,From RDC,N/A - From RDC,Air,2/10/2010,15-Jul-10,28-Jun-10,28-Jun-10,ARV,Adult,"Efavirenz 600mg, tablets, 30 Tabs",Tablet,30.0,6000.0,27600.0,4.6,0.15,"Aurobindo Unit III, India",Yes,514,Freight Included in Commodity Cost,59.51,FPQ-5023
85335,,,,,Haiti,,,,,,N/A - From RDC,,,,,,SCMS from RDC,,Efavirenz,Generic,200mg,,,,,,,,,,,,106-HT-T30,SO-44400,DN-3015,PMO - US,From RDC,N/A - From RDC,Air,1/16/2013,9-Apr-13,14-Mar-13,14-Mar-13,ARV,Pediatric,"Efavirenz 200mg, scored tablets, 90 Tabs",Tablet,90.0,2000.0,14600.0,7.3,0.08,"Strides, Bangalore, India.",No,See DN-3015 (ID#:82554),See DN-3015 (ID#:82554),18.06,FPQ-11281
6595,,Pre-PQ Process,,,Zambia,,,,,,Date Not Captured,,,,,,Abbott GmbH & Co. KG,,"HIV 1/2, Determine Complete HIV Kit",Determine,,,,,,,,,,,,,110-ZM-T01,SCMS-38,ASN-25,PMO - US,Direct Drop,FCA,Air,Pre-PQ Process,28-Aug-06,28-Aug-06,28-Aug-06,HRDT,HIV test,"HIV 1/2, Determine Complete HIV Kit, 100 Tests",Test kit,100.0,500.0,40000.0,80.0,0.8,ABBVIE GmbH & Co.KG Wiesbaden,Yes,171,1187.19,,
2785,,,,,Vietnam,,,,,,7/20/2007,,,,,,ABBVIE LOGISTICS (FORMERLY ABBOTT LOGISTICS BV),,Lopinavir/Ritonavir,Kaletra,80/20mg/ml,,,,,,,,,,,,108-VN-T01,SCMS-10060,ASN-639,PMO - US,Direct Drop,FCA,Air,Pre-PQ Process,10-Sep-07,10-Sep-07,10-Sep-07,ARV,Pediatric,"Lopinavir/Ritonavir 80/20mg/ml [Kaletra], oral solution, cool, Bottle 5 x 60 ml",Oral solution,300.0,200.0,16440.0,82.2,0.27,ABBVIE (Abbott) Logis. UK,Yes,340,2326.1,26.3,Pre-PQ Process
41916,,,,,South Africa,,,,,,3/24/2011,,,,,,Aurobindo Pharma Limited,,Efavirenz,Generic,600mg,,,,,,,,,,,,161-ZA-T30,SCMS-103510,ASN-11888,PMO - US,Direct Drop,DDP,Ocean,3/10/2011,10-Oct-11,10-Oct-11,10-Oct-11,ARV,Adult,"Efavirenz 600mg, tablets, 30 Tabs",Tablet,30.0,48866.0,220385.66,4.51,0.15,"Aurobindo Unit III, India",Yes,4154,9951.37,363.64,FPQ-7175
86524,,,,,Tanzania,,,,,,N/A - From RDC,,,,,,SCMS from RDC,,Lamivudine/Nevirapine/Stavudine,Generic,60/100/12mg,,,,,,,,,,,,109-TZ-T30,SO-41550,DN-2888,PMO - US,From RDC,N/A - From RDC,Truck,2/15/2012,30-Nov-12,6-Nov-12,6-Nov-12,ARV,Pediatric,"Lamivudine/Nevirapine/Stavudine 60/100/12mg, dispersible tablets, 60 Tabs",Chewable/dispersible tablet - FDC,60.0,14798.0,63631.4,4.3,0.07,"Cipla, Goa, India",No,See DN-2888 (ID#:85908),See DN-2888 (ID#:85908),89.21,FPQ-9303
33719,116-ZA-T30,FPQ-14942,SCMS-295800,ASN-33865,South Africa,PMO - US,Direct Drop,DDP,Truck,9/11/14,8/24/15,24-Aug-15,24-Aug-15,24-Aug-15,ARV,Pediatric,PHARMACY DIRECT,"Lamivudine 10mg/ml, oral solution, Bottle, 240 ml",Lamivudine,Generic,10mg/ml,Oral solution,240.0,17.0,91.92,5.41,0.02,"Aurobindo Unit III, India",No,Weight Captured Separately,Freight Included in Commodity Cost,0.09,,,,,,,,,,,,,,,,,,,,,,,,,,
41841,,FPQ-13035,,,South Africa,,,,,,12/2/2013,,,,,,S. BUYS WHOLESALER,,Abacavir,Generic,300mg,,,,,,,,,,,,116-ZA-T30,SCMS-215370,ASN-24415,PMO - US,Direct Drop,DDP,Truck,10/8/2013,6-Feb-14,6-Feb-14,6-Feb-14,ARV,Adult,"Abacavir 300mg, tablets, 60 Tabs",Tablet,60.0,53.0,3422.75,64.58,1.08,"Cipla, Patalganga, India",No,Weight Captured Separately,Freight Included in Commodity Cost,4.23,
25037,,FPQ-6708,,,South Africa,,,,,,12/14/2010,,,,,,Aurobindo Pharma Limited,,Tenofovir Disoproxil Fumarate,Generic,300mg,,,,,,,,,,,,161-ZA-T30,SCMS-93570,ASN-11701,PMO - US,Direct Drop,DDP,Ocean,11/26/2010,5-Oct-11,5-Oct-11,5-Oct-11,ARV,Adult,"Tenofovir Disoproxil Fumarate 300mg, tablets, 30 Tabs",Tablet,30.0,71984.0,478693.6,6.65,0.22,"Aurobindo Unit III, India",Yes,6719,9726.54,789.84,
85396,,FPQ-11033,,,Mozambique,,,,,,N/A - From RDC,,,,,,SCMS from RDC,,Lamivudine/Nevirapine/Stavudine,Generic,150/200/30mg,,,,,,,,,,,,111-MZ-T30,SO-43780,DN-3281,PMO - US,From RDC,N/A - From RDC,Truck,11/12/2012,27-Sep-13,27-Sep-13,27-Sep-13,ARV,Adult,"Lamivudine/Nevirapine/Stavudine 150/200/30mg, tablets, 60 Tabs",Tablet - FDC,60.0,13100.0,61570.0,4.7,0.08,"Strides, Bangalore, India.",No,See DN-3281 (ID#:82599),See DN-3281 (ID#:82599),76.16,
65436,,FPQ-11828,,,South Africa,,,,,,Date Not Captured,,,,,,S. BUYS WHOLESALER,,Lopinavir/Ritonavir,Generic,100/25mg,,,,,,,,,,,,116-ZA-T30,SCMS-183950,ASN-19166,South Africa Field Office,Direct Drop,DDP,Truck,3/18/2013,16-Apr-13,16-Apr-13,16-Apr-13,ARV,Pediatric,"Lopinavir/Ritonavir 100/25mg [Aluvia], tablets, 60 Tabs",Tablet,60.0,45.0,281.2,6.25,0.1,ABBVIE Ludwigshafen Germany,No,Weight Captured Separately,Freight Included in Commodity Cost,0.35,
82629,,,,,Haiti,,,,,,N/A - From RDC,,,,,,SCMS from RDC,,Lamivudine/Stavudine,Generic,30/6mg,,,,,,,,,,,,106-HT-T30,SO-46240,DN-3467,PMO - US,From RDC,N/A - From RDC,Air,8/21/2013,31-Jan-14,7-Feb-14,24-Feb-14,ARV,Pediatric,"Lamivudine/Stavudine 30/6mg, dispersible tablets, 60 Tabs",Chewable/dispersible tablet - FDC,60.0,58.0,110.2,1.9,0.03,"Cipla, Goa, India",Yes,Weight Captured Separately,Invoiced Separately,0.14,FPQ-12674
83209,,FPQ-12800,,,Côte d'Ivoire,,,,,,N/A - From RDC,,,,,,SCMS from RDC,,Lamivudine/Nevirapine/Zidovudine,Generic,30/50/60mg,,,,,,,,,,,,104-CI-T30,SO-46371,DN-3544,PMO - US,From RDC,N/A - From RDC,Air,8/9/2013,28-Feb-14,18-Feb-14,4-Mar-14,ARV,Pediatric,"Lamivudine/Nevirapine/Zidovudine 30/50/60mg, dispersible tablets, 60 Tabs",Chewable/dispersible tablet - FDC,60.0,10500.0,39375.0,3.75,0.06,"Strides, Bangalore, India.",Yes,574,4063.81,48.71,
86170,,,,,Mozambique,,,,,,N/A - From RDC,,,,,,SCMS from RDC,,Nevirapine,Generic,200mg,,,,,,,,,,,,111-MZ-T30,SO-50121,DN-4153,PMO - US,From RDC,N/A - From RDC,Truck,10/17/2014,30-Jun-15,10-Apr-15,20-Apr-15,ARV,Adult,"Nevirapine 200mg, tablets, 60 Tabs",Tablet,60.0,1960.0,4272.8,2.18,0.04,Hetero Unit III Hyderabad IN,Yes,9674,7921,5.03,FPQ-15195
9032,,,,,South Africa,,,,,,Date Not Captured,,,,,,S. BUYS WHOLESALER,,Lamivudine,Epivir,10mg/ml,,,,,,,,,,,,116-ZA-T01,SCMS-41040,ASN-3623,PMO - US,Direct Drop,DDP,Air,Pre-PQ Process,7-Apr-09,3-Dec-08,3-Dec-08,ARV,Pediatric,"Lamivudine 10mg/ml [Epivir], oral solution, Bottle, 240 ml",Oral solution,240.0,2000.0,10380.0,5.19,0.02,GSK Mississauga (Canada),No,Weight Captured Separately,Freight Included in Commodity Cost,20.34,Pre-PQ Process
76603,116-ZA-T30,FPQ-12522,SCMS-199289,ASN-28036,South Africa,PMO - US,Direct Drop,DDP,Truck,7/11/13,8/29/14,29-Aug-14,29-Aug-14,29-Aug-14,ARV,Adult,S. BUYS WHOLESALER,"Zidovudine 300mg, tablets, 60 Tabs",Zidovudine,Generic,300mg,Tablet,60.0,7.0,189.78,27.11,0.45,Mylan (formerly Matrix) Nashik,No,Weight Captured Separately,Freight Included in Commodity Cost,0.23,,,,,,,,,,,,,,,,,,,,,,,,,,
10886,104-CI-T01,Pre-PQ Process,SO-999,DN-349,Côte d'Ivoire,PMO - US,From RDC,N/A - From RDC,,Pre-PQ Process,N/A - From RDC,12-Sep-07,12-Sep-07,12-Sep-07,ARV,Adult,SCMS from RDC,"Saquinavir 200mg [Invirase], capsules, 270 Caps",Saquinavir,Invirase,200mg,Capsule,270.0,526.0,41364.64,78.64,0.29,Roche Basel,No,See DN-349 (ID#:10885),See DN-349 (ID#:10885),66.18,,,,,,,,,,,,,,,,,,,,,,,,,,
79910,,,,,South Africa,,,,,,8/27/2014,,,,,,S. BUYS WHOLESALER,,Zidovudine,Generic,300mg,,,,,,,,,,,,116-ZA-T30,SCMS-199283,ASN-27980,PMO - US,Direct Drop,DDP,Truck,7/11/2013,27-Aug-14,27-Aug-14,27-Aug-14,ARV,Adult,"Zidovudine 300mg, tablets, 60 Tabs",Tablet,60.0,10.0,278.26,27.83,0.46,"Aurobindo Unit III, India",No,Weight Captured Separately,Freight Included in Commodity Cost,0.34,FPQ-12522
10939,110-ZM-T01,Pre-PQ Process,SO-1033,DN-553,Zambia,PMO - US,From RDC,N/A - From RDC,,Pre-PQ Process,N/A - From RDC,28-Feb-08,28-Feb-08,28-Feb-08,ARV,Adult,SCMS from RDC,"Efavirenz 600mg, tablets, 30 Tabs",Efavirenz,Generic,600mg,Tablet,30.0,44135.0,548156.7,12.42,0.41,Mylan (formerly Matrix) Nashik,Yes,3483,12643.63,877.05,,,,,,,,,,,,,,,,,,,,,,,,,,
11233,,Pre-PQ Process,,,Haiti,,,,,,N/A - From RDC,,,,,,SCMS from RDC,,Lamivudine/Zidovudine,Generic,150/300mg,,,,,,,,,,,,106-HT-T01,SO-2058,DN-692,PMO - US,From RDC,N/A - From RDC,Air,Pre-PQ Process,3-Apr-08,3-Apr-08,3-Apr-08,ARV,Adult,"Lamivudine/Zidovudine 150/300mg, tablets, 60 Tabs",Tablet - FDC,60.0,7558.0,71423.1,9.45,0.16,"Aurobindo Unit III, India",Yes,2166,20578.2,114.28,
84844,111-MZ-T30,FPQ-11884,SO-44863,DN-3289,Mozambique,PMO - US,From RDC,N/A - From RDC,Truck,3/19/13,N/A - From RDC,13-Nov-13,13-Nov-13,2-Dec-13,ARV,Adult,SCMS from RDC,"Zidovudine 300mg, tablets, 60 Tabs",Zidovudine,Generic,300mg,Tablet,60.0,43680.0,285667.2,6.54,0.11,"Aurobindo Unit III, India",Yes,6535,5950.16,353.37,,,,,,,,,,,,,,,,,,,,,,,,,,
85238,109-TZ-T30,FPQ-8297,SO-40613,DN-2558,Tanzania,PMO - US,From RDC,N/A - From RDC,Truck,8/22/11,N/A - From RDC,6-Apr-12,14-Feb-12,14-Feb-12,ARV,Adult,SCMS from RDC,"Zidovudine 300mg, tablets, 60 Tabs",Zidovudine,Generic,300mg,Tablet,60.0,39402.0,276602.04,7.02,0.12,Hetero Unit III Hyderabad IN,No,See DN-2558 (ID#:82453),See DN-2558 (ID#:82453),456.39,,,,,,,,,,,,,,,,,,,,,,,,,,
82811,,,,,Uganda,,,,,,N/A - From RDC,,,,,,SCMS from RDC,,Lamivudine/Zidovudine,Generic,150/300mg,,,,,,,,,,,,114-UG-T30,SO-50660,DN-4310,PMO - US,From RDC,N/A - From RDC,Truck,12/22/2014,31-Jul-15,23-Jul-15,23-Jul-15,ARV,Adult,"Lamivudine/Zidovudine 150/300mg, tablets, 60 Tabs",Tablet - FDC,60.0,88327.0,575892.04,6.52,0.11,Hetero Unit III Hyderabad IN,Yes,Weight Captured Separately,Invoiced Separately,677.82,FPQ-15639
12552,,Pre-PQ Process,,,Uganda,,,,,,N/A - From RDC,,,,,,SCMS from RDC,,Lamivudine/Stavudine,Generic,150/30mg,,,,,,,,,,,,114-UG-T01,SO-17900,DN-987,PMO - US,From RDC,N/A - From RDC,Air,Pre-PQ Process,6-Jan-09,6-Jan-09,6-Jan-09,ARV,Adult,"Lamivudine/Stavudine 150/30mg, tablets, 30 Tabs",Tablet - FDC,30.0,938.0,1876.0,2.0,0.07,"Cipla, Goa, India",No,See DN-987 (ID#:12252),See DN-987 (ID#:12252),3.68,
12505,,Pre-PQ Process,,,Zambia,,,,,,N/A - From RDC,,,,,,SCMS from RDC,,Efavirenz,Generic,600mg,,,,,,,,,,,,110-ZM-T01,SO-1894,DN-808,PMO - US,From RDC,N/A - From RDC,Truck,Pre-PQ Process,23-Jul-08,23-Jul-08,23-Jul-08,ARV,Adult,"Efavirenz 600mg, tablets, 30 Tabs",Tablet,30.0,55000.0,660550.0,12.01,0.4,Mylan (formerly Matrix) Nashik,Yes,3925,2196.18,1056.88,
47536,,FPQ-6645,,,Botswana,,,,,,12/2/2010,,,,,,"Orgenics, Ltd",,"HIV 1/2, Determine Complete HIV Kit",Determine,,,,,,,,,,,,,102-BW-T30,SCMS-92630,ASN-9552,PMO - US,Direct Drop,EXW,Air,11/11/2010,2-Mar-11,2-Mar-11,2-Mar-11,HRDT,HIV test,"HIV 1/2, Determine Complete HIV Kit, 100 Tests",Test kit,100.0,10.0,800.0,80.0,0.8,Inverness Japan,Yes,5,767.63,1.32,
11897,119-NA-T01,Pre-PQ Process,SO-1929,DN-650,Namibia,PMO - US,From RDC,N/A - From RDC,Air,Pre-PQ Process,N/A - From RDC,17-Apr-08,17-Apr-08,17-Apr-08,HRDT,HIV test,SCMS from RDC,"HIV 1/2, Determine HIV Kit, without Lancets, 100 Tests","HIV 1/2, Determine HIV Kit, without Lancets",Determine,,Test kit,100.0,90.0,6479.1,71.99,0.72,Inverness Japan,Yes,21,1730.41,10.37,,,,,,,,,,,,,,,,,,,,,,,,,,
41301,,,,,South Africa,,,,,,2/12/2015,,,,,,PHARMACY DIRECT,,Etravirine,Intelence,100mg,,,,,,,,,,,,116-ZA-T30,SCMS-259073,ASN-30673,PMO - US,Direct Drop,DDP,Truck,9/11/2014,12-Feb-15,12-Feb-15,12-Feb-15,ARV,Adult,"Etravirine 100mg [Intelence], tablets, 120 Tabs",Tablet,120.0,2.0,51.19,25.6,0.21,"Janssen-Cilag, Latina, IT",Yes,Weight Captured Separately,Freight Included in Commodity Cost,0.05,FPQ-14942
5917,,Pre-PQ Process,,,Nigeria,,,,,,7/15/2008,,,,,,IDA FOUNDATION,,Sulfadoxine/Pyrimethamine,Generic,500/25mg,,,,,,,,,,,,130-NG-T01,SCMS-26840,ASN-2554,PMO - US,Direct Drop,EXW,Air,Pre-PQ Process,9-Oct-08,9-Oct-08,9-Oct-08,ANTM,Malaria,"Sulfadoxine/Pyrimethamine 500/25mg, tablets, 1000 Tabs",Tablet - FDC,1000.0,7.0,184.45,26.35,0.03,"Micro Labs Ltd. (Brown & Burk), India",Yes,488,4404.9,0.3,
12284,,,,,Côte d'Ivoire,,,,,,N/A - From RDC,,,,,,SCMS from RDC,,Lamivudine/Nevirapine/Zidovudine,Generic,150/300/200mg,,,,,,,,,,,,104-CI-T01,SO-27520,DN-1234,PMO - US,From RDC,N/A - From RDC,Air,Pre-PQ Process,11-Jun-09,11-Jun-09,11-Jun-09,ARV,Adult,"Lamivudine/Nevirapine/Zidovudine 150/200/300mg, tablets, 60 Tabs",Tablet - FDC,60.0,15000.0,173400.0,11.56,0.19,"Aurobindo Unit III, India",No,See DN-1234 (ID#:11970),See DN-1234 (ID#:11970),339.86,Pre-PQ Process
85118,106-HT-T30,FPQ-4384,SO-34640,DN-1842,Haiti,PMO - US,From RDC,N/A - From RDC,Air,10/23/09,N/A - From RDC,2-Jun-10,9-Jun-10,9-Jun-10,ARV,Adult,SCMS from RDC,"Lamivudine 150mg, tablets, 60 Tabs",Lamivudine,Generic,150mg,Tablet,60.0,8520.0,19851.6,2.33,0.04,"Strides, Bangalore, India.",No,See DN-1842 (ID#:84007),See DN-1842 (ID#:84007),42.8,,,,,,,,,,,,,,,,,,,,,,,,,,
12264,151-NG-T01,Pre-PQ Process,SO-21783,DN-1131,Nigeria,PMO - US,From RDC,N/A - From RDC,Air,Pre-PQ Process,N/A - From RDC,24-Mar-09,24-Mar-09,24-Mar-09,ARV,Adult,SCMS from RDC,"Emtricitabine/Tenofovir Disoproxil Fumarate 200/300mg [Truvada], tablets, 30 Tabs",Emtricitabine/Tenofovir Disoproxil Fumarate,Truvada,300/200mg,Tablet - FDC,30.0,662.0,17377.5,26.25,0.88,"Aspen-OSD, Port Elizabeth, SA",Yes,62,6443.61,34.06,,,,,,,,,,,,,,,,,,,,,,,,,,
11890,104-CI-T01,Pre-PQ Process,SO-1547,DN-705,Côte d'Ivoire,PMO - US,From RDC,N/A - From RDC,Air,Pre-PQ Process,N/A - From RDC,17-Apr-08,17-Apr-08,17-Apr-08,ARV,Adult,SCMS from RDC,"Saquinavir 200mg [Invirase], capsules, 270 Caps",Saquinavir,Invirase,200mg,Capsule,270.0,977.0,76831.28,78.64,0.29,Roche Basel,Yes,490,1765.4,122.93,,,,,,,,,,,,,,,,,,,,,,,,,,
14437,,,,,South Africa,,,,,,7/14/2015,,,,,,PHARMACY DIRECT,,Lopinavir/Ritonavir,Kaletra,80/20mg/ml,,,,,,,,,,,,116-ZA-T30,SCMS-259085,ASN-33333,PMO - US,Direct Drop,DDP,Truck,9/11/2014,14-Jul-15,14-Jul-15,14-Jul-15,ARV,Pediatric,"Lopinavir/Ritonavir 80/20mg/ml [Kaletra], oral solution, cool, Bottle 5 x 60 ml",Oral solution,300.0,3.0,51.42,17.14,0.06,ABBVIE (Abbott) Logis. UK,Yes,Weight Captured Separately,Freight Included in Commodity Cost,0.05,FPQ-14942
73089,105-GY-T30,FPQ-10249,SCMS-153870,ASN-17103,Guyana,PMO - US,Direct Drop,EXW,Air,7/5/12,7/26/12,21-Nov-12,21-Nov-12,21-Nov-12,HRDT,HIV test,"CHEMBIO DIAGNOSTIC SYSTEMS, INC.","HIV 1/2, Stat-Pak HIV, Kit, 20 Tests","HIV 1/2, Stat-Pak HIV, Kit",Stat-Pak,,Test kit,20.0,6.0,174.0,29.0,1.45,Chembio Diagnostics Sys. Inc.,Yes,2,297,0.24,,,,,,,,,,,,,,,,,,,,,,,,,,
40379,116-ZA-T30,FPQ-13973,SCMS-238550,ASN-30792,South Africa,PMO - US,Direct Drop,DDP,Truck,4/30/14,5/8/14,19-Feb-15,19-Feb-15,19-Feb-15,ARV,Pediatric,PHARMACY DIRECT,"Abacavir 20mg/ml, oral solution, Bottle, 240 ml",Abacavir,Generic,20mg/ml,Oral solution,240.0,3.0,73.53,24.51,0.1,"Aurobindo Unit III, India",No,Weight Captured Separately,Freight Included in Commodity Cost,0.08,,,,,,,,,,,,,,,,,,,,,,,,,,
19630,,,,,Vietnam,,,,,,11/9/2012,,,,,,Aurobindo Pharma Limited,,Lamivudine,Generic,10mg/ml,,,,,,,,,,,,108-VN-T30,SCMS-166140,ASN-17572,PMO - US,Direct Drop,EXW,Air,10/15/2012,9-Jan-13,9-Jan-13,9-Jan-13,ARV,Pediatric,"Lamivudine 10mg/ml, oral solution w/syringe, Bottle, 240 ml",Oral solution,240.0,136.0,251.6,1.85,0.01,"Aurobindo Unit III, India",Yes,173,1079.39,0.31,FPQ-10811
10573,104-CI-T01,Pre-PQ Process,SO-603,DN-196,Côte d'Ivoire,PMO - US,From RDC,N/A - From RDC,,Pre-PQ Process,N/A - From RDC,28-Jun-07,28-Jun-07,28-Jun-07,ARV,Adult,SCMS from RDC,"Lamivudine/Nevirapine/Stavudine 150/200/30mg, tablets, 60 Tabs",Lamivudine/Nevirapine/Stavudine,Generic,150/200/30mg,Tablet - FDC,60.0,40411.0,303082.5,7.5,0.12,"Cipla, Goa, India",Yes,7185,17587,484.93,,,,,,,,,,,,,,,,,,,,,,,,,,
86606,,,,,Burundi,,,,,,N/A - From RDC,,,,,,SCMS from RDC,,Efavirenz,Generic,600mg,,,,,,,,,,,,102-BI-T30,SO-46040,DN-3336,PMO - US,From RDC,N/A - From RDC,Air,7/9/2013,27-Oct-13,5-Nov-13,12-Nov-13,ARV,Adult,"Efavirenz 600mg, tablets, 30 Tabs",Tablet,30.0,5568.0,18541.44,3.33,0.11,"Strides, Bangalore, India.",Yes,342,3325.77,22.94,FPQ-12602
86077,104-CI-T30,FPQ-13142,SO-47130,DN-3655,Côte d'Ivoire,PMO - US,From RDC,N/A - From RDC,Truck,10/22/13,N/A - From RDC,21-Apr-14,1-May-14,11-Jun-14,ARV,Pediatric,SCMS from RDC,"Nevirapine 10mg/ml, oral suspension w/syringe, Bottle, 100 ml",Nevirapine,Generic,10mg/ml,Oral suspension,100.0,4000.0,5200.0,1.3,0.01,"Aurobindo Unit III, India",No,See DN-3655 (ID#:83237),See DN-3655 (ID#:83237),5.35,,,,,,,,,,,,,,,,,,,,,,,,,,
80086,,FPQ-12837,,,Cameroon,,,,,,8/23/2013,,,,,,CIPLA LIMITED,,Lamivudine/Zidovudine,Generic,150/300mg,,,,,,,,,,,,901-CM-T30,SCMS-204360,ASN-21529,PMO - US,Direct Drop,EXW,Air,8/19/2013,26-Sep-13,26-Sep-13,26-Sep-13,ARV,Adult,"Lamivudine/Zidovudine 150/300mg, tablets, 60 Tabs",Tablet - FDC,60.0,7854.0,51757.86,6.59,0.11,"Cipla, Goa, India",Yes,803,7032.5,64.02,
84112,,,,,Zambia,,,,,,N/A - From RDC,,,,,,SCMS from RDC,,Efavirenz,Generic,600mg,,,,,,,,,,,,110-ZM-T30,SO-38733,DN-2357,PMO - US,From RDC,N/A - From RDC,Truck,2/3/2011,31-Oct-11,26-Sep-11,26-Sep-11,ARV,Adult,"Efavirenz 600mg, tablets, 30 Tabs",Tablet,30.0,135158.0,583882.56,4.32,0.14,"Aurobindo Unit III, India",Yes,17285,21454.88,963.41,FPQ-7085
9565,,,,,South Africa,,,,,,1/4/2008,,,,,,"JSI R&T INSTITUTE, INC.",,Stavudine,Zerit,30mg,,,,,,,,,,,,116-ZA-T01,SCMS-16600,ASN-1526,PMO - US,Direct Drop,DDP,,Pre-PQ Process,21-Jan-08,21-Jan-08,21-Jan-08,ARV,Adult,"Stavudine 30mg [Zerit], capsules, 60 Caps",Capsule,60.0,2500.0,14325.0,5.73,0.1,"BMS Meymac, France",Yes,Weight Captured Separately,Freight Included in Commodity Cost,22.92,Pre-PQ Process
85888,,FPQ-10324,,,Côte d'Ivoire,,,,,,N/A - From RDC,,,,,,SCMS from RDC,,Zidovudine,Generic,300mg,,,,,,,,,,,,104-CI-T30,SO-42920,DN-2795,PMO - US,From RDC,N/A - From RDC,Air,7/11/2012,21-Aug-12,30-Aug-12,30-Aug-12,ARV,Adult,"Zidovudine 300mg, tablets, 60 Tabs",Tablet,60.0,9000.0,60840.0,6.76,0.11,"Aurobindo Unit III, India",Yes,486,3028.66,85.3,
83120,106-HT-T30,FPQ-11281,SO-44430,DN-3061,Haiti,PMO - US,From RDC,N/A - From RDC,Air,1/16/13,N/A - From RDC,9-Apr-13,14-Mar-13,14-Mar-13,ARV,Pediatric,SCMS from RDC,"Lamivudine 10mg/ml, oral solution w/syringe, Bottle, 240 ml",Lamivudine,Generic,10mg/ml,Oral solution,240.0,1944.0,3596.4,1.85,0.01,"Aurobindo Unit III, India",Yes,682,8118.08,4.45,,,,,,,,,,,,,,,,,,,,,,,,,,
65191,109-TZ-T30,FPQ-4157,SCMS-52773,ASN-4977,Tanzania,PMO - US,Direct Drop,EXW,Air,8/27/09,9/3/09,17-Nov-09,17-Nov-09,17-Nov-09,HRDT,HIV test,"Trinity Biotech, Plc","HIV 1/2, Uni-Gold HIV Kit, 20 Tests","HIV 1/2, Uni-Gold HIV Kit",Uni-Gold,,Test kit,20.0,670.0,21440.0,32.0,1.6,"Trinity Biotech, Plc",Yes,234,3163.87,42.02,,,,,,,,,,,,,,,,,,,,,,,,,,
11596,109-TZ-T01,Pre-PQ Process,SO-1697,DN-893,Tanzania,PMO - US,From RDC,N/A - From RDC,,Pre-PQ Process,N/A - From RDC,15-Sep-08,15-Sep-08,15-Sep-08,ARV,Adult,SCMS from RDC,"Lamivudine/Zidovudine 150/300mg, tablets, 60 Tabs",Lamivudine/Zidovudine,Generic,150/300mg,Tablet - FDC,60.0,58086.0,551817.0,9.5,0.16,"Aurobindo Unit III, India",Yes,8343,9001.03,882.91,,,,,,,,,,,,,,,,,,,,,,,,,,
11046,,,,,Swaziland,,,,,,N/A - From RDC,,,,,,SCMS from RDC,,Tenofovir Disoproxil Fumarate,Generic,300mg,,,,,,,,,,,,100-SZ-T01,SO-30790,DN-1238,PMO - US,From RDC,N/A - From RDC,Air,Pre-PQ Process,21-May-09,21-May-09,21-May-09,ARV,Adult,"Tenofovir Disoproxil Fumarate 300mg, tablets, 30 Tabs",Tablet,30.0,1250.0,11250.0,9.0,0.3,Mylan (formerly Matrix) Nashik,Yes,1787,12798.04,22.05,Pre-PQ Process
84027,151-NG-T30,FPQ-5023,SO-36436,DN-1955,Nigeria,PMO - US,From RDC,N/A - From RDC,Air Charter,2/10/10,N/A - From RDC,16-Aug-10,17-Aug-10,17-Aug-10,ARV,Adult,SCMS from RDC,"Lamivudine/Nevirapine/Zidovudine 150/200/300mg, tablets, 60 Tabs",Lamivudine/Nevirapine/Zidovudine,Generic,150/300/200mg,Tablet - FDC,60.0,28868.0,323898.96,11.22,0.19,"Aurobindo Unit III, India",Yes,3570,6147.18,698.33,,,,,,,,,,,,,,,,,,,,,,,,,,
50798,,,,,Haiti,,,,,,6/26/2014,,,,,,Aurobindo Pharma Limited,,Lamivudine,Generic,10mg/ml,,,,,,,,,,,,106-HT-T30,SCMS-240191,ASN-27659,PMO - US,Direct Drop,EXW,Ocean,5/11/2014,28-Oct-14,28-Oct-14,19-Nov-14,ARV,Pediatric,"Lamivudine 10mg/ml, oral solution, Bottle, 240 ml",Oral solution,240.0,1650.0,2359.5,1.43,0.01,"Aurobindo Unit III, India",No,See ASN-27659 (ID#:16881),See ASN-27659 (ID#:16881),2.43,FPQ-14083
86801,,,,,Mozambique,,,,,,N/A - From RDC,,,,,,SCMS from RDC,,Lamivudine/Nevirapine/Zidovudine,Generic,150/300/200mg,,,,,,,,,,,,111-MZ-T30,SO-47707,DN-4234,PMO - US,From RDC,N/A - From RDC,Truck,1/17/2014,29-May-15,15-Jun-15,15-Jun-15,ARV,Adult,"Lamivudine/Nevirapine/Zidovudine 150/200/300mg, tablets, 60 Tabs",Tablet - FDC,60.0,28516.0,220143.52,7.72,0.13,Hetero Unit III Hyderabad IN,Yes,3772,3567.08,226.31,FPQ-13575
55009,116-ZA-T30,FPQ-13973,SCMS-238550,ASN-30792,South Africa,PMO - US,Direct Drop,DDP,Truck,4/30/14,5/8/14,19-Feb-15,19-Feb-15,19-Feb-15,ARV,Adult,PHARMACY DIRECT,"Lamivudine/Zidovudine 150/300mg, tablets, 60 Tabs",Lamivudine/Zidovudine,Generic,150/300mg,Tablet - FDC,60.0,3.0,93.57,31.19,0.52,"Aurobindo Unit III, India",No,Weight Captured Separately,Freight Included in Commodity Cost,0.1,,,,,,,,,,,,,,,,,,,,,,,,,,
10851,,,,,Mozambique,,,,,,N/A - From RDC,,,,,,SCMS from RDC,,Stavudine,Generic,1mg/ml,,,,,,,,,,,,111-MZ-T01,SO-382,DN-259,PMO - US,From RDC,N/A - From RDC,Air,Pre-PQ Process,21-Sep-07,21-Sep-07,21-Sep-07,ARV,Pediatric,"Stavudine 1mg/ml, powder for oral solution, 200 ml",Oral solution,200.0,165.0,239.25,1.45,0.01,"Aurobindo Unit III, India",Yes,15,350.78,0.38,Pre-PQ Process
84208,104-CI-T30,FPQ-9749,SO-42390,DN-2935,Côte d'Ivoire,PMO - US,From RDC,N/A - From RDC,Truck,4/19/12,N/A - From RDC,14-Dec-12,30-Nov-12,30-Nov-12,ARV,Adult,SCMS from RDC,"Efavirenz 600mg, tablets, 30 Tabs",Efavirenz,Generic,600mg,Tablet,30.0,74064.0,269592.96,3.64,0.12,"Strides, Bangalore, India.",No,See DN-2935 (ID#:83641),See DN-2935 (ID#:83641),377.97,,,,,,,,,,,,,,,,,,,,,,,,,,
69657,,FPQ-16001,,,"Congo, DRC",,,,,,3/16/2015,,,,,,"Trinity Biotech, Plc",,"HIV 1/2, Uni-Gold HIV Kit",Uni-Gold,,,,,,,,,,,,,101-CD-T30,SCMS-280210,ASN-31750,PMO - US,Direct Drop,EXW,Air,3/10/2015,2-Jul-15,2-Jul-15,30-Jul-15,HRDT,HIV test,"HIV 1/2, Uni-Gold HIV Kit, 20 Tests",Test kit,20.0,214.0,6848.0,32.0,1.6,"Trinity Biotech, Plc",No,See ASN-31750 (ID#:19272),See ASN-31750 (ID#:19272),8.06,
4531,,,,,South Africa,,,,,,Date Not Captured,,,,,,S. BUYS WHOLESALER,,Tenofovir Disoproxil Fumarate,Viread,300mg,,,,,,,,,,,,116-ZA-T01,SCMS-25540,ASN-2295,PMO - US,Direct Drop,DDP,Truck,Pre-PQ Process,12-Jun-08,9-Jun-08,9-Jun-08,ARV,Adult,"Tenofovir Disoproxil Fumarate 300mg [Viread], tablets, 30 Tabs",Tablet,30.0,400.0,9536.0,23.84,0.79,"Aspen-OSD, Port Elizabeth, SA",No,Weight Captured Separately,Freight Included in Commodity Cost,15.26,Pre-PQ Process
18586,,FPQ-14052,,,Ghana,,,,,,5/23/2014,,,,,,Aurobindo Pharma Limited,,Lamivudine/Nevirapine/Zidovudine,Generic,150/300/200mg,,,,,,,,,,,,105-GH-T30,SCMS-237810,ASN-28673,PMO - US,Direct Drop,EXW,Air,4/12/2014,10-Nov-14,10-Nov-14,12-Nov-14,ARV,Adult,"Lamivudine/Nevirapine/Zidovudine 150/200/300mg, tablets, 60 Tabs",Tablet - FDC,60.0,28853.0,236594.6,8.2,0.14,"Aurobindo Unit III, India",Yes,3612,18256.1,243.22,
84540,,FPQ-4537,,,Nigeria,,,,,,N/A - From RDC,,,,,,SCMS from RDC,,Lamivudine/Nevirapine/Zidovudine,Generic,150/300/200mg,,,,,,,,,,,,151-NG-T30,SO-35063,DN-1724,PMO - US,From RDC,N/A - From RDC,Air Charter,11/6/2009,19-Apr-10,18-May-10,18-May-10,ARV,Adult,"Lamivudine/Nevirapine/Zidovudine 150/200/300mg, tablets, 60 Tabs",Tablet - FDC,60.0,20000.0,224400.0,11.22,0.19,"Aurobindo Unit III, India",Yes,2347,9736.1,483.81,
1337,,Pre-PQ Process,,,Côte d'Ivoire,,,,,,5/9/2007,,,,,,BRISTOL-MYERS SQUIBB,,Didanosine,Videx,50mg,,,,,,,,,,,,104-CI-T01,SCMS-610,ASN-813,PMO - US,Direct Drop,CIP,Air,Pre-PQ Process,23-Oct-07,23-Oct-07,23-Oct-07,ARV,Pediatric,"Didanosine 50mg [Videx], chewable tablets, 60 Tabs",Chewable/dispersible tablet,60.0,1577.0,14981.5,9.5,0.16,"BMS Meymac, France",Yes,306,Freight Included in Commodity Cost,23.97,
86440,,FPQ-8840,,,"Congo, DRC",,,,,,N/A - From RDC,,,,,,SCMS from RDC,,Nevirapine,Generic,200mg,,,,,,,,,,,,101-CD-T30,SO-41133,DN-2495,PMO - US,From RDC,N/A - From RDC,Air,11/21/2011,16-Mar-12,14-Feb-12,14-Feb-12,ARV,Adult,"Nevirapine 200mg, tablets, 60 Tabs",Tablet,60.0,18.0,46.44,2.58,0.04,"Strides, Bangalore, India.",No,See DN-2495 (ID#:83555),See DN-2495 (ID#:83555),0.07,
86143,151-NG-T30,FPQ-14156,SO-48903,DN-3994,Nigeria,PMO - US,From RDC,N/A - From RDC,Air Charter,4/25/14,N/A - From RDC,31-Oct-14,30-Oct-14,3-Nov-14,ARV,Adult,SCMS from RDC,"Efavirenz 600mg, tablets, 30 Tabs",Efavirenz,Generic,600mg,Tablet,30.0,6776.0,21141.12,3.12,0.1,"Micro labs, Verna, Goa, India",Yes,514,898,21.73,,,,,,,,,,,,,,,,,,,,,,,,,,
76069,,,,,"Congo, DRC",,,,,,5/8/2013,,,,,,"Trinity Biotech, Plc",,"HIV 1/2, Uni-Gold HIV Kit",Uni-Gold,,,,,,,,,,,,,101-CD-T30,SCMS-186720,ASN-20032,PMO - US,Direct Drop,EXW,Air,4/12/2013,4-Nov-13,4-Nov-13,3-Dec-13,HRDT,HIV test,"HIV 1/2, Uni-Gold HIV Kit, 20 Tests",Test kit,20.0,469.0,15008.0,32.0,1.6,"Trinity Biotech, Plc",Yes,170,3125.65,18.56,FPQ-12106
29833,,FPQ-13797,,,Haiti,,,,,,4/30/2014,,,,,,CIPLA LIMITED,,Lamivudine/Nevirapine/Zidovudine,Generic,30/50/60mg,,,,,,,,,,,,106-HT-T30,SCMS-233970,ASN-27793,PMO - US,Direct Drop,EXW,Air,3/20/2014,14-Oct-14,14-Oct-14,20-Oct-14,ARV,Pediatric,"Lamivudine/Nevirapine/Zidovudine 30/50/60mg, dispersible tablets, 60 Tabs",Chewable/dispersible tablet - FDC,60.0,1926.0,6933.6,3.6,0.06,"Cipla, Goa, India",Yes,192,2971.3,7.13,
71308,,FPQ-4167,,,Botswana,,,,,,9/30/2009,,,,,,Orasure Technologies Inc.,,"HIV, OraQuick Controls Kit, 3 Vials",OraQuick,,,,,,,,,,,,,144-BW-T30,SCMS-54190,ASN-6563,PMO - US,Direct Drop,EXW,Air,9/9/2009,20-Apr-10,20-Apr-10,20-Apr-10,HRDT,HIV test - Ancillary,"#109435**HIV, OraQuick Controls Kit, 3 Vials",Test kit - Ancillary,3.0,10.0,250.0,25.0,8.33,"Orasure Technologies, Inc USA",Yes,7,403.66,0.49,
70979,,,,,Rwanda,,,,,,7/16/2012,,,,,,Aurobindo Pharma Limited,,Nevirapine,Generic,200mg,,,,,,,,,,,,107-RW-T30,SCMS-152910,ASN-15893,PMO - US,Direct Drop,EXW,Air,7/5/2012,9-Sep-12,9-Sep-12,9-Sep-12,ARV,Adult,"Nevirapine 200mg, tablets, 60 Tabs",Tablet,60.0,58234.0,131026.5,2.25,0.04,"Aurobindo Unit III, India",Yes,5551,49069.74,183.7,FPQ-10223
83651,,FPQ-11143,,,Uganda,,,,,,N/A - From RDC,,,,,,SCMS from RDC,,Efavirenz,Generic,600mg,,,,,,,,,,,,114-UG-T30,SO-43961,DN-3001,PMO - US,From RDC,N/A - From RDC,Air,12/13/2012,22-Feb-13,20-Feb-13,20-Feb-13,ARV,Adult,"Efavirenz 600mg, tablets, 30 Tabs",Tablet,30.0,24966.0,88878.96,3.56,0.12,"Strides, Bangalore, India.",Yes,5391,28382.05,109.94,
69630,,,,,South Africa,,,,,,8/27/2014,,,,,,S. BUYS WHOLESALER,,Efavirenz,Generic,200mg,,,,,,,,,,,,116-ZA-T30,SCMS-199283,ASN-27980,PMO - US,Direct Drop,DDP,Truck,7/11/2013,27-Aug-14,27-Aug-14,27-Aug-14,ARV,Pediatric,"Efavirenz 200mg, capsule, 90 Caps",Capsule,90.0,22.0,580.11,26.37,0.29,"Aurobindo Unit III, India",No,Weight Captured Separately,Freight Included in Commodity Cost,0.72,FPQ-12522
84806,,,,,Guyana,,,,,,N/A - From RDC,,,,,,SCMS from RDC,,Nevirapine,Generic,10mg/ml,,,,,,,,,,,,105-GY-T30,SO-44500,DN-3099,PMO - US,From RDC,N/A - From RDC,Air,1/28/2013,18-Apr-13,19-Apr-13,19-Apr-13,ARV,Pediatric,"Nevirapine 10mg/ml, oral suspension w/syringe, Bottle, 240 ml",Oral suspension,240.0,583.0,1136.85,1.95,0.01,"Aurobindo Unit III, India",No,See DN-3099 (ID#:82566),See DN-3099 (ID#:82566),1.41,FPQ-11546
83983,106-HT-T30,FPQ-4384,SO-34690,DN-1673,Haiti,PMO - US,From RDC,N/A - From RDC,Air,10/23/09,N/A - From RDC,15-Mar-10,15-Mar-10,15-Mar-10,ARV,Adult,SCMS from RDC,"Nevirapine 200mg, tablets, 60 Tabs",Nevirapine,Generic,200mg,Tablet,60.0,11500.0,31395.0,2.73,0.05,Hetero Unit III Hyderabad IN,Yes,1870,13122.39,67.69,,,,,,,,,,,,,,,,,,,,,,,,,,
19405,109-TZ-T30,FPQ-12197,SCMS-189360,ASN-21234,Tanzania,PMO - US,Direct Drop,EXW,Air,4/30/13,5/29/13,17-Sep-13,16-Sep-13,16-Sep-13,HRDT,HIV test,"Standard Diagnostics, Inc.","HIV 1/2, Determine Complete HIV Kit, 100 Tests","HIV 1/2, Determine Complete HIV Kit",Determine,,Test kit,100.0,3039.0,0.0,0.0,0.0,"Alere Medical Co., Ltd.",Yes,1257,21351.18,0.0,,,,,,,,,,,,,,,,,,,,,,,,,,
85839,,FPQ-8303,,,Tanzania,,,,,,N/A - From RDC,,,,,,SCMS from RDC,,Lamivudine/Zidovudine,Generic,30/60mg,,,,,,,,,,,,109-TZ-T30,SO-40502,DN-2593,PMO - US,From RDC,N/A - From RDC,Truck,8/22/2011,30-Apr-12,11-Apr-12,11-Apr-12,ARV,Pediatric,"Lamivudine/Zidovudine 30/60mg, tablets, 60 Tabs",Tablet - FDC,60.0,34054.0,101821.46,2.99,0.05,Mylan (formerly Matrix) Nashik,Yes,1309,3279.25,168.01,
11031,113-ZW-T01,Pre-PQ Process,SO-18110,DN-1168,Zimbabwe,PMO - US,From RDC,N/A - From RDC,Truck,Pre-PQ Process,N/A - From RDC,27-Apr-09,27-Apr-09,27-Apr-09,ARV,Adult,SCMS from RDC,"Efavirenz 600mg, tablets, 30 Tabs",Efavirenz,Generic,600mg,Tablet,30.0,4000.0,48040.0,12.01,0.4,"Aurobindo Unit III, India",Yes,8523,35673.58,94.16,,,,,,,,,,,,,,,,,,,,,,,,,,
41841,,,,,South Africa,,,,,,12/2/2013,,,,,,S. BUYS WHOLESALER,,Abacavir,Generic,300mg,,,,,,,,,,,,116-ZA-T30,SCMS-215370,ASN-24415,PMO - US,Direct Drop,DDP,Truck,10/8/2013,6-Feb-14,6-Feb-14,6-Feb-14,ARV,Adult,"Abacavir 300mg, tablets, 60 Tabs",Tablet,60.0,53.0,3422.75,64.58,1.08,"Cipla, Patalganga, India",No,Weight Captured Separately,Freight Included in Commodity Cost,4.23,FPQ-13035
82794,,FPQ-13967,,,Zimbabwe,,,,,,N/A - From RDC,,,,,,SCMS from RDC,,Abacavir/Lamivudine,Generic,60/30mg,,,,,,,,,,,,103-ZW-T30,SO-50960,DN-4224,PMO - US,From RDC,N/A - From RDC,Truck,4/2/2014,30-Apr-15,10-Apr-15,14-Apr-15,ARV,Pediatric,"Abacavir/Lamivudine 60/30mg, tablets, 60 Tabs",Tablet - FDC,60.0,6634.0,26204.3,3.95,0.07,Mylan (formerly Matrix) Nashik,Yes,6368,225.79,26.94,
61720,109-TZ-T30,FPQ-13675,SCMS-225860,ASN-24983,Tanzania,PMO - US,Direct Drop,EXW,Air,2/3/14,3/5/14,24-May-14,24-May-14,26-May-14,HRDT,HIV test,"Orgenics, Ltd","HIV 1/2, Determine Complete HIV Kit, 100 Tests","HIV 1/2, Determine Complete HIV Kit",Determine,,Test kit,100.0,350.0,28000.0,80.0,0.8,"Alere Medical Co., Ltd.",Yes,143,2508.46,28.78,,,,,,,,,,,,,,,,,,,,,,,,,,
55730,111-MZ-T30,FPQ-14235,SCMS-247370,ASN-30197,Mozambique,PMO - US,Direct Drop,CIP,Air,5/21/14,7/25/14,20-Jan-15,20-Jan-15,20-Jan-15,ARV,Adult,MERCK SHARP & DOHME IDEA GMBH (FORMALLY MERCK SHARP & DOHME B.V.),"Raltegravir 400mg [Isentress], tablets, 60 Tabs",Raltegravir,Isentress,400mg,Tablet,60.0,40.0,2220.0,55.5,0.92,"MSD, Haarlem, NL",Yes,Weight Captured Separately,Freight Included in Commodity Cost,2.28,,,,,,,,,,,,,,,,,,,,,,,,,,
6398,,Pre-PQ Process,,,South Africa,,,,,,Date Not Captured,,,,,,S. BUYS WHOLESALER,,Stavudine,Generic,30mg,,,,,,,,,,,,116-ZA-T01,SCMS-40850,ASN-3611,PMO - US,Direct Drop,DDP,Air,Pre-PQ Process,16-Jun-09,28-Jan-09,28-Jan-09,ARV,Adult,"Stavudine 30mg, capsules, 60 Caps",Capsule,60.0,20213.0,50734.63,2.51,0.04,"Aurobindo Unit III, India",No,Weight Captured Separately,Freight Included in Commodity Cost,99.44,
85214,,FPQ-7052,,,Zimbabwe,,,,,,N/A - From RDC,,,,,,SCMS from RDC,,Lamivudine/Stavudine,Generic,150/30mg,,,,,,,,,,,,113-ZW-T30,SO-38521,DN-2441,PMO - US,From RDC,N/A - From RDC,Truck,1/19/2011,7-Dec-11,9-Dec-11,9-Dec-11,ARV,Adult,"Lamivudine/Stavudine 150/30mg, tablets, 60 Tabs",Tablet - FDC,60.0,4669.0,13773.55,2.95,0.05,"Strides, Bangalore, India.",No,See DN-2441 (ID#:82993),See DN-2441 (ID#:82993),22.73,
18500,108-VN-T30,FPQ-4265,SCMS-56200,ASN-5946,Vietnam,PMO - US,Direct Drop,FCA,Air,10/20/09,11/5/09,11-Mar-10,11-Mar-10,11-Mar-10,ARV,Adult,ABBVIE LOGISTICS (FORMERLY ABBOTT LOGISTICS BV),"Lopinavir/Ritonavir 200/50mg [Aluvia], tablets, 120 Tabs",Lopinavir/Ritonavir,Aluvia,200/50mg,Tablet,120.0,4280.0,351816.0,82.2,0.68,ABBVIE Ludwigshafen Germany,Yes,1063,11167.45,689.56,,,,,,,,,,,,,,,,,,,,,,,,,,
84110,,FPQ-6319,,,Zambia,,,,,,N/A - From RDC,,,,,,SCMS from RDC,,Efavirenz/Emtricitabine/Tenofovir Disoproxil Fumarate,Generic,600/200/300mg,,,,,,,,,,,,110-ZM-T30,SO-38950,DN-2349,PMO - US,From RDC,N/A - From RDC,Truck,9/1/2010,14-Apr-11,5-Aug-11,5-Aug-11,ARV,Adult,"Efavirenz/Emtricitabine/Tenofovir Disoproxil Fumarate 600/200/300mg, tablets, 30 Tabs",Tablet - FDC,30.0,13154.0,262027.68,19.92,0.66,Mylan (formerly Matrix) Nashik,Yes,1456,3949.18,564.93,
83165,,FPQ-11884,,,Mozambique,,,,,,N/A - From RDC,,,,,,SCMS from RDC,,Efavirenz/Lamivudine/Tenofovir Disoproxil Fumarate,Generic,600/300/300mg,,,,,,,,,,,,111-MZ-T30,SO-44866,DN-3350,PMO - US,From RDC,N/A - From RDC,Truck,3/19/2013,15-Nov-13,8-Oct-13,18-Oct-13,ARV,Adult,"Efavirenz/Lamivudine/Tenofovir Disoproxil Fumarate 600/300/300mg, tablets, 30 Tabs",Tablet - FDC,30.0,16584.0,184911.6,11.15,0.37,Mylan (formerly Matrix) Nashik,Yes,3132,7700,228.74,
10282,107-RW-T01,Pre-PQ Process,SCMS-38670,ASN-3678,Rwanda,PMO - US,Direct Drop,EXW,Air,Pre-PQ Process,2/18/09,6-Apr-09,6-Apr-09,6-Apr-09,HRDT,HIV test,"Trinity Biotech, Plc","HIV 1/2, Uni-Gold HIV Kit, 20 Tests","HIV 1/2, Uni-Gold HIV Kit",Uni-Gold,,Test kit,20.0,963.0,30816.0,32.0,1.6,"Trinity Biotech, Plc",Yes,320,3100.66,60.4,,,,,,,,,,,,,,,,,,,,,,,,,,
20133,,,,,Uganda,,,,,,9/30/2009,,,,,,ABBVIE LOGISTICS (FORMERLY ABBOTT LOGISTICS BV),,Lopinavir/Ritonavir,Aluvia,200/50mg,,,,,,,,,,,,114-UG-T30,SCMS-54140,ASN-5318,PMO - US,Direct Drop,FCA,Air,9/8/2009,4-Nov-09,4-Nov-09,4-Nov-09,ARV,Adult,"Lopinavir/Ritonavir 200/50mg [Aluvia], tablets, 120 Tabs",Tablet,120.0,60.0,2169.6,36.16,0.3,ABBVIE Ludwigshafen Germany,Yes,36,814.04,4.25,FPQ-4185
55138,,,,,South Sudan,,,,,,2/20/2015,,,,,,"Trinity Biotech, Plc",,"HIV 1/2, Uni-Gold HIV Kit",Uni-Gold,,,,,,,,,,,,,105-SS-T30,SCMS-272140,ASN-31129,PMO - US,Direct Drop,EXW,Air,12/29/2014,8-May-15,8-May-15,11-May-15,HRDT,HIV test,"HIV 1/2, Uni-Gold HIV Kit, 20 Tests",Test kit,20.0,450.0,14400.0,32.0,1.6,"Trinity Biotech, Plc",No,See ASN-31129 (ID#:40205),See ASN-31129 (ID#:40205),16.95,FPQ-15569
83415,104-CI-T30,FPQ-4378,SO-34370,DN-1759,Côte d'Ivoire,PMO - US,From RDC,N/A - From RDC,Air,10/15/09,N/A - From RDC,6-Apr-10,1-Apr-10,1-Apr-10,ARV,Adult,SCMS from RDC,"Tenofovir Disoproxil Fumarate 300mg, tablets, 30 Tabs",Tenofovir Disoproxil Fumarate,Generic,300mg,Tablet,30.0,250.0,2035.0,8.14,0.27,Mylan (formerly Matrix) Nashik,No,See DN-1759 (ID#:82875),See DN-1759 (ID#:82875),3.99,,,,,,,,,,,,,,,,,,,,,,,,,,
85090,,,,,Zimbabwe,,,,,,N/A - From RDC,,,,,,SCMS from RDC,,Efavirenz,Generic,600mg,,,,,,,,,,,,113-ZW-T30,SO-35390,DN-1659,PMO - US,From RDC,N/A - From RDC,Truck,12/8/2009,31-Mar-10,12-Mar-10,12-Mar-10,ARV,Adult,"Efavirenz 600mg, tablets, 30 Tabs",Tablet,30.0,1900.0,9747.0,5.13,0.17,"Aurobindo Unit III, India",No,See DN-1659 (ID#:82859),See DN-1659 (ID#:82859),21.01,FPQ-4694
55922,,FPQ-13973,,,South Africa,,,,,,11/4/2014,,,,,,PHARMACY DIRECT,,Lamivudine,Generic,10mg/ml,,,,,,,,,,,,116-ZA-T30,SCMS-238555,ASN-29257,PMO - US,Direct Drop,DDP,Truck,4/30/2014,5-Nov-14,5-Nov-14,5-Nov-14,ARV,Pediatric,"Lamivudine 10mg/ml, oral solution, Bottle, 240 ml",Oral solution,240.0,20.0,143.05,7.15,0.03,"Aurobindo Unit III, India",No,Weight Captured Separately,Freight Included in Commodity Cost,0.15,
3159,117-ET-T01,Pre-PQ Process,SCMS-22810,ASN-2096,Ethiopia,PMO - US,Direct Drop,DDP,Air,Pre-PQ Process,4/28/08,1-Jul-08,1-Jul-08,1-Jul-08,HRDT,HIV test,SETEMA LIMITED PLC,"HIV 1/2, Stat-Pak HIV, Kit, 20 Tests","HIV 1/2, Stat-Pak HIV, Kit",Stat-Pak,,Test kit,20.0,81.0,3798.09,46.89,2.34,Chembio Diagnostics Sys. Inc.,Yes,Weight Captured Separately,Freight Included in Commodity Cost,6.08,,,,,,,,,,,,,,,,,,,,,,,,,,
21147,,,,,Nigeria,,,,,,6/28/2010,,,,,,"Trinity Biotech, Plc",,"HIV 1/2, Uni-Gold HIV Kit",Uni-Gold,,,,,,,,,,,,,133-NG-T30,SCMS-77240,ASN-7561,PMO - US,Direct Drop,EXW,Air,6/7/2010,22-Jul-10,22-Jul-10,22-Jul-10,HRDT,HIV test,"HIV 1/2, Uni-Gold HIV Kit, 20 Tests",Test kit,20.0,7000.0,224000.0,32.0,1.6,"Trinity Biotech, Plc",Yes,2373,29878.21,482.94,FPQ-5815
36447,,,,,South Africa,,,,,,12/14/2010,,,,,,Aurobindo Pharma Limited,,Tenofovir Disoproxil Fumarate,Generic,300mg,,,,,,,,,,,,161-ZA-T30,SCMS-93570,ASN-11801,PMO - US,Direct Drop,DDP,Ocean,11/26/2010,5-Oct-11,14-Oct-11,14-Oct-11,ARV,Adult,"Tenofovir Disoproxil Fumarate 300mg, tablets, 30 Tabs",Tablet,30.0,14155.0,94130.75,6.65,0.22,"Aurobindo Unit III, India",Yes,1321,9726.53,155.32,FPQ-6708
86821,,,,,Zambia,,,,,,N/A - From RDC,,,,,,SCMS from RDC,,Efavirenz/Lamivudine/Tenofovir Disoproxil Fumarate,Generic,600/300/300mg,,,,,,,,,,,,110-ZM-T30,SO-49600,DN-4316,PMO - US,From RDC,N/A - From RDC,Truck,8/12/2014,31-Aug-15,25-Aug-15,3-Sep-15,ARV,Adult,"Efavirenz/Lamivudine/Tenofovir Disoproxil Fumarate 600/300/300mg, tablets, 30 Tabs",Tablet - FDC,30.0,514526.0,5140114.74,9.99,0.33,Cipla Ltd A-42 MIDC Mahar. IN,No,Weight Captured Separately,Freight Included in Commodity Cost,5284.04,FPQ-14784
71971,,,,,Vietnam,,,,,,7/1/2010,,,,,,STRIDES ARCOLAB LIMITED,,Nevirapine,Generic,200mg,,,,,,,,,,,,108-VN-T30,SCMS-77410,ASN-8343,PMO - US,Direct Drop,EXW,Air,6/23/2010,13-Oct-10,13-Oct-10,13-Oct-10,ARV,Adult,"Nevirapine 200mg, tablets, 60 Tabs",Tablet,60.0,3753.0,9532.62,2.54,0.04,"Strides, Bangalore, India.",Yes,216,4146.33,20.55,FPQ-5899
11721,,,,,Côte d'Ivoire,,,,,,N/A - From RDC,,,,,,SCMS from RDC,,Lamivudine/Zidovudine,Generic,150/300mg,,,,,,,,,,,,100-CI-T01,SO-393,DN-62,PMO - US,From RDC,N/A - From RDC,,Pre-PQ Process,4-May-07,4-May-07,4-May-07,ARV,Adult,"Lamivudine/Zidovudine 150/300mg, tablets, 60 Tabs",Tablet - FDC,60.0,10000.0,102500.0,10.25,0.17,"Aurobindo Unit III, India",Yes,963,3142,,Pre-PQ Process
47089,,,,,South Africa,,,,,,Date Not Captured,,,,,,S. BUYS WHOLESALER,,Lamivudine,Generic,10mg/ml,,,,,,,,,,,,116-ZA-T30,SCMS-183950,ASN-19166,South Africa Field Office,Direct Drop,DDP,Truck,3/18/2013,16-Apr-13,16-Apr-13,16-Apr-13,ARV,Pediatric,"Lamivudine 10mg/ml, oral solution, Bottle, 240 ml",Oral solution,240.0,517.0,2812.74,5.44,0.02,"Cipla, Goa, India",No,Weight Captured Separately,Freight Included in Commodity Cost,3.48,FPQ-11828
66925,108-VN-T30,FPQ-6818,SCMS-98050,ASN-11023,Vietnam,PMO - US,Direct Drop,EXW,Air,1/17/11,2/15/11,22-Jun-11,22-Jun-11,22-Jun-11,ARV,Adult,MYLAN LABORATORIES LTD (FORMERLY MATRIX LABORATORIES),"Abacavir 300mg, tablets, 60 Tabs",Abacavir,Generic,300mg,Tablet,60.0,64.0,960.0,15.0,0.25,Mylan (formerly Matrix) Nashik,No,See ASN-11023 (ID#:37963),See ASN-11023 (ID#:37963),1.58,,,,,,,,,,,,,,,,,,,,,,,,,,
85229,,,,,"Congo, DRC",,,,,,N/A - From RDC,,,,,,SCMS from RDC,,Lamivudine/Tenofovir Disoproxil Fumarate,Generic,300/300mg,,,,,,,,,,,,101-CD-T30,SO-41145,DN-2509,PMO - US,From RDC,N/A - From RDC,Air,11/21/2011,16-Mar-12,13-Apr-12,13-Apr-12,ARV,Adult,"Lamivudine/Tenofovir Disoproxil Fumarate 300/300mg, tablets, 30 Tabs",Tablet - FDC,30.0,19.0,115.52,6.08,0.2,Mylan (formerly Matrix) Nashik,No,See DN-2509 (ID#:82441),See DN-2509 (ID#:82441),0.16,FPQ-8840
83254,,FPQ-14105,,,Zambia,,,,,,N/A - From RDC,,,,,,SCMS from RDC,,Lamivudine/Zidovudine,Generic,150/300mg,,,,,,,,,,,,110-ZM-T30,SO-48652,DN-3877,PMO - US,From RDC,N/A - From RDC,Truck,4/16/2014,4-Sep-14,23-Sep-14,17-Oct-14,ARV,Adult,"Lamivudine/Zidovudine 150/300mg, tablets, 60 Tabs",Tablet - FDC,60.0,13535.0,88248.2,6.52,0.11,"Aurobindo Unit III, India",Yes,3704,4562.72,90.72,
1693,,Pre-PQ Process,,,Vietnam,,,,,,3/31/2008,,,,,,MYLAN LABORATORIES LTD (FORMERLY MATRIX LABORATORIES),,Efavirenz,Generic,600mg,,,,,,,,,,,,108-VN-T01,SCMS-20340,ASN-1754,PMO - US,Direct Drop,EXW,Air,Pre-PQ Process,1-Jun-08,1-Jun-08,1-Jun-08,ARV,Adult,"Efavirenz 600mg, tablets, 30 Tabs",Tablet,30.0,6720.0,77145.6,11.48,0.38,Mylan (formerly Matrix) Nashik,Yes,522,3796.05,123.43,
62228,,,,,Nigeria,,,,,,5/19/2014,,,,,,"Orgenics, Ltd",,"HIV 1/2, Determine Complete HIV Kit",Determine,,,,,,,,,,,,,133-NG-T30,SCMS-239690,ASN-26760,PMO - US,Direct Drop,EXW,Air,2/13/2014,9-Jul-14,10-Jul-14,17-Jul-14,HRDT,HIV test,"HIV 1/2, Determine Complete HIV Kit, 100 Tests",Test kit,100.0,10364.0,922396.0,89.0,0.89,"Alere Medical Co., Ltd.",Yes,4212,62466.03,948.22,FPQ-13741
13959,,,,,Zambia,,,,,,6/4/2014,,,,,,MYLAN LABORATORIES LTD (FORMERLY MATRIX LABORATORIES),,Lamivudine/Zidovudine,Generic,30/60mg,,,,,,,,,,,,110-ZM-T30,SCMS-242720,ASN-28530,PMO - US,Direct Drop,EXW,Air,5/21/2014,1-Dec-14,1-Dec-14,10-Dec-14,ARV,Pediatric,"Lamivudine/Zidovudine 30/60mg, dispersible tablets, 60 Tabs",Chewable/dispersible tablet - FDC,60.0,10000.0,19900.0,1.99,0.03,"Mylan,  H-12 & H-13, India",Yes,849,4316.34,20.46,FPQ-14291
83411,,FPQ-5278,,,Zimbabwe,,,,,,N/A - From RDC,,,,,,SCMS from RDC,,Lamivudine/Zidovudine,Generic,150/300mg,,,,,,,,,,,,113-ZW-T30,SO-36120,DN-1739,PMO - US,From RDC,N/A - From RDC,Air,3/4/2010,27-May-10,31-Mar-10,31-Mar-10,ARV,Adult,"Lamivudine/Zidovudine 150/300mg, tablets, 60 Tabs",Tablet - FDC,60.0,12000.0,105120.0,8.76,0.15,"Aurobindo Unit III, India",Yes,1088,4170.65,226.64,
84371,,FPQ-13627,,,Burundi,,,,,,N/A - From RDC,,,,,,SCMS from RDC,,Lopinavir/Ritonavir,Generic,200/50mg,,,,,,,,,,,,102-BI-T30,SO-47670,DN-3712,PMO - US,From RDC,N/A - From RDC,Air,1/24/2014,30-May-14,25-Jun-14,1-Jul-14,ARV,Adult,"Lopinavir/Ritonavir 200/50mg, tablets, 120 Tabs",Tablet,120.0,200.0,4008.0,20.04,0.17,Mylan (formerly Matrix) Nashik,No,See DN-3712 (ID#:83795),See DN-3712 (ID#:83795),4.12,
14210,,,,,Côte d'Ivoire,,,,,,9/30/2011,,,,,,MYLAN LABORATORIES LTD (FORMERLY MATRIX LABORATORIES),,Abacavir/Lamivudine/Zidovudine,Generic,300/150/300mg,,,,,,,,,,,,104-CI-T30,SCMS-123870,ASN-12934,PMO - US,Direct Drop,EXW,Air,8/29/2011,1-Dec-11,1-Dec-11,1-Dec-11,ARV,Adult,"Abacavir/Lamivudine/Zidovudine 300/150/300mg, tablets, 60 Tabs",Tablet - FDC,60.0,4000.0,112000.0,28.0,0.47,Mylan (formerly Matrix) Nashik,Yes,655,5300.24,184.8,FPQ-8302
83571,104-CI-T30,FPQ-8787,SO-41151,DN-2557,Côte d'Ivoire,PMO - US,From RDC,N/A - From RDC,Air,11/11/11,N/A - From RDC,16-Apr-12,24-Feb-12,24-Feb-12,ARV,Adult,SCMS from RDC,"Efavirenz/Emtricitabine/Tenofovir Disoproxil Fumarate 600/200/300mg, tablets, 30 Tabs",Efavirenz/Emtricitabine/Tenofovir Disoproxil Fumarate,Generic,600/200/300mg,Tablet - FDC,30.0,7140.0,119452.2,16.73,0.56,Mylan (formerly Matrix) Nashik,Yes,779,4646.13,167.47,,,,,,,,,,,,,,,,,,,,,,,,,,
57308,,,,,South Africa,,,,,,Date Not Captured,,,,,,S. BUYS WHOLESALER,,Didanosine,Generic,400mg,,,,,,,,,,,,116-ZA-T30,SCMS-183950,ASN-19166,South Africa Field Office,Direct Drop,DDP,Truck,3/18/2013,16-Apr-13,16-Apr-13,16-Apr-13,ARV,Adult,"Didanosine 400mg, delayed-release capsules, 30 Caps",Delayed-release capsules,30.0,251.0,4996.06,19.9,0.66,"Aurobindo Unit III, India",No,Weight Captured Separately,Freight Included in Commodity Cost,6.18,FPQ-11828
12851,,,,,Côte d'Ivoire,,,,,,N/A - From RDC,,,,,,SCMS from RDC,,Tenofovir Disoproxil Fumarate,Generic,300mg,,,,,,,,,,,,104-CI-T01,SO-21880,DN-1152,PMO - US,From RDC,N/A - From RDC,Air,Pre-PQ Process,30-Apr-09,30-Apr-09,30-Apr-09,ARV,Adult,"Tenofovir Disoproxil Fumarate 300mg, tablets, 30 Tabs",Tablet,30.0,2200.0,29216.0,13.28,0.44,Mylan (formerly Matrix) Nashik,No,See DN-1152 (ID#:11010),See DN-1152 (ID#:11010),57.26,Pre-PQ Process
84908,,,,,Haiti,,,,,,N/A - From RDC,,,,,,SCMS from RDC,,Efavirenz,Generic,600mg,,,,,,,,,,,,106-HT-T30,SO-47690,DN-3586,PMO - US,From RDC,N/A - From RDC,Air,1/22/2014,30-Mar-14,24-Mar-14,6-May-14,ARV,Adult,"Efavirenz 600mg, tablets, 30 Tabs",Tablet,30.0,25000.0,83250.0,3.33,0.11,"Hetero, Jadcherla, unit 5, IN",No,See DN-3586 (ID#:83224),See DN-3586 (ID#:83224),85.58,FPQ-13608
50483,,FPQ-3859,,,Rwanda,,,,,,7/16/2009,,,,,,Aurobindo Pharma Limited,,Tenofovir Disoproxil Fumarate,Generic,300mg,,,,,,,,,,,,107-RW-T30,SCMS-48830,ASN-5409,PMO - US,Direct Drop,CIP,Air,6/30/2009,19-Nov-09,19-Nov-09,19-Nov-09,ARV,Adult,"Tenofovir Disoproxil Fumarate 300mg, tablets, 30 Tabs",Tablet,30.0,250.0,2.5,0.01,0.0,"Aurobindo Unit III, India",Yes,24,280.23,0.0,
2654,106-HT-T01,Pre-PQ Process,SCMS-73,ASN-59,Haiti,PMO - US,Direct Drop,EXW,Air,Pre-PQ Process,Date Not Captured,9-Oct-06,9-Oct-06,9-Oct-06,HRDT,HIV test,"Trinity Biotech, Plc","HIV 1/2, Capillus HIV Kit, 100 Tests","HIV 1/2, Capillus HIV Kit",Capillus,,Test kit,100.0,45.0,7875.0,175.0,1.75,Not Applicable,Yes,29,854.34,,,,,,,,,,,,,,,,,,,,,,,,,,,
86369,,FPQ-6495,,,Côte d'Ivoire,,,,,,N/A - From RDC,,,,,,SCMS from RDC,,Nevirapine,Generic,200mg,,,,,,,,,,,,104-CI-T30,SO-37720,DN-2122,PMO - US,From RDC,N/A - From RDC,Air,10/4/2010,31-Mar-11,15-Mar-11,15-Mar-11,ARV,Adult,"Nevirapine 200mg, tablets, 60 Tabs",Tablet,60.0,50000.0,125500.0,2.51,0.04,"Aurobindo Unit III, India",No,See DN-2122 (ID#:84622),See DN-2122 (ID#:84622),270.58,
37334,,FPQ-12523,,,South Africa,,,,,,8/13/2013,,,,,,S. BUYS WHOLESALER,,Saquinavir,Invirase,200mg,,,,,,,,,,,,116-ZA-T30,SCMS-199310,ASN-29450,PMO - US,Direct Drop,DDP,Truck,7/12/2013,19-Nov-14,19-Nov-14,19-Nov-14,ARV,Adult,"Saquinavir 200mg [Invirase], capsules, 270 Caps",Capsule,270.0,30.0,2542.45,84.75,0.31,Roche Madrid,No,Weight Captured Separately,Freight Included in Commodity Cost,3.15,
84689,,FPQ-8383,,,Zambia,,,,,,N/A - From RDC,,,,,,SCMS from RDC,,Emtricitabine/Tenofovir Disoproxil Fumarate,Generic,200/300mg,,,,,,,,,,,,110-ZM-T30,SO-40740,DN-2476,PMO - US,From RDC,N/A - From RDC,Truck,9/11/2011,19-Jan-12,23-Dec-11,23-Dec-11,ARV,Adult,"Emtricitabine/Tenofovir Disoproxil Fumarate 200/300mg, tablets, 30 Tabs",Tablet - FDC,30.0,113925.0,1021907.25,8.97,0.3,Mylan (formerly Matrix) Nashik,Yes,9875,14325.71,1686.15,
12295,,Pre-PQ Process,,,Nigeria,,,,,,N/A - From RDC,,,,,,SCMS from RDC,,Emtricitabine/Tenofovir Disoproxil Fumarate,Truvada,300/200mg,,,,,,,,,,,,151-NG-T01,SO-30022,DN-1290,PMO - US,From RDC,N/A - From RDC,Air Charter,Pre-PQ Process,16-Jun-09,16-Jun-09,16-Jun-09,ARV,Adult,"Emtricitabine/Tenofovir Disoproxil Fumarate 200/300mg [Truvada], tablets, 30 Tabs",Tablet - FDC,30.0,24269.0,637061.25,26.25,0.88,"Aspen-OSD, Port Elizabeth, SA",Yes,2094,7329.83,1248.64,
77901,133-NG-T30,FPQ-10765,SCMS-162440,ASN-18172,Nigeria,PMO - US,Direct Drop,EXW,Air,10/5/12,10/16/12,9-Jan-13,21-Feb-13,21-Feb-13,HRDT,HIV test,"Orgenics, Ltd","HIV 1/2, Determine Complete HIV Kit, 100 Tests","HIV 1/2, Determine Complete HIV Kit",Determine,,Test kit,100.0,2744.0,244216.0,89.0,0.89,"Alere Medical Co., Ltd.",Yes,1235,88176.17,342.39,,,,,,,,,,,,,,,,,,,,,,,,,,
24790,,,,,Vietnam,,,,,,2/6/2013,,,,,,HETERO LABS LIMITED,,Abacavir,Generic,300mg,,,,,,,,,,,,108-VN-T30,SCMS-176300,ASN-19787,PMO - US,Direct Drop,EXW,Air,1/29/2013,1-Jul-13,1-Jul-13,1-Jul-13,ARV,Adult,"Abacavir 300mg, tablets, 60 Tabs",Tablet,60.0,717.0,8783.25,12.25,0.2,Hetero Unit III Hyderabad IN,No,See ASN-19787 (ID#:13978),See ASN-19787 (ID#:13978),10.86,FPQ-11418
80924,116-ZA-T30,FPQ-12522,SCMS-199289,ASN-28034,South Africa,PMO - US,Direct Drop,DDP,Truck,7/11/13,8/29/14,29-Aug-14,29-Aug-14,29-Aug-14,ARV,Adult,S. BUYS WHOLESALER,"Lamivudine/Nevirapine/Stavudine 150/200/30mg, tablets, 60 Tabs",Lamivudine/Nevirapine/Stavudine,Generic,150/200/30mg,Tablet - FDC,60.0,13.0,393.18,30.24,0.5,"Cipla, Goa, India",No,Weight Captured Separately,Freight Included in Commodity Cost,0.49,,,,,,,,,,,,,,,,,,,,,,,,,,
11006,,Pre-PQ Process,,,Haiti,,,,,,N/A - From RDC,,,,,,SCMS from RDC,,Indinavir,Crixivan,400mg,,,,,,,,,,,,106-HT-T01,SO-23750,DN-1100,PMO - US,From RDC,N/A - From RDC,Air,Pre-PQ Process,3-Mar-09,3-Mar-09,3-Mar-09,ARV,Adult,"Indinavir 400mg [Crixivan], capsules, 180 Caps",Capsule,180.0,56.0,2800.0,50.0,0.28,"MSD, Haarlem, NL",No,See DN-1100 (ID#:11005),See DN-1100 (ID#:11005),5.49,
82889,106-HT-T30,FPQ-5523,SO-36740,DN-1847,Haiti,PMO - US,From RDC,N/A - From RDC,Air,4/19/10,N/A - From RDC,30-Jun-10,9-Jun-10,9-Jun-10,ARV,Pediatric,SCMS from RDC,"Abacavir 20mg/ml, oral solution, Bottle, 240 ml",Abacavir,Generic,20mg/ml,Oral solution,240.0,480.0,6528.0,13.6,0.06,"Aurobindo Unit III, India",Yes,390,6438.38,14.07,,,,,,,,,,,,,,,,,,,,,,,,,,
84150,,FPQ-8303,,,Tanzania,,,,,,N/A - From RDC,,,,,,SCMS from RDC,,Lamivudine/Nevirapine/Zidovudine,Generic,30/50/60mg,,,,,,,,,,,,109-TZ-T30,SO-40691,DN-2573,PMO - US,From RDC,N/A - From RDC,Truck,8/22/2011,30-Mar-12,12-Mar-12,12-Mar-12,ARV,Pediatric,"Lamivudine/Nevirapine/Zidovudine 30/50/60mg, dispersible tablets, 60 Tabs",Chewable/dispersible tablet - FDC,60.0,163735.0,695873.75,4.25,0.07,Mylan (formerly Matrix) Nashik,Yes,9208,3825.8,1148.19,
33232,114-UG-T30,FPQ-13696,SCMS-231380,ASN-26594,Uganda,PMO - US,Direct Drop,EXW,Air,2/19/14,3/21/14,26-Jun-14,26-Jun-14,27-Jun-14,ARV,Adult,MYLAN LABORATORIES LTD (FORMERLY MATRIX LABORATORIES),"Atazanavir/Ritonavir 300/100mg, tablets, 30 Tabs",Atazanavir/Ritonavir,Generic,300/100mg,Tablet,30.0,1801.0,36020.0,20.0,0.67,Mylan (formerly Matrix) Nashik,Yes,225,1726.75,37.03,,,,,,,,,,,,,,,,,,,,,,,,,,
85035,,,,,Côte d'Ivoire,,,,,,N/A - From RDC,,,,,,SCMS from RDC,,Tenofovir Disoproxil Fumarate,Generic,300mg,,,,,,,,,,,,104-CI-T30,SO-49090,DN-4177,PMO - US,From RDC,N/A - From RDC,Truck,5/23/2014,29-May-15,29-May-15,18-Jun-15,ARV,Adult,"Tenofovir Disoproxil Fumarate 300mg, tablets, 30 Tabs",Tablet,30.0,7500.0,26625.0,3.55,0.12,Mylan (formerly Matrix) Nashik,No,See DN-4177 (ID#:82804),See DN-4177 (ID#:82804),27.37,FPQ-14370
4021,,Pre-PQ Process,,,Vietnam,,,,,,7/4/2007,,,,,,ABBVIE LOGISTICS (FORMERLY ABBOTT LOGISTICS BV),,Lopinavir/Ritonavir,Aluvia,200/50mg,,,,,,,,,,,,108-VN-T01,SCMS-762,ASN-634,PMO - US,Direct Drop,FCA,Air,Pre-PQ Process,10-Sep-07,10-Sep-07,10-Sep-07,ARV,Adult,"Lopinavir/Ritonavir 200/50mg [Aluvia], tablets, 120 Tabs",Tablet,120.0,1000.0,82190.0,82.19,0.68,ABBVIE Ludwigshafen Germany,Yes,226,2923.46,131.5,
85584,,,,,Burundi,,,,,,N/A - From RDC,,,,,,SCMS from RDC,,Lamivudine/Zidovudine,Generic,30/60mg,,,,,,,,,,,,102-BI-T30,SO-50290,DN-4210,PMO - US,From RDC,N/A - From RDC,Air,11/19/2014,30-Jun-15,22-Apr-15,23-Apr-15,ARV,Pediatric,"Lamivudine/Zidovudine 30/60mg, dispersible tablets, 60 Tabs",Chewable/dispersible tablet - FDC,60.0,164.0,314.88,1.92,0.03,"Cipla, Goa, India",No,See DN-4210 (ID#:83906),See DN-4210 (ID#:83906),0.37,FPQ-15406
46468,161-ZA-T30,FPQ-7175,SCMS-103910,ASN-11194,South Africa,PMO - US,Direct Drop,DDP,Ocean,3/10/11,3/28/11,6-Sep-11,6-Sep-11,6-Sep-11,ARV,Adult,STRIDES ARCOLAB LIMITED,"Lamivudine 150mg, tablets, 60 Tabs",Lamivudine,Generic,150mg,Tablet,60.0,515000.0,1251450.0,2.43,0.04,"Strides, Bangalore, India.",Yes,Weight Captured Separately,Freight Included in Commodity Cost,2064.89,,,,,,,,,,,,,,,,,,,,,,,,,,
47587,,FPQ-14694,,,Guyana,,,,,,8/14/2014,,,,,,"Orgenics, Ltd",,"HIV 1/2, Determine Complete HIV Kit",Determine,,,,,,,,,,,,,105-GY-T30,SCMS-252350,ASN-28008,PMO - US,Direct Drop,EXW,Air,7/28/2014,24-Sep-14,24-Sep-14,8-Oct-14,HRDT,HIV test,"HIV 1/2, Determine Complete HIV Kit, 100 Tests",Test kit,100.0,605.0,60500.0,100.0,1.0,"Alere Medical Co., Ltd.",Yes,Weight Captured Separately,Invoiced Separately,62.19,
83380,,FPQ-4378,,,Côte d'Ivoire,,,,,,N/A - From RDC,,,,,,SCMS from RDC,,Tenofovir Disoproxil Fumarate,Generic,300mg,,,,,,,,,,,,104-CI-T30,SO-34371,DN-1544,PMO - US,From RDC,N/A - From RDC,Air,10/15/2009,4-Dec-09,2-Dec-09,2-Dec-09,ARV,Adult,"Tenofovir Disoproxil Fumarate 300mg, tablets, 30 Tabs",Tablet,30.0,950.0,8103.5,8.53,0.28,Mylan (formerly Matrix) Nashik,Yes,54,1211.49,15.88,
11046,100-SZ-T01,Pre-PQ Process,SO-30790,DN-1238,Swaziland,PMO - US,From RDC,N/A - From RDC,Air,Pre-PQ Process,N/A - From RDC,21-May-09,21-May-09,21-May-09,ARV,Adult,SCMS from RDC,"Tenofovir Disoproxil Fumarate 300mg, tablets, 30 Tabs",Tenofovir Disoproxil Fumarate,Generic,300mg,Tablet,30.0,1250.0,11250.0,9.0,0.3,Mylan (formerly Matrix) Nashik,Yes,1787,12798.04,22.05,,,,,,,,,,,,,,,,,,,,,,,,,,
5646,,,,,Nigeria,,,,,,3/11/2008,,,,,,"Orgenics, Ltd",,"HIV, Lancet, Safety, for HIV Test kits, 100 Pcs",Generic,,,,,,,,,,,,,123-NG-T01,SCMS-18740,ASN-1553,PMO - US,Direct Drop,EXW,Air,Pre-PQ Process,8-May-08,7-Apr-08,7-Apr-08,HRDT,HIV test - Ancillary,"HIV, Lancet, Safety, for HIV Test kits, 100 Pcs",Test kit - Ancillary,100.0,285.0,2.85,0.01,0.0,Inverness Japan,Yes,Weight Captured Separately,Invoiced Separately,0.0,Pre-PQ Process
86568,,FPQ-11033,,,Mozambique,,,,,,N/A - From RDC,,,,,,SCMS from RDC,,Lamivudine/Nevirapine/Zidovudine,Generic,150/300/200mg,,,,,,,,,,,,111-MZ-T30,SO-43790,DN-3102,PMO - US,From RDC,N/A - From RDC,Truck,11/12/2012,1-Aug-13,1-Aug-13,1-Aug-13,ARV,Adult,"Lamivudine/Nevirapine/Zidovudine 150/200/300mg, tablets, 60 Tabs",Tablet - FDC,60.0,108700.0,932646.0,8.58,0.14,Mylan (formerly Matrix) Nashik,No,See DN-3102 (ID#:82573),See DN-3102 (ID#:82573),1153.68,
46170,,,,,South Africa,,,,,,4/1/2011,,,,,,Aurobindo Pharma Limited,,Lamivudine/Zidovudine,Generic,150/300mg,,,,,,,,,,,,116-ZA-T30,SCMS-104390,ASN-11198,PMO - US,Direct Drop,DDP,Ocean,3/10/2011,14-Sep-11,14-Sep-11,14-Sep-11,ARV,Adult,"Lamivudine/Zidovudine 150/300mg, tablets, 60 Tabs",Tablet - FDC,60.0,19836.0,167019.12,8.42,0.14,"Aurobindo Unit III, India",Yes,1820,698,275.58,FPQ-7176
43272,116-ZA-T30,FPQ-13973,SCMS-238556,ASN-31854,South Africa,PMO - US,Direct Drop,DDP,Truck,4/30/14,4/28/15,28-Apr-15,28-Apr-15,28-Apr-15,ARV,Adult,PHARMACY DIRECT,"Lamivudine 150mg, tablets, 60 Tabs",Lamivudine,Generic,150mg,Tablet,60.0,80.0,731.44,9.14,0.15,"Aurobindo Unit III, India",No,Weight Captured Separately,Freight Included in Commodity Cost,0.75,,,,,,,,,,,,,,,,,,,,,,,,,,
35519,161-ZA-T30,FPQ-5303,SCMS-68860,ASN-6937,South Africa,PMO - US,Direct Drop,DDP,Air,3/18/10,3/19/10,1-Jun-10,1-Jun-10,1-Jun-10,ARV,Adult,Aurobindo Pharma Limited,"Efavirenz 600mg, tablets, 30 Tabs",Efavirenz,Generic,600mg,Tablet,30.0,53957.0,251979.19,4.67,0.16,"Aurobindo Unit III, India",Yes,4565,6105.83,543.27,,,,,,,,,,,,,,,,,,,,,,,,,,
51817,161-ZA-T30,FPQ-6708,SCMS-93570,ASN-12387,South Africa,PMO - US,Direct Drop,DDP,Ocean,11/26/10,12/14/10,5-Oct-11,24-Nov-11,24-Nov-11,ARV,Adult,Aurobindo Pharma Limited,"Tenofovir Disoproxil Fumarate 300mg, tablets, 30 Tabs",Tenofovir Disoproxil Fumarate,Generic,300mg,Tablet,30.0,42131.0,280171.15,6.65,0.22,"Aurobindo Unit III, India",Yes,Weight Captured Separately,Freight Included in Commodity Cost,462.28,,,,,,,,,,,,,,,,,,,,,,,,,,
11618,,Pre-PQ Process,,,Ethiopia,,,,,,N/A - From RDC,,,,,,SCMS from RDC,,Lamivudine/Nevirapine/Stavudine,Generic,150/200/30mg,,,,,,,,,,,,117-ET-T01,SO-22000,DN-1060,PMO - US,From RDC,N/A - From RDC,Air,Pre-PQ Process,18-Feb-09,18-Feb-09,18-Feb-09,ARV,Adult,"Lamivudine/Nevirapine/Stavudine 150/200/30mg, tablets, 60 Tabs",Tablet - FDC,60.0,8258.0,58796.96,7.12,0.12,"Strides, Bangalore, India.",Yes,5147,29336.46,115.24,
12923,,Pre-PQ Process,,,Ghana,,,,,,N/A - From RDC,,,,,,SCMS from RDC,,Lopinavir/Ritonavir,Kaletra,80/20mg/ml,,,,,,,,,,,,100-GH-T01,SO-33650,DN-1473,PMO - US,From RDC,N/A - From RDC,Truck,Date Not Captured,30-Sep-09,12-Aug-09,12-Aug-09,ARV,Pediatric,"Lopinavir/Ritonavir 80/20mg/ml [Kaletra], oral solution, cool, Bottle 5 x 60 ml",Oral solution,300.0,896.0,8.96,0.01,0.0,ABBVIE (Abbott) Logis. UK,No,See DN-1473 (ID#:11358),See DN-1473 (ID#:11358),0.02,
11393,,,,,Zambia,,,,,,N/A - From RDC,,,,,,SCMS from RDC,,Efavirenz,Generic,600mg,,,,,,,,,,,,110-ZM-T01,SO-498,DN-182,PMO - US,From RDC,N/A - From RDC,,Pre-PQ Process,14-Jun-07,14-Jun-07,14-Jun-07,ARV,Adult,"Efavirenz 600mg, tablets, 30 Tabs",Tablet,30.0,25874.0,420711.24,16.26,0.54,"Aurobindo Unit III, India",No,See DN-182 (ID#:10562),See DN-182 (ID#:10562),,Pre-PQ Process
76136,,,,,Zambia,,,,,,9/19/2014,,,,,,"Orgenics, Ltd",,"HIV 1/2, Determine Complete HIV Kit",Determine,,,,,,,,,,,,,110-ZM-T30,SCMS-256510,ASN-29093,PMO - US,Direct Drop,EXW,Air,8/19/2014,11-Mar-15,11-Mar-15,31-Mar-15,HRDT,HIV test,"HIV 1/2, Determine Complete HIV Kit, 100 Tests",Test kit,100.0,6322.0,505760.0,80.0,0.8,"Alere Medical Co., Ltd.",Yes,2564,37444.1,519.92,FPQ-14827
61111,,FPQ-13600,,,Uganda,,,,,,2/4/2014,,,,,,B&C GROUP S.A.,,Etravirine,Intelence,100mg,,,,,,,,,,,,114-UG-T30,SCMS-225770,ASN-26847,PMO - US,Direct Drop,EXW,Air,1/28/2014,16-Jul-14,16-Jul-14,18-Jul-14,ARV,Adult,"Etravirine 100mg [Intelence], tablets, 120 Tabs",Tablet,120.0,502.0,18072.0,36.0,0.3,"Janssen-Cilag, Latina, IT",Yes,119,923.18,18.58,
13900,,FPQ-12659,,,Cameroon,,,,,,8/6/2013,,,,,,"Orgenics, Ltd",,"HIV 1/2, Determine Kit without Lancets, Buffer or Capillary Tubes, 100 Tests",Determine,,,,,,,,,,,,,103-CM-T30,SCMS-201930,ASN-21679,PMO - US,Direct Drop,EXW,Air,7/26/2013,10-Oct-13,10-Oct-13,18-Oct-13,HRDT,HIV test,"HIV 1/2, Determine Kit without Lancets, Buffer or Caplillary Tubes, 100 Tests",Test kit,100.0,120.0,8658.0,72.15,0.72,"Alere Medical Co., Ltd.",Yes,Weight Captured Separately,1090.87,10.71,
39647,108-VN-T30,FPQ-7565,SCMS-107610,ASN-11722,Vietnam,PMO - US,Direct Drop,EXW,Air,4/21/11,5/4/11,5-Sep-11,5-Sep-11,5-Sep-11,ARV,Adult,Aurobindo Pharma Limited,"Lamivudine/Nevirapine/Zidovudine 150/200/300mg, tablets, 60 Tabs",Lamivudine/Nevirapine/Zidovudine,Generic,150/300/200mg,Tablet - FDC,60.0,20000.0,219000.0,10.95,0.18,"Aurobindo Unit III, India",Yes,2675,9656.19,361.35,,,,,,,,,,,,,,,,,,,,,,,,,,
62516,,,,,Vietnam,,,,,,1/25/2012,,,,,,ABBVIE LOGISTICS (FORMERLY ABBOTT LOGISTICS BV),,Lopinavir/Ritonavir,Aluvia,200/50mg,,,,,,,,,,,,108-VN-T30,SCMS-131580,ASN-15388,PMO - US,Direct Drop,FCA,Air,12/15/2011,26-Jul-12,26-Jul-12,26-Jul-12,ARV,Adult,"Lopinavir/Ritonavir 200/50mg [Aluvia], tablets, 120 Tabs",Tablet,120.0,7078.0,430483.96,60.82,0.51,ABBVIE Ludwigshafen Germany,Yes,1724,5248.47,603.54,FPQ-9001
85153,106-HT-T30,FPQ-6391,SO-37440,DN-2020,Haiti,PMO - US,From RDC,N/A - From RDC,Air,9/10/10,N/A - From RDC,8-Oct-10,21-Oct-10,21-Oct-10,ARV,Pediatric,SCMS from RDC,"Stavudine 1mg/ml, powder for oral solution, 200 ml",Stavudine,Generic,1mg/ml,Oral solution,200.0,600.0,810.0,1.35,0.01,"Aurobindo Unit III, India",Yes,69,29153.27,1.75,,,,,,,,,,,,,,,,,,,,,,,,,,
6595,110-ZM-T01,Pre-PQ Process,SCMS-38,ASN-25,Zambia,PMO - US,Direct Drop,FCA,Air,Pre-PQ Process,Date Not Captured,28-Aug-06,28-Aug-06,28-Aug-06,HRDT,HIV test,Abbott GmbH & Co. KG,"HIV 1/2, Determine Complete HIV Kit, 100 Tests","HIV 1/2, Determine Complete HIV Kit",Determine,,Test kit,100.0,500.0,40000.0,80.0,0.8,ABBVIE GmbH & Co.KG Wiesbaden,Yes,171,1187.19,,,,,,,,,,,,,,,,,,,,,,,,,,,
85711,,FPQ-5688,,,Nigeria,,,,,,N/A - From RDC,,,,,,SCMS from RDC,,Efavirenz/Emtricitabine/Tenofovir Disoproxil Fumarate,Generic,600/200/300mg,,,,,,,,,,,,151-NG-T30,SO-37500,DN-2025,PMO - US,From RDC,N/A - From RDC,Air,5/27/2010,22-Oct-10,10-Nov-10,10-Nov-10,ARV,Adult,"Efavirenz/Emtricitabine/Tenofovir Disoproxil Fumarate 600/200/300mg, tablets, 30 Tabs",Tablet - FDC,30.0,33162.0,660587.04,19.92,0.66,Mylan (formerly Matrix) Nashik,No,See DN-2025 (ID#:83460),See DN-2025 (ID#:83460),1424.23,
82551,,,,,Zimbabwe,,,,,,N/A - From RDC,,,,,,SCMS from RDC,,Lamivudine/Stavudine,Generic,30/6mg,,,,,,,,,,,,103-ZW-T30,SO-42260,DN-3032,PMO - US,From RDC,N/A - From RDC,Truck,5/15/2012,31-Mar-13,14-Mar-13,14-Mar-13,ARV,Pediatric,"Lamivudine/Stavudine 30/6mg, dispersible tablets, 60 Tabs",Chewable/dispersible tablet - FDC,60.0,7372.0,14006.8,1.9,0.03,"Cipla, Goa, India",Yes,5453,9405.81,19.64,FPQ-9907
72336,102-KE-T30,FPQ-4591,SCMS-58382,ASN-7491,Kenya,PMO - US,Direct Drop,EXW,Air,11/18/09,5/27/10,29-Jul-10,30-Jul-10,30-Jul-10,HRDT,HIV test,"Orgenics, Ltd","HIV 1/2, Determine Complete HIV Kit, 100 Tests","HIV 1/2, Determine Complete HIV Kit",Determine,,Test kit,100.0,4555.0,364400.0,80.0,0.8,Inverness Japan,Yes,974,9456.46,785.65,,,,,,,,,,,,,,,,,,,,,,,,,,
73996,104-CI-T30,FPQ-12806,SCMS-206580,ASN-22054,Côte d'Ivoire,PMO - US,Direct Drop,EXW,Air,8/9/13,9/16/13,4-Nov-13,4-Nov-13,5-Nov-13,ARV,Adult,MYLAN LABORATORIES LTD (FORMERLY MATRIX LABORATORIES),"Atazanavir/Ritonavir 300/100mg, tablets, 30 Tabs",Atazanavir/Ritonavir,Generic,300/100mg,Tablet,30.0,4500.0,90000.0,20.0,0.67,Mylan (formerly Matrix) Nashik,Yes,608,4568.92,111.33,,,,,,,,,,,,,,,,,,,,,,,,,,
12230,,Pre-PQ Process,,,Mozambique,,,,,,N/A - From RDC,,,,,,SCMS from RDC,,Lamivudine/Stavudine,Generic,150/30mg,,,,,,,,,,,,111-MZ-T01,SO-15080,DN-1034,PMO - US,From RDC,N/A - From RDC,Air,Pre-PQ Process,21-Feb-09,21-Feb-09,21-Feb-09,ARV,Adult,"Lamivudine/Stavudine 150/30mg, tablets, 60 Tabs",Tablet - FDC,60.0,27150.0,105885.0,3.9,0.06,Mylan (formerly Matrix) Nashik,No,See DN-1034 (ID#:10732),See DN-1034 (ID#:10732),207.53,
11100,110-ZM-T01,Pre-PQ Process,SO-310,DN-122,Zambia,PMO - US,From RDC,N/A - From RDC,,Pre-PQ Process,N/A - From RDC,4-May-07,4-May-07,4-May-07,ARV,Adult,SCMS from RDC,"Abacavir 300mg, tablets, 60 Tabs",Abacavir,Generic,300mg,Tablet,60.0,1000.0,35800.0,35.8,0.6,"Aurobindo Unit III, India",Yes,4436,18375.7,,,,,,,,,,,,,,,,,,,,,,,,,,,
47862,111-MZ-T30,FPQ-14235,SCMS-247380,ASN-29098,Mozambique,PMO - US,Direct Drop,CIP,Air,5/21/14,7/28/14,21-Nov-14,21-Nov-14,10-Dec-14,ARV,Adult,JANSSEN SCIENCES IRELAND UC (FORMERLY JANSSEN R&D IRELAND),"Darunavir 600mg [Prezista], tablets, 60 Tabs",Darunavir,Prezista,600mg,Tablet,60.0,50.0,2700.0,54.0,0.9,"Janssen-Cilag, Latina, IT",Yes,Weight Captured Separately,Freight Included in Commodity Cost,2.78,,,,,,,,,,,,,,,,,,,,,,,,,,
84202,,FPQ-9907,,,Zimbabwe,,,,,,N/A - From RDC,,,,,,SCMS from RDC,,Lamivudine/Stavudine,Generic,30/6mg,,,,,,,,,,,,103-ZW-T30,SO-42190,DN-2920,PMO - US,From RDC,N/A - From RDC,Truck,5/15/2012,14-Dec-12,13-Dec-12,13-Dec-12,ARV,Pediatric,"Lamivudine/Stavudine 30/6mg, dispersible tablets, 60 Tabs",Chewable/dispersible tablet - FDC,60.0,19425.0,36907.5,1.9,0.03,"Cipla, Goa, India",Yes,1043,8043.57,51.74,
10355,116-ZA-T01,Pre-PQ Process,SCMS-41230,ASN-3758,South Africa,PMO - US,Direct Drop,DDP,Air,Pre-PQ Process,Date Not Captured,1-Apr-09,11-Feb-09,11-Feb-09,ARV,Adult,S. BUYS WHOLESALER,"Emtricitabine/Tenofovir Disoproxil Fumarate 200/300mg [Truvada], tablets, 30 Tabs",Emtricitabine/Tenofovir Disoproxil Fumarate,Truvada,300/200mg,Tablet - FDC,30.0,80.0,2542.4,31.78,1.06,"Aspen-OSD, Port Elizabeth, SA",Yes,Weight Captured Separately,Freight Included in Commodity Cost,4.98,,,,,,,,,,,,,,,,,,,,,,,,,,
83065,,FPQ-10042,,,Rwanda,,,,,,N/A - From RDC,,,,,,SCMS from RDC,,Abacavir,Generic,300mg,,,,,,,,,,,,107-RW-T30,SO-42490,DN-2798,PMO - US,From RDC,N/A - From RDC,Air,6/4/2012,31-Aug-12,23-Aug-12,23-Aug-12,ARV,Adult,"Abacavir 300mg, tablets, 60 Tabs",Tablet,60.0,6849.0,90064.35,13.15,0.22,"Aurobindo Unit III, India",Yes,880,13841.89,126.27,
50581,,FPQ-7439,,,Zambia,,,,,,4/21/2011,,,,,,"Orgenics, Ltd",,"HIV 1/2, Determine Complete HIV Kit",Determine,,,,,,,,,,,,,110-ZM-T30,SCMS-106740,ASN-11400,PMO - US,Direct Drop,EXW,Air,4/1/2011,22-Jul-11,25-Jul-11,25-Jul-11,HRDT,HIV test,"HIV 1/2, Determine Complete HIV Kit, 100 Tests",Test kit,100.0,2835.0,226800.0,80.0,0.8,Inverness Japan,Yes,1094,24400.67,374.22,
9675,108-VN-T01,Pre-PQ Process,SCMS-20540,ASN-2044,Vietnam,PMO - US,Direct Drop,EXW,Air,Pre-PQ Process,3/31/08,18-Jul-08,18-Jul-08,18-Jul-08,ARV,Adult,MYLAN LABORATORIES LTD (FORMERLY MATRIX LABORATORIES),"Efavirenz 600mg, tablets, 30 Tabs",Efavirenz,Generic,600mg,Tablet,30.0,10080.0,115718.4,11.48,0.38,Mylan (formerly Matrix) Nashik,Yes,772,5893.08,185.15,,,,,,,,,,,,,,,,,,,,,,,,,,
84648,,FPQ-6470,,,Zimbabwe,,,,,,N/A - From RDC,,,,,,SCMS from RDC,,Lamivudine/Tenofovir Disoproxil Fumarate,Generic,300/300mg,,,,,,,,,,,,113-ZW-T30,SO-39510,DN-2205,PMO - US,From RDC,N/A - From RDC,Truck,10/13/2010,31-May-11,15-Jun-11,15-Jun-11,ARV,Adult,"Lamivudine/Tenofovir Disoproxil Fumarate 300/300mg, tablets, 30 Tabs",Tablet - FDC,30.0,10114.0,87283.82,8.63,0.29,Mylan (formerly Matrix) Nashik,No,See DN-2205 (ID#:82950),See DN-2205 (ID#:82950),188.18,
12644,,,,,Tanzania,,,,,,N/A - From RDC,,,,,,SCMS from RDC,,"HIV 1/2, Uni-Gold HIV Kit",Uni-Gold,,,,,,,,,,,,,109-TZ-T01,SO-395,DN-66,PMO - US,From RDC,N/A - From RDC,Air,Pre-PQ Process,13-Apr-07,13-Apr-07,13-Apr-07,HRDT,HIV test,"HIV 1/2, Uni-Gold HIV Kit, 20 Tests",Test kit,20.0,100.0,3200.0,32.0,1.6,"Trinity Biotech, Plc",Yes,66,1004.6,,Pre-PQ Process
83647,,,,,"Congo, DRC",,,,,,N/A - From RDC,,,,,,SCMS from RDC,,Lopinavir/Ritonavir,Generic,200/50mg,,,,,,,,,,,,101-CD-T30,SO-43680,DN-2981,PMO - US,From RDC,N/A - From RDC,Air,11/16/2012,11-Sep-13,11-Sep-13,11-Sep-13,ARV,Adult,"Lopinavir/Ritonavir 200/50mg, tablets, 120 Tabs",Tablet,120.0,159.0,3936.84,24.76,0.21,"Aurobindo Unit III, India",No,See DN-2981 (ID#:82538),See DN-2981 (ID#:82538),4.87,FPQ-11054
85007,,FPQ-14370,,,Côte d'Ivoire,,,,,,N/A - From RDC,,,,,,SCMS from RDC,,Tenofovir Disoproxil Fumarate,Generic,300mg,,,,,,,,,,,,104-CI-T30,SO-49052,DN-4064,PMO - US,From RDC,N/A - From RDC,Truck,5/23/2014,16-Feb-15,19-Jan-15,27-Jan-15,ARV,Adult,"Tenofovir Disoproxil Fumarate 300mg, tablets, 30 Tabs",Tablet,30.0,4236.0,15037.8,3.55,0.12,Hetero Unit III Hyderabad IN,No,See DN-4064 (ID#:82765),See DN-4064 (ID#:82765),15.46,
84079,,FPQ-6484,,,Haiti,,,,,,N/A - From RDC,,,,,,SCMS from RDC,,Lamivudine,Generic,150mg,,,,,,,,,,,,106-HT-T30,SO-38080,DN-2176,PMO - US,From RDC,N/A - From RDC,Air,10/13/2010,24-Mar-11,28-Apr-11,28-Apr-11,ARV,Adult,"Lamivudine 150mg, tablets, 60 Tabs",Tablet,60.0,2111.0,4918.63,2.33,0.04,"Aurobindo Unit III, India",Yes,101,1697.33,10.6,
54545,,FPQ-5303,,,South Africa,,,,,,3/19/2010,,,,,,Aurobindo Pharma Limited,,Nevirapine,Generic,200mg,,,,,,,,,,,,161-ZA-T30,SCMS-68950,ASN-7077,PMO - US,Direct Drop,DDP,Air,3/18/2010,9-Jun-10,9-Jun-10,9-Jun-10,ARV,Adult,"Nevirapine 200mg, tablets, 60 Tabs",Tablet,60.0,38400.0,112128.0,2.92,0.05,"Aurobindo Unit III, India",Yes,4528,6369.79,241.75,
84349,,FPQ-13071,,,Guyana,,,,,,N/A - From RDC,,,,,,SCMS from RDC,,Zidovudine,Generic,10mg/ml,,,,,,,,,,,,105-GY-T30,SO-46800,DN-3585,PMO - US,From RDC,N/A - From RDC,Air,10/9/2013,31-Mar-14,3-Apr-14,6-Jun-14,ARV,Pediatric,"Zidovudine 10mg/ml, oral solution w/syringe, Bottle, 240 ml",Oral solution,240.0,190.0,399.0,2.1,0.01,"Aurobindo Unit III, India",No,See DN-3585 (ID#:83223),See DN-3585 (ID#:83223),0.41,
84014,,,,,Nigeria,,,,,,N/A - From RDC,,,,,,SCMS from RDC,,Nevirapine,Generic,200mg,,,,,,,,,,,,151-NG-T30,SO-36462,DN-1895,PMO - US,From RDC,N/A - From RDC,Air,2/10/2010,15-Jul-10,28-Jun-10,28-Jun-10,ARV,Adult,"Nevirapine 200mg, tablets, 60 Tabs",Tablet,60.0,46678.0,127430.94,2.73,0.05,"Aurobindo Unit III, India",Yes,4490,Freight Included in Commodity Cost,274.74,FPQ-5023
74337,116-ZA-T30,FPQ-13035,SCMS-215370,ASN-24415,South Africa,PMO - US,Direct Drop,DDP,Truck,10/8/13,12/2/13,6-Feb-14,6-Feb-14,6-Feb-14,ARV,Adult,S. BUYS WHOLESALER,"Efavirenz 600mg, tablets, 30 Tabs",Efavirenz,Generic,600mg,Tablet,30.0,2348.0,34277.51,14.6,0.49,"Aurobindo Unit III, India",No,Weight Captured Separately,Freight Included in Commodity Cost,42.4,,,,,,,,,,,,,,,,,,,,,,,,,,
85579,111-MZ-T30,FPQ-14843,SO-49720,DN-4193,Mozambique,PMO - US,From RDC,N/A - From RDC,Truck,8/21/14,N/A - From RDC,15-May-15,15-May-15,15-May-15,ARV,Adult,SCMS from RDC,"Lopinavir/Ritonavir 200/50mg [Aluvia], tablets, 120 Tabs",Lopinavir/Ritonavir,Aluvia,200/50mg,Tablet,120.0,30120.0,569268.0,18.9,0.16,ABBVIE Ludwigshafen Germany,Yes,6697,3995.94,585.21,,,,,,,,,,,,,,,,,,,,,,,,,,
84522,,,,,Zambia,,,,,,N/A - From RDC,,,,,,SCMS from RDC,,Nevirapine,Generic,200mg,,,,,,,,,,,,110-ZM-T30,SO-34930,DN-1583,PMO - US,From RDC,N/A - From RDC,Truck,8/5/2009,15-Jan-10,14-Dec-09,14-Dec-09,ARV,Adult,"Nevirapine 200mg, tablets, 60 Tabs",Tablet,60.0,80000.0,232000.0,2.9,0.05,"Cipla, Goa, India",Yes,8756,13844.72,454.72,FPQ-4035
85651,,FPQ-4325,,,Uganda,,,,,,N/A - From RDC,,,,,,SCMS from RDC,,Nevirapine,Generic,200mg,,,,,,,,,,,,114-UG-T30,SO-34080,DN-1631,PMO - US,From RDC,N/A - From RDC,Truck,9/23/2009,19-Mar-10,29-Jan-10,29-Jan-10,ARV,Adult,"Nevirapine 200mg, tablets, 60 Tabs",Tablet,60.0,5184.0,15033.6,2.9,0.05,"Aurobindo Unit III, India",Yes,507,1576.8,29.47,
80141,109-TZ-T30,FPQ-3782,SCMS-47760,ASN-4974,Tanzania,PMO - US,Direct Drop,CIP,Air,6/11/09,6/29/09,21-Oct-09,21-Oct-09,21-Oct-09,ARV,Adult,BRISTOL-MYERS SQUIBB,"Didanosine EC 400mg [Videx EC], delayed-release capsules, Blister 3 x 10 Caps",Didanosine EC,Videx EC,400mg,Delayed-release capsules - blister,30.0,6900.0,163323.0,23.67,0.79,"BMS Meymac, France",No,See ASN-4974 (ID#:18694),See ASN-4974 (ID#:18694),320.11,,,,,,,,,,,,,,,,,,,,,,,,,,
54729,,,,,Nigeria,,,,,,11/1/2013,,,,,,"Orgenics, Ltd",,"HIV 1/2, Determine Complete HIV Kit",Determine,,,,,,,,,,,,,133-NG-T30,SCMS-210350,ASN-22886,PMO - US,Direct Drop,EXW,Air,8/13/2013,23-Dec-13,10-Dec-13,16-Dec-13,HRDT,HIV test,"HIV 1/2, Determine Complete HIV Kit, 100 Tests",Test kit,100.0,5983.0,532487.0,89.0,0.89,"Alere Medical Co., Ltd.",Yes,2425,39069.63,658.69,FPQ-12812
13476,,,,,Mozambique,,,,,,9/24/2009,,,,,,INTERNATIONAL HEALTHCARE DISTRIBUTORS,,Ritonavir,Norvir,100mg,,,,,,,,,,,,111-MZ-T30,SCMS-53520,ASN-6395,PMO - US,Direct Drop,CIP,Air,9/2/2009,19-Mar-10,19-Mar-10,19-Mar-10,ARV,Adult,"Ritonavir 100mg [Norvir], capsules, cool, 84 Caps",Capsule,84.0,520.0,5366.4,10.32,0.12,ABBVIE (Abbott) France,Yes,149,Freight Included in Commodity Cost,10.52,FPQ-4107
4312,,Pre-PQ Process,,,Guyana,,,,,,2/28/2008,,,,,,"Trinity Biotech, Plc",,"HIV 1/2, Uni-Gold HIV Kit",Uni-Gold,,,,,,,,,,,,,102-GY-T01,SCMS-18510,ASN-2006,PMO - US,Direct Drop,EXW,Air,Pre-PQ Process,21-Jul-08,21-Jul-08,21-Jul-08,HRDT,HIV test,"HIV 1/2, Uni-Gold HIV Kit, 20 Tests",Test kit,20.0,1062.0,33984.0,32.0,1.6,"Trinity Biotech, Plc",Yes,362,4717.51,54.37,
85186,,FPQ-7395,,,Uganda,,,,,,N/A - From RDC,,,,,,SCMS from RDC,,Efavirenz,Generic,600mg,,,,,,,,,,,,114-UG-T30,SO-39140,DN-2201,PMO - US,From RDC,N/A - From RDC,Truck,3/11/2011,6-Jun-11,1-Jun-11,1-Jun-11,ARV,Adult,"Efavirenz 600mg, tablets, 30 Tabs",Tablet,30.0,2950.0,12449.0,4.22,0.14,Mylan (formerly Matrix) Nashik,No,See DN-2201 (ID#:84644),See DN-2201 (ID#:84644),20.54,
44702,,,,,Ethiopia,,,,,,5/22/2013,,,,,,"SHANGHAI KEHUA BIOENGINEERING CO.,LTD.  (KHB)",,"HIV 1/2, Colloidal Gold, Diagnostic Kit, Antibody",Colloidal Gold,,,,,,,,,,,,,117-ET-T30,SCMS-190800,ASN-20675,PMO - US,Direct Drop,EXW,Air,5/9/2013,30-Jul-13,30-Jul-13,30-Jul-13,HRDT,HIV test,"HIV 1/2, SKB Colloidal Gold, Diagnostic Kit, Antibody, 50 Tests",Test kit,1.0,4162.0,101969.0,24.5,24.5,"KHB Test Kit Facility, Shanghai China",Yes,2777,34137.03,126.14,FPQ-12272
59566,,,,,South Africa,,,,,,10/9/2014,,,,,,PHARMACY DIRECT,,Efavirenz,Generic,50mg,,,,,,,,,,,,116-ZA-T30,SCMS-259079,ASN-33852,PMO - US,Direct Drop,DDP,Truck,9/11/2014,24-Aug-15,24-Aug-15,24-Aug-15,ARV,Pediatric,"Efavirenz 50mg, capsule, 30 Caps",Capsule,30.0,9.0,21.81,2.42,0.08,"Aurobindo Unit III, India",No,Weight Captured Separately,Freight Included in Commodity Cost,0.02,FPQ-14942
86321,,FPQ-5523,,,Haiti,,,,,,N/A - From RDC,,,,,,SCMS from RDC,,Zidovudine,Generic,10mg/ml,,,,,,,,,,,,106-HT-T30,SO-36760,DN-1964,PMO - US,From RDC,N/A - From RDC,Air,4/19/2010,10-Aug-10,23-Aug-10,23-Aug-10,ARV,Pediatric,"Zidovudine 10mg/ml, oral solution, Bottle, 240 ml",Oral solution,240.0,4672.0,9437.44,2.02,0.01,"Aurobindo Unit III, India",No,See DN-1964 (ID#:82908),See DN-1964 (ID#:82908),20.35,
69461,,FPQ-13035,,,South Africa,,,,,,12/2/2013,,,,,,S. BUYS WHOLESALER,,Emtricitabine/Tenofovir Disoproxil Fumarate,Generic,200/300mg,,,,,,,,,,,,116-ZA-T30,SCMS-215370,ASN-24415,PMO - US,Direct Drop,DDP,Truck,10/8/2013,6-Feb-14,6-Feb-14,6-Feb-14,ARV,Adult,"Emtricitabine/Tenofovir Disoproxil Fumarate 200/300mg, tablets, 30 Tabs",Tablet - FDC,30.0,4.0,119.68,29.92,1.0,"Aurobindo Unit III, India",No,Weight Captured Separately,Freight Included in Commodity Cost,0.15,
12272,,Pre-PQ Process,,,Mozambique,,,,,,N/A - From RDC,,,,,,SCMS from RDC,,Stavudine,Generic,30mg,,,,,,,,,,,,111-MZ-T01,SO-27430,DN-1177,PMO - US,From RDC,N/A - From RDC,Air,Pre-PQ Process,15-May-09,15-May-09,15-May-09,ARV,Adult,"Stavudine 30mg, capsules, 60 Caps",Capsule,60.0,630.0,976.5,1.55,0.03,"Aurobindo Unit III, India",Yes,42,1217.37,1.91,
77737,,FPQ-9270,,,Rwanda,,,,,,1/31/2012,,,,,,"Trinity Biotech, Plc",,"HIV 1/2, Uni-Gold HIV Kit",Uni-Gold,,,,,,,,,,,,,107-RW-T30,SCMS-136330,ASN-13764,PMO - US,Direct Drop,EXW,Air,1/27/2012,25-Feb-12,25-Feb-12,25-Feb-12,HRDT,HIV test,"HIV 1/2, Uni-Gold HIV Kit, 20 Tests",Test kit,20.0,1460.0,46720.0,32.0,1.6,"Trinity Biotech, Plc",Yes,613,5405.42,65.5,
18664,108-VN-T30,FPQ-13034,SCMS-210150,ASN-24398,Vietnam,PMO - US,Direct Drop,EXW,Air,10/4/13,10/10/13,23-Apr-14,23-Apr-14,23-Apr-14,ARV,Adult,HETERO LABS LIMITED,"Abacavir 300mg, tablets, 60 Tabs",Abacavir,Generic,300mg,Tablet,60.0,1436.0,16442.2,11.45,0.19,Hetero Unit III Hyderabad IN,Yes,2832,7474.2,20.34,,,,,,,,,,,,,,,,,,,,,,,,,,
83133,102-BI-T30,FPQ-11661,SO-44670,DN-3118,Burundi,PMO - US,From RDC,N/A - From RDC,Air,2/20/13,N/A - From RDC,31-May-13,23-May-13,23-May-13,ARV,Adult,SCMS from RDC,"Lamivudine/Zidovudine 150/300mg, tablets, 60 Tabs",Lamivudine/Zidovudine,Generic,150/300mg,Tablet - FDC,60.0,2940.0,21373.8,7.27,0.12,Hetero Unit III Hyderabad IN,No,See DN-3118 (ID#:82569),See DN-3118 (ID#:82569),26.44,,,,,,,,,,,,,,,,,,,,,,,,,,
9279,114-UG-T01,Pre-PQ Process,SCMS-157,ASN-127,Uganda,PMO - US,Direct Drop,EXW,Air,Pre-PQ Process,Date Not Captured,21-Dec-06,21-Dec-06,21-Dec-06,ARV,Adult,Aurobindo Pharma Limited,"Efavirenz 600mg, tablets, 30 Tabs",Efavirenz,Generic,600mg,Tablet,30.0,5080.0,85090.0,16.75,0.56,"Aurobindo Unit III, India",No,See ASN-127 (ID#:3955),See ASN-127 (ID#:3955),,,,,,,,,,,,,,,,,,,,,,,,,,,
86070,,FPQ-13567,,,Guyana,,,,,,N/A - From RDC,,,,,,SCMS from RDC,,Abacavir,Generic,300mg,,,,,,,,,,,,105-GY-T30,SO-47730,DN-3626,PMO - US,From RDC,N/A - From RDC,Air,1/16/2014,30-Jun-14,14-Apr-14,6-Jun-14,ARV,Adult,"Abacavir 300mg, tablets, 60 Tabs",Tablet,60.0,70.0,795.2,11.36,0.19,"Aurobindo Unit III, India",No,See DN-3626 (ID#:83781),See DN-3626 (ID#:83781),0.82,
35983,,,,,Vietnam,,,,,,3/29/2010,,,,,,MYLAN LABORATORIES LTD (FORMERLY MATRIX LABORATORIES),,Tenofovir Disoproxil Fumarate,Generic,300mg,,,,,,,,,,,,108-VN-T30,SCMS-69710,ASN-7510,PMO - US,Direct Drop,EXW,Air,3/22/2010,9-Aug-10,9-Aug-10,9-Aug-10,ARV,Adult,"Tenofovir Disoproxil Fumarate 300mg, tablets, 30 Tabs",Tablet,30.0,3686.0,25802.0,7.0,0.23,Mylan (formerly Matrix) Nashik,Yes,255,6518.69,55.63,FPQ-5317
11198,,,,,Uganda,,,,,,N/A - From RDC,,,,,,SCMS from RDC,,Lamivudine/Nevirapine/Zidovudine,Generic,150/300/200mg,,,,,,,,,,,,114-UG-T01,SO-1300,DN-435,PMO - US,From RDC,N/A - From RDC,Air,Pre-PQ Process,10-Dec-07,10-Dec-07,10-Dec-07,ARV,Adult,"Lamivudine/Nevirapine/Zidovudine 150/200/300mg, tablets, 60 Tabs",Tablet - FDC,60.0,3930.0,80565.0,20.5,0.34,"Aurobindo Unit III, India",No,See DN-435 (ID#:10908),See DN-435 (ID#:10908),128.9,Pre-PQ Process
84443,151-NG-T30,FPQ-14156,SO-48893,DN-4098,Nigeria,PMO - US,From RDC,N/A - From RDC,Air Charter,4/25/14,N/A - From RDC,30-Jan-15,14-Jan-15,20-Jan-15,ARV,Adult,SCMS from RDC,"Lamivudine/Nevirapine/Zidovudine 150/200/300mg, tablets, 60 Tabs",Lamivudine/Nevirapine/Zidovudine,Generic,150/300/200mg,Tablet - FDC,60.0,335999.0,2593912.28,7.72,0.13,Mylan (formerly Matrix) Nashik,Yes,47693,116593,2666.54,,,,,,,,,,,,,,,,,,,,,,,,,,
84729,107-RW-T30,FPQ-9888,SO-42110,DN-2673,Rwanda,PMO - US,From RDC,N/A - From RDC,Air,5/11/12,N/A - From RDC,15-Jun-12,1-Jun-12,1-Jun-12,ARV,Adult,SCMS from RDC,"Abacavir 300mg, tablets, 60 Tabs",Abacavir,Generic,300mg,Tablet,60.0,12000.0,157800.0,13.15,0.22,Mylan (formerly Matrix) Nashik,Yes,1239,28202,221.24,,,,,,,,,,,,,,,,,,,,,,,,,,
25075,,,,,Côte d'Ivoire,,,,,,7/9/2014,,,,,,"CHEMBIO DIAGNOSTIC SYSTEMS, INC.",,"HIV 1/2, Stat-Pak HIV, Kit",Stat-Pak,,,,,,,,,,,,,104-CI-T30,SCMS-243790,ASN-30570,PMO - US,Direct Drop,EXW,Air,5/14/2014,20-Feb-15,20-Feb-15,20-Feb-15,HRDT,HIV test,"HIV 1/2, Stat-Pak HIV, Kit, 20 Tests",Test kit,20.0,2120.0,65720.0,31.0,1.55,Chembio Diagnostics Sys. Inc.,Yes,610,8231.14,67.56,FPQ-14253
85874,151-NG-T30,FPQ-9432,SO-42642,DN-2733,Nigeria,PMO - US,From RDC,N/A - From RDC,Air Charter,3/1/12,N/A - From RDC,2-Aug-12,9-Jul-12,9-Jul-12,ARV,Adult,SCMS from RDC,"Lamivudine/Nevirapine/Zidovudine 150/200/300mg, tablets, 60 Tabs",Lamivudine/Nevirapine/Zidovudine,Generic,150/300/200mg,Tablet - FDC,60.0,180000.0,1765800.0,9.81,0.16,"Aurobindo Unit III, India",Yes,23096,21347.13,2475.65,,,,,,,,,,,,,,,,,,,,,,,,,,
11273,,,,,Tanzania,,,,,,N/A - From RDC,,,,,,SCMS from RDC,,Lopinavir/Ritonavir,Aluvia,200/50mg,,,,,,,,,,,,109-TZ-T01,SO-13300,DN-903,PMO - US,From RDC,N/A - From RDC,Truck,Pre-PQ Process,26-Sep-08,26-Sep-08,26-Sep-08,ARV,Adult,"Lopinavir/Ritonavir 200/50mg [Aluvia], tablets, 120 Tabs",Tablet,120.0,2580.0,106038.0,41.1,0.34,ABBVIE Ludwigshafen Germany,Yes,587,1146.27,169.66,Pre-PQ Process
21033,,,,,Zambia,,,,,,11/19/2013,,,,,,ABBVIE LOGISTICS (FORMERLY ABBOTT LOGISTICS BV),,Lopinavir/Ritonavir,Kaletra,80/20mg/ml,,,,,,,,,,,,110-ZM-T30,SCMS-215200,ASN-23390,PMO - US,Direct Drop,FCA,Air,10/31/2013,7-Feb-14,7-Feb-14,13-Feb-14,ARV,Pediatric,"Lopinavir/Ritonavir 80/20mg/ml [Kaletra], oral solution, cool, Bottle 5 x 60 ml",Oral solution,300.0,2569.0,79176.58,30.82,0.1,ABBVIE (Abbott) Logis. UK,Yes,2410,14384.91,81.39,FPQ-13224
1245,,,,,Côte d'Ivoire,,,,,,4/19/2006,,,,,,BIO-RAD LABORATORIES (FRANCE),,"HIV, Genie II HIV-1/HIV-2 Kit",Genie,,,,,,,,,,,,,100-CI-T01,SCMS-1,ASN-5,PMO - US,Direct Drop,EXW,Air,Pre-PQ Process,27-Jun-06,27-Jun-06,27-Jun-06,HRDT,HIV test,"#108853** HIV, Genie II HIV-1/HIV-2 Kit, 40 Tests",Test kit,40.0,147.0,11076.45,75.35,1.88,Bio-Rad Laboratories,Yes,165,1816.57,,Pre-PQ Process
34885,,,,,South Africa,,,,,,2/12/2015,,,,,,PHARMACY DIRECT,,Nevirapine,Generic,200mg,,,,,,,,,,,,116-ZA-T30,SCMS-259073,ASN-30671,PMO - US,Direct Drop,DDP,Truck,9/11/2014,12-Feb-15,12-Feb-15,12-Feb-15,ARV,Adult,"Nevirapine 200mg, tablets, 60 Tabs",Tablet,60.0,20.0,256.48,12.82,0.21,"Aurobindo Unit III, India",No,Weight Captured Separately,Freight Included in Commodity Cost,0.26,FPQ-14942
5114,,,,,Nigeria,,,,,,4/10/2009,,,,,,MISSIONPHARMA A/S,,Artemether/Lumefantrine,Coartem,20/120mg,,,,,,,,,,,,123-NG-T01,SCMS-43960,ASN-4533,PMO - US,Direct Drop,EXW,Air,Pre-PQ Process,3-Sep-09,3-Sep-09,3-Sep-09,ACT,ACT,"Artemether/Lumefantrine 20/120mg [Coartem], scored tablets, Blister 30 x 18 Tabs",Tablet - FDC + blister,540.0,2000.0,70420.0,35.21,0.07,"Novartis Pharma Suffern, USA",Yes,1250,17170.07,138.02,Pre-PQ Process
29155,,,,,Haiti,,,,,,1/28/2015,,,,,,JANSSEN SCIENCES IRELAND UC (FORMERLY JANSSEN R&D IRELAND),,Darunavir,Prezista,600mg,,,,,,,,,,,,106-HT-T30,SCMS-263100,ASN-31590,PMO - US,Direct Drop,EXW,Air,10/22/2014,13-May-15,13-May-15,15-May-15,ARV,Adult,"Darunavir 600mg [Prezista], tablets, 60 Tabs",Tablet,60.0,600.0,32400.0,54.0,0.9,"Janssen-Cilag, Latina, IT",Yes,120,1140.71,33.31,FPQ-15038
84643,114-UG-T30,FPQ-6901,SO-39320,DN-2190,Uganda,PMO - US,From RDC,N/A - From RDC,Truck,12/22/10,N/A - From RDC,20-Apr-11,3-May-11,3-May-11,ARV,Adult,SCMS from RDC,"Efavirenz/Emtricitabine/Tenofovir Disoproxil Fumarate 600/200/300mg, tablets, 30 Tabs",Efavirenz/Emtricitabine/Tenofovir Disoproxil Fumarate,Generic,600/200/300mg,Tablet - FDC,30.0,6600.0,131472.0,19.92,0.66,Mylan (formerly Matrix) Nashik,Yes,720,4647.66,216.93,,,,,,,,,,,,,,,,,,,,,,,,,,
66809,,FPQ-10287,,,Vietnam,,,,,,8/15/2012,,,,,,HETERO LABS LIMITED,,Abacavir,Generic,300mg,,,,,,,,,,,,108-VN-T30,SCMS-156320,ASN-17177,PMO - US,Direct Drop,EXW,Air,7/25/2012,5-Dec-12,5-Dec-12,5-Dec-12,ARV,Adult,"Abacavir 300mg, tablets, 60 Tabs",Tablet,60.0,615.0,7933.5,12.9,0.22,Hetero Unit III Hyderabad IN,No,See ASN-17177 (ID#:18240),See ASN-17177 (ID#:18240),11.12,
83813,,FPQ-14544,,,Ethiopia,,,,,,N/A - From RDC,,,,,,SCMS from RDC,,Abacavir/Lamivudine,Generic,60/30mg,,,,,,,,,,,,117-ET-T30,SO-49240,DN-3892,PMO - US,From RDC,N/A - From RDC,Air,6/30/2014,15-Sep-14,29-Aug-14,4-Nov-14,ARV,Pediatric,"Abacavir/Lamivudine 60/30mg, dispersible tablets, 60 Tabs",Chewable/dispersible tablet - FDC,60.0,429.0,2415.27,5.63,0.09,"Cipla, Patalganga, India",Yes,39,792.12,2.48,
46869,,,,,Côte d'Ivoire,,,,,,7/9/2014,,,,,,"Standard Diagnostics, Inc.",,"HIV 1/2, Bioline 3.0 Kit, Lancets, Capillary pipets, Alcohol swabs included",Bioline,,,,,,,,,,,,,104-CI-T30,SCMS-243780,ASN-30382,PMO - US,Direct Drop,EXW,Air,5/14/2014,20-Feb-15,20-Feb-15,23-Feb-15,HRDT,HIV test,"HIV 1/2, Bioline 3.0 Kit, Lancets, Capillary pipets, Alcohol swabs included, 25 Tests",Test kit,25.0,1400.0,28700.0,20.5,0.82,"Standard Diagnostics, Korea",Yes,437,5408.93,29.5,FPQ-14253
83597,,FPQ-8790,,,Côte d'Ivoire,,,,,,N/A - From RDC,,,,,,SCMS from RDC,,Abacavir/Lamivudine/Zidovudine,Generic,300/150/300mg,,,,,,,,,,,,104-CI-T30,SO-41182,DN-2716,PMO - US,From RDC,N/A - From RDC,Air,11/11/2011,16-Jul-12,3-Jul-12,3-Jul-12,ARV,Adult,"Abacavir/Lamivudine/Zidovudine 300/150/300mg, tablets, 60 Tabs",Tablet - FDC,60.0,1200.0,36000.0,30.0,0.5,Mylan (formerly Matrix) Nashik,Yes,464,2394.27,50.47,
83960,114-UG-T30,FPQ-4453,SO-34150,DN-1507,Uganda,PMO - US,From RDC,N/A - From RDC,Air,9/2/09,N/A - From RDC,21-Nov-09,12-Nov-09,12-Nov-09,ARV,Adult,SCMS from RDC,"Efavirenz 600mg, tablets, 30 Tabs",Efavirenz,Generic,600mg,Tablet,30.0,200.0,1156.0,5.78,0.19,"Aurobindo Unit III, India",Yes,22,709.02,2.27,,,,,,,,,,,,,,,,,,,,,,,,,,
12667,,Pre-PQ Process,,,Côte d'Ivoire,,,,,,N/A - From RDC,,,,,,SCMS from RDC,,Zidovudine,Generic,10mg/ml,,,,,,,,,,,,104-CI-T01,SO-524,DN-268,PMO - US,From RDC,N/A - From RDC,,Pre-PQ Process,14-Aug-07,14-Aug-07,14-Aug-07,ARV,Pediatric,"Zidovudine 10mg/ml, oral solution, Bottle, 240 ml",Oral solution,240.0,5076.0,20050.2,3.95,0.02,"Aurobindo Unit III, India",No,See DN-268 (ID#:12074),See DN-268 (ID#:12074),32.08,
85440,,FPQ-13123,,,Mozambique,,,,,,N/A - From RDC,,,,,,SCMS from RDC,,Lamivudine/Tenofovir Disoproxil Fumarate,Generic,300/300mg,,,,,,,,,,,,111-MZ-T30,SO-47081,DN-3558,PMO - US,From RDC,N/A - From RDC,Truck,10/21/2013,15-Apr-14,28-Mar-14,4-Apr-14,ARV,Adult,"Lamivudine/Tenofovir Disoproxil Fumarate 300/300mg, tablets, 30 Tabs",Tablet - FDC,30.0,1638.0,7698.6,4.7,0.16,"Cipla, Kurkumbh, India",No,See DN-3558 (ID#:83766),See DN-3558 (ID#:83766),7.91,
3846,,,,,Vietnam,,,,,,4/29/2009,,,,,,CIPLA LIMITED,,Lamivudine/Nevirapine/Stavudine,Generic,150/200/30mg,,,,,,,,,,,,108-VN-T01,SCMS-45000,ASN-4371,PMO - US,Direct Drop,EXW,Air,Pre-PQ Process,21-Jul-09,21-Jul-09,21-Jul-09,ARV,Adult,"Lamivudine/Nevirapine/Stavudine 150/200/30mg, tablets, 60 Tabs",Tablet - FDC,60.0,35616.0,240408.0,6.75,0.11,"Cipla, Goa, India",Yes,3479,10048.1,471.2,Pre-PQ Process
68268,,FPQ-9247,,,Ethiopia,,,,,,1/30/2012,,,,,,ABBVIE LOGISTICS (FORMERLY ABBOTT LOGISTICS BV),,Lopinavir/Ritonavir,Kaletra,80/20mg/ml,,,,,,,,,,,,117-ET-T30,SCMS-135780,ASN-13723,PMO - US,Direct Drop,FCA,Air,1/26/2012,20-Feb-12,20-Feb-12,20-Feb-12,ARV,Pediatric,"Lopinavir/Ritonavir 80/20mg/ml [Kaletra], oral solution, cool, Bottle 5 x 60 ml",Oral solution,300.0,699.0,21543.18,30.82,0.1,ABBVIE (Abbott) Logis. UK,Yes,728,6941.12,30.2,
84830,,,,,Cameroon,,,,,,N/A - From RDC,,,,,,SCMS from RDC,,Lamivudine/Nevirapine/Zidovudine,Generic,150/300/200mg,,,,,,,,,,,,901-CM-T30,SO-45820,DN-3227,PMO - US,From RDC,N/A - From RDC,Air Charter,6/21/2013,22-Jul-13,31-Jul-13,31-Jul-13,ARV,Adult,"Lamivudine/Nevirapine/Zidovudine 150/200/300mg, tablets, 60 Tabs",Tablet - FDC,60.0,70000.0,600600.0,8.58,0.14,"Aurobindo Unit III, India",No,See DN-3227 (ID#:82589),See DN-3227 (ID#:82589),742.94,FPQ-12520
83374,123-NG-T30,FPQ-4395,SO-32971,DN-1493,Nigeria,PMO - US,From RDC,N/A - From RDC,Air Charter,7/27/09,N/A - From RDC,18-Dec-09,20-Nov-09,20-Nov-09,ARV,Adult,SCMS from RDC,"Efavirenz 600mg, tablets, 30 Tabs",Efavirenz,Generic,600mg,Tablet,30.0,2666.0,15409.48,5.78,0.19,"Aurobindo Unit III, India",Yes,2889,21641.75,30.2,,,,,,,,,,,,,,,,,,,,,,,,,,
712,,,,,Namibia,,,,,,8/26/2008,,,,,,"Trinity Biotech, Plc",,"HIV 1/2, Uni-Gold HIV Kit",Uni-Gold,,,,,,,,,,,,,119-NA-T01,SCMS-28840,ASN-2450,PMO - US,Direct Drop,EXW,Air,Pre-PQ Process,18-Sep-08,18-Sep-08,18-Sep-08,HRDT,HIV test,"HIV 1/2, Uni-Gold HIV Kit, 20 Tests",Test kit,20.0,10.0,320.0,32.0,1.6,"Trinity Biotech, Plc",Yes,Weight Captured Separately,Invoiced Separately,0.51,Pre-PQ Process
28825,107-RW-T30,FPQ-3859,SCMS-48851,ASN-4860,Rwanda,PMO - US,Direct Drop,CIP,Air,6/30/09,7/16/09,8-Sep-09,8-Sep-09,8-Sep-09,ARV,Adult,HETERO LABS LIMITED,"Nevirapine 200mg, tablets, 60 Tabs",Nevirapine,Generic,200mg,Tablet,60.0,12000.0,37080.0,3.09,0.05,Hetero Unit III Hyderabad IN,Yes,708,3891.2,72.68,,,,,,,,,,,,,,,,,,,,,,,,,,
82749,,FPQ-13293,,,Nigeria,,,,,,N/A - From RDC,,,,,,SCMS from RDC,,Lamivudine/Nevirapine/Zidovudine,Generic,150/300/200mg,,,,,,,,,,,,151-NG-T30,SO-47270,DN-3993,PMO - US,From RDC,N/A - From RDC,Air Charter,11/19/2013,31-Oct-14,30-Oct-14,3-Nov-14,ARV,Adult,"Lamivudine/Nevirapine/Zidovudine 150/200/300mg, tablets, 60 Tabs",Tablet - FDC,60.0,191230.0,1550875.3,8.11,0.14,Mylan (formerly Matrix) Nashik,Yes,27094,70210,1594.3,
85913,,FPQ-10119,,,Rwanda,,,,,,N/A - From RDC,,,,,,SCMS from RDC,,Lamivudine/Stavudine,Generic,150/30mg,,,,,,,,,,,,107-RW-T30,SO-42700,DN-2915,PMO - US,From RDC,N/A - From RDC,Air,6/18/2012,16-Jan-13,16-Jan-13,16-Jan-13,ARV,Adult,"Lamivudine/Stavudine 150/30mg, tablets, 60 Tabs",Tablet - FDC,60.0,5468.0,16130.6,2.95,0.05,Hetero Unit III Hyderabad IN,Yes,437,2928.4,22.62,
12014,,Pre-PQ Process,,,Haiti,,,,,,N/A - From RDC,,,,,,SCMS from RDC,,Nevirapine,Generic,200mg,,,,,,,,,,,,106-HT-T01,SO-32720,DN-1466,PMO - US,From RDC,N/A - From RDC,Air,Date Not Captured,21-Oct-09,21-Oct-09,21-Oct-09,ARV,Adult,"Nevirapine 200mg, tablets, 60 Tabs",Tablet,60.0,15825.0,45892.5,2.9,0.05,"Aurobindo Unit III, India",No,See DN-1466 (ID#:11357),See DN-1466 (ID#:11357),89.95,
3097,108-VN-T01,Pre-PQ Process,SCMS-20450,ASN-1888,Vietnam,PMO - US,Direct Drop,EXW,Air,Pre-PQ Process,3/31/08,20-Jun-08,20-Jun-08,20-Jun-08,ARV,Adult,STRIDES ARCOLAB LIMITED,"Stavudine 30mg, capsules, 60 Caps",Stavudine,Generic,30mg,Capsule,60.0,2464.0,3720.64,1.51,0.03,"Strides, Bangalore, India.",Yes,114,2879.96,5.95,,,,,,,,,,,,,,,,,,,,,,,,,,
5646,,Pre-PQ Process,,,Nigeria,,,,,,3/11/2008,,,,,,"Orgenics, Ltd",,"HIV, Lancet, Safety, for HIV Test kits, 100 Pcs",Generic,,,,,,,,,,,,,123-NG-T01,SCMS-18740,ASN-1553,PMO - US,Direct Drop,EXW,Air,Pre-PQ Process,8-May-08,7-Apr-08,7-Apr-08,HRDT,HIV test - Ancillary,"HIV, Lancet, Safety, for HIV Test kits, 100 Pcs",Test kit - Ancillary,100.0,285.0,2.85,0.01,0.0,Inverness Japan,Yes,Weight Captured Separately,Invoiced Separately,0.0,
39971,108-VN-T30,FPQ-10286,SCMS-155700,ASN-17019,Vietnam,PMO - US,Direct Drop,FCA,Air,7/25/12,8/14/12,11-Dec-12,11-Dec-12,11-Dec-12,ARV,Pediatric,ABBVIE LOGISTICS (FORMERLY ABBOTT LOGISTICS BV),"Lopinavir/Ritonavir 100/25mg [Aluvia], tablets, 60 Tabs",Lopinavir/Ritonavir,Generic,100/25mg,Tablet,60.0,104.0,1581.84,15.21,0.25,ABBVIE Ludwigshafen Germany,Yes,18,612.07,2.22,,,,,,,,,,,,,,,,,,,,,,,,,,
85686,,,,,Nigeria,,,,,,N/A - From RDC,,,,,,SCMS from RDC,,Efavirenz,Generic,200mg,,,,,,,,,,,,151-NG-T30,SO-36521,DN-1922,PMO - US,From RDC,N/A - From RDC,Air,2/10/2010,15-Jul-10,28-Jun-10,28-Jun-10,ARV,Pediatric,"Efavirenz 200mg, capsule, 90 Caps",Capsule,90.0,500.0,4855.0,9.71,0.11,"Aurobindo Unit III, India",Yes,60,Freight Included in Commodity Cost,10.47,FPQ-5023
84109,,FPQ-8023,,,Guyana,,,,,,N/A - From RDC,,,,,,SCMS from RDC,,Zidovudine,Generic,10mg/ml,,,,,,,,,,,,105-GY-T30,SO-40440,DN-2348,PMO - US,From RDC,N/A - From RDC,Air,8/19/2011,18-Oct-11,3-Oct-11,3-Oct-11,ARV,Pediatric,"Zidovudine 10mg/ml, oral solution w/syringe, Bottle, 240 ml",Oral solution,240.0,385.0,777.7,2.02,0.01,"Aurobindo Unit III, India",No,See DN-2348 (ID#:82402),See DN-2348 (ID#:82402),1.28,
84856,,,,,Guyana,,,,,,N/A - From RDC,,,,,,SCMS from RDC,,Lamivudine,Generic,150mg,,,,,,,,,,,,105-GY-T30,SO-46080,DN-3334,PMO - US,From RDC,N/A - From RDC,Air,7/16/2013,14-Oct-13,7-Oct-13,22-Oct-13,ARV,Adult,"Lamivudine 150mg, tablets, 60 Tabs",Tablet,60.0,140.0,278.6,1.99,0.03,Hetero Unit III Hyderabad IN,Yes,9,1118.22,0.34,FPQ-12619
82401,,FPQ-7659,,,Côte d'Ivoire,,,,,,N/A - From RDC,,,,,,SCMS from RDC,,Lamivudine/Nevirapine/Zidovudine,Generic,150/300/200mg,,,,,,,,,,,,104-CI-T30,SO-40122,DN-2339,PMO - US,From RDC,N/A - From RDC,Air,5/3/2011,12-Oct-11,12-Oct-11,12-Oct-11,ARV,Adult,"Lamivudine/Nevirapine/Zidovudine 150/200/300mg, tablets, 60 Tabs",Tablet - FDC,60.0,12169.0,136536.18,11.22,0.19,"Aurobindo Unit III, India",Yes,7916,21397.38,225.28,
84769,,,,,Haiti,,,,,,N/A - From RDC,,,,,,SCMS from RDC,,Lamivudine/Nevirapine/Zidovudine,Generic,150/300/200mg,,,,,,,,,,,,106-HT-T30,SO-43600,DN-2934,PMO - US,From RDC,N/A - From RDC,Air,10/30/2012,3-Dec-12,14-Nov-12,14-Nov-12,ARV,Adult,"Lamivudine/Nevirapine/Zidovudine 150/200/300mg, tablets, 60 Tabs",Tablet - FDC,60.0,9696.0,93275.52,9.62,0.16,Mylan (formerly Matrix) Nashik,No,See DN-2934 (ID#:83094),See DN-2934 (ID#:83094),115.38,FPQ-10883
12502,,Pre-PQ Process,,,Tanzania,,,,,,N/A - From RDC,,,,,,SCMS from RDC,,Lamivudine/Zidovudine,Generic,150/300mg,,,,,,,,,,,,109-TZ-T01,SO-1652,DN-637,PMO - US,From RDC,N/A - From RDC,Air,Pre-PQ Process,28-Mar-08,28-Mar-08,28-Mar-08,ARV,Adult,"Lamivudine/Zidovudine 150/300mg, tablets, 60 Tabs",Tablet - FDC,60.0,48610.0,461795.0,9.5,0.16,"Aurobindo Unit III, India",No,See DN-637 (ID#:12195),See DN-637 (ID#:12195),738.87,
67551,,FPQ-15221,,,Mozambique,,,,,,12/19/2014,,,,,,MERCK SHARP & DOHME IDEA GMBH (FORMALLY MERCK SHARP & DOHME B.V.),,Raltegravir,Isentress,400mg,,,,,,,,,,,,111-MZ-T30,SCMS-270120,ASN-32420,PMO - US,Direct Drop,CIP,Air,10/28/2014,9-Jun-15,9-Jun-15,16-Jul-15,ARV,Adult,"Raltegravir 400mg [Isentress], tablets, 60 Tabs",Tablet,60.0,52.0,2886.0,55.5,0.92,"MSD, Haarlem, NL",Yes,Weight Captured Separately,Freight Included in Commodity Cost,3.4,
12337,111-MZ-T01,Pre-PQ Process,SO-501,DN-126,Mozambique,PMO - US,From RDC,N/A - From RDC,Air,Pre-PQ Process,N/A - From RDC,1-Jun-07,1-Jun-07,1-Jun-07,ARV,Pediatric,SCMS from RDC,"Zidovudine 10mg/ml, oral solution, Bottle, 240 ml",Zidovudine,Generic,10mg/ml,Oral solution,240.0,650.0,2567.5,3.95,0.02,"Aurobindo Unit III, India",Yes,193,478.51,,,,,,,,,,,,,,,,,,,,,,,,,,,
84359,107-RW-T30,FPQ-12766,SO-46485,DN-3642,Rwanda,PMO - US,From RDC,N/A - From RDC,Truck,8/2/13,N/A - From RDC,5-May-14,6-Jun-14,20-Jun-14,ARV,Adult,SCMS from RDC,"Efavirenz/Lamivudine/Tenofovir Disoproxil Fumarate 600/300/300mg, tablets, 30 Tabs",Efavirenz/Lamivudine/Tenofovir Disoproxil Fumarate,Generic,600/300/300mg,Tablet - FDC,30.0,30205.0,325609.9,10.78,0.36,Mylan (formerly Matrix) Nashik,No,See DN-3642 (ID#:82668),See DN-3642 (ID#:82668),402.78,,,,,,,,,,,,,,,,,,,,,,,,,,
35043,108-VN-T30,FPQ-14516,SCMS-251680,ASN-29385,Vietnam,PMO - US,Direct Drop,EXW,Air,7/9/14,8/11/14,24-Dec-14,13-Dec-14,13-Dec-14,ARV,Adult,HETERO LABS LIMITED,"Efavirenz/Lamivudine/Tenofovir Disoproxil Fumarate 600/300/300mg, tablets, 30 Tabs",Efavirenz/Lamivudine/Tenofovir Disoproxil Fumarate,Generic,600/300/300mg,Tablet - FDC,30.0,18880.0,198240.0,10.5,0.35,Hetero Unit III Hyderabad IN,Yes,2452,3691.22,203.79,,,,,,,,,,,,,,,,,,,,,,,,,,
35372,,,,,Vietnam,,,,,,4/30/2014,,,,,,MICRO LABS LIMITED,,Nevirapine,Generic,200mg,,,,,,,,,,,,108-VN-T30,SCMS-236100,ASN-28777,PMO - US,Direct Drop,EXW,Air,4/8/2014,26-Nov-14,26-Nov-14,26-Nov-14,ARV,Adult,"Nevirapine 200mg, tablets, 60 Tabs",Tablet,60.0,8400.0,17472.0,2.08,0.03,"Micro labs, Verna, Goa, India",No,See ASN-28777 (ID#:22196),See ASN-28777 (ID#:22196),17.96,FPQ-13976
58134,133-NG-T30,FPQ-12456,SCMS-196561,ASN-22352,Nigeria,PMO - US,Direct Drop,EXW,Air,6/10/13,7/10/13,7-Nov-13,11-Nov-13,17-Nov-13,HRDT,HIV test,"Orgenics, Ltd","HIV 1/2, Determine Complete HIV Kit, 100 Tests","HIV 1/2, Determine Complete HIV Kit",Determine,,Test kit,100.0,3050.0,271450.0,89.0,0.89,"Alere Medical Co., Ltd.",Yes,1238,22872.42,335.78,,,,,,,,,,,,,,,,,,,,,,,,,,
34727,,,,,Nigeria,,,,,,7/10/2013,,,,,,"Orgenics, Ltd",,"HIV 1/2, Determine Complete HIV Kit",Determine,,,,,,,,,,,,,133-NG-T30,SCMS-196561,ASN-22351,PMO - US,Direct Drop,EXW,Air,6/10/2013,7-Nov-13,11-Nov-13,17-Nov-13,HRDT,HIV test,"HIV 1/2, Determine Complete HIV Kit, 100 Tests",Test kit,100.0,3038.0,270382.0,89.0,0.89,"Alere Medical Co., Ltd.",Yes,1234,21084.84,334.46,FPQ-12456
59624,,FPQ-12522,,,South Africa,,,,,,8/13/2013,,,,,,S. BUYS WHOLESALER,,Didanosine,Generic,250mg,,,,,,,,,,,,116-ZA-T30,SCMS-199280,ASN-24433,PMO - US,Direct Drop,DDP,Truck,7/11/2013,7-Feb-14,7-Feb-14,7-Feb-14,ARV,Adult,"Didanosine 250mg, delayed-release capsules, 30 Caps",Delayed-release capsules,30.0,5.0,84.1,16.82,0.56,"Aurobindo Unit III, India",No,Weight Captured Separately,Freight Included in Commodity Cost,0.1,
10736,,,,,Nigeria,,,,,,N/A - From RDC,,,,,,SCMS from RDC,,Lamivudine/Zidovudine,Generic,150/300mg,,,,,,,,,,,,112-NG-T01,SO-22530,DN-1081,PMO - US,From RDC,N/A - From RDC,Air,Pre-PQ Process,16-Feb-09,16-Feb-09,16-Feb-09,ARV,Adult,"Lamivudine/Zidovudine 150/300mg, tablets, 60 Tabs",Tablet - FDC,60.0,1116.0,10434.6,9.35,0.16,"Aurobindo Unit III, India",Yes,102,3680.33,20.45,Pre-PQ Process
11548,,,,,Namibia,,,,,,N/A - From RDC,,,,,,SCMS from RDC,,Efavirenz,Generic,600mg,,,,,,,,,,,,119-NA-T01,SO-1764,DN-635,PMO - US,From RDC,N/A - From RDC,Air,Pre-PQ Process,14-Mar-08,14-Mar-08,14-Mar-08,ARV,Adult,"Efavirenz 600mg, tablets, 30 Tabs",Tablet,30.0,21000.0,252210.0,12.01,0.4,"Aurobindo Unit III, India",Yes,1815,6074.62,403.54,Pre-PQ Process
83905,,FPQ-15294,,,Uganda,,,,,,N/A - From RDC,,,,,,SCMS from RDC,,Lamivudine/Tenofovir Disoproxil Fumarate,Generic,300/300mg,,,,,,,,,,,,114-UG-T30,SO-50050,DN-4218,PMO - US,From RDC,N/A - From RDC,Truck,11/3/2014,15-Jun-15,14-May-15,15-May-15,ARV,Adult,"Lamivudine/Tenofovir Disoproxil Fumarate 300/300mg, tablets, 30 Tabs",Tablet - FDC,30.0,120742.0,554205.78,4.59,0.15,"Cipla, Kurkumbh, India",No,See DN-4218 (ID#:83326),See DN-4218 (ID#:83326),652.3,
44209,,,,,Tanzania,,,,,,1/8/2014,,,,,,Aurobindo Pharma Limited,,Zidovudine,Generic,300mg,,,,,,,,,,,,109-TZ-T30,SCMS-210901,ASN-24564,PMO - US,Direct Drop,EXW,Air,10/3/2013,11-Apr-14,11-Apr-14,11-Apr-14,ARV,Adult,"Zidovudine 300mg, tablets, 60 Tabs",Tablet,60.0,31528.0,171197.04,5.43,0.09,"Aurobindo Unit III, India",Yes,1899,10879.44,211.77,FPQ-13048
34526,,,,,Vietnam,,,,,,4/2/2015,,,,,,ABBVIE LOGISTICS (FORMERLY ABBOTT LOGISTICS BV),,Ritonavir,Norvir,100mg,,,,,,,,,,,,108-VN-T30,SCMS-283040,ASN-33511,PMO - US,Direct Drop,FCA,Air,3/26/2015,8-Sep-15,8-Sep-15,8-Sep-15,ARV,Adult,"Ritonavir 100mg [Norvir], film coated tablets, 30 Tabs",Tablet,30.0,450.0,10467.0,23.26,0.78,ABBVIE Ludwigshafen Germany,Yes,Weight Captured Separately,Invoiced Separately,12.32,FPQ-16123
58482,116-ZA-T30,FPQ-12522,SCMS-199289,ASN-28036,South Africa,PMO - US,Direct Drop,DDP,Truck,7/11/13,8/29/14,29-Aug-14,29-Aug-14,29-Aug-14,ARV,Adult,S. BUYS WHOLESALER,"Lamivudine/Nevirapine/Stavudine 150/200/30mg, tablets, 60 Tabs",Lamivudine/Nevirapine/Stavudine,Generic,150/200/30mg,Tablet - FDC,60.0,7.0,211.71,30.24,0.5,"Cipla, Goa, India",No,Weight Captured Separately,Freight Included in Commodity Cost,0.26,,,,,,,,,,,,,,,,,,,,,,,,,,
85118,,FPQ-4384,,,Haiti,,,,,,N/A - From RDC,,,,,,SCMS from RDC,,Lamivudine,Generic,150mg,,,,,,,,,,,,106-HT-T30,SO-34640,DN-1842,PMO - US,From RDC,N/A - From RDC,Air,10/23/2009,2-Jun-10,9-Jun-10,9-Jun-10,ARV,Adult,"Lamivudine 150mg, tablets, 60 Tabs",Tablet,60.0,8520.0,19851.6,2.33,0.04,"Strides, Bangalore, India.",No,See DN-1842 (ID#:84007),See DN-1842 (ID#:84007),42.8,
22815,,FPQ-5303,,,South Africa,,,,,,3/19/2010,,,,,,STRIDES ARCOLAB LIMITED,,Lamivudine,Generic,150mg,,,,,,,,,,,,161-ZA-T30,SCMS-68830,ASN-7191,PMO - US,Direct Drop,DDP,Air,3/18/2010,27-Jul-10,27-Jul-10,27-Jul-10,ARV,Adult,"Lamivudine 150mg, tablets, 60 Tabs",Tablet,60.0,294346.0,756469.22,2.57,0.04,"Strides, Bangalore, India.",Yes,14550,20706.21,1630.95,
65081,,FPQ-13976,,,Vietnam,,,,,,4/30/2014,,,,,,HETERO LABS LIMITED,,Efavirenz/Lamivudine/Tenofovir Disoproxil Fumarate,Generic,600/300/300mg,,,,,,,,,,,,108-VN-T30,SCMS-236120,ASN-27811,PMO - US,Direct Drop,EXW,Air,4/8/2014,16-Sep-14,23-Sep-14,4-Nov-14,ARV,Adult,"Efavirenz/Lamivudine/Tenofovir Disoproxil Fumarate 600/300/300mg, tablets, 30 Tabs",Tablet - FDC,30.0,14016.0,147168.0,10.5,0.35,Hetero Unit III Hyderabad IN,Yes,1955,6194.69,151.29,
85572,102-BI-T30,FPQ-15406,SO-50280,DN-4178,Burundi,PMO - US,From RDC,N/A - From RDC,Air,11/19/14,N/A - From RDC,29-May-15,25-Mar-15,30-Mar-15,ARV,Adult,SCMS from RDC,"Lamivudine/Tenofovir Disoproxil Fumarate 300/300mg, tablets, 30 Tabs",Lamivudine/Tenofovir Disoproxil Fumarate,Generic,300/300mg,Tablet - FDC,30.0,240.0,1101.6,4.59,0.15,Ranbaxy per Shasun Pharma,No,See DN-4178 (ID#:84460),See DN-4178 (ID#:84460),1.3,,,,,,,,,,,,,,,,,,,,,,,,,,
10763,151-NG-T01,Pre-PQ Process,SO-22527,DN-1209,Nigeria,PMO - US,From RDC,N/A - From RDC,Air Charter,Pre-PQ Process,N/A - From RDC,8-May-09,8-May-09,8-May-09,ARV,Adult,SCMS from RDC,"Lamivudine/Nevirapine/Zidovudine 150/200/300mg, tablets, 60 Tabs",Lamivudine/Nevirapine/Zidovudine,Generic,150/300/200mg,Tablet - FDC,60.0,30415.0,346731.0,11.4,0.19,"Aurobindo Unit III, India",Yes,3415,15128.37,679.59,,,,,,,,,,,,,,,,,,,,,,,,,,
63274,108-VN-T30,FPQ-5317,SCMS-69710,ASN-7510,Vietnam,PMO - US,Direct Drop,EXW,Air,3/22/10,3/29/10,9-Aug-10,9-Aug-10,9-Aug-10,ARV,Adult,MYLAN LABORATORIES LTD (FORMERLY MATRIX LABORATORIES),"Abacavir 300mg, tablets, 60 Tabs",Abacavir,Generic,300mg,Tablet,60.0,249.0,3956.61,15.89,0.26,Mylan (formerly Matrix) Nashik,No,See ASN-7510 (ID#:35983),See ASN-7510 (ID#:35983),8.53,,,,,,,,,,,,,,,,,,,,,,,,,,
3719,,,,,Haiti,,,,,,3/6/2009,,,,,,ABBVIE LOGISTICS (FORMERLY ABBOTT LOGISTICS BV),,Lopinavir/Ritonavir,Aluvia,200/50mg,,,,,,,,,,,,106-HT-T01,SCMS-40030,ASN-3749,PMO - US,Direct Drop,FCA,Air,Pre-PQ Process,15-Apr-09,15-Apr-09,15-Apr-09,ARV,Adult,"Lopinavir/Ritonavir 200/50mg [Aluvia], tablets, 120 Tabs",Tablet,120.0,1470.0,60417.0,41.1,0.34,ABBVIE Ludwigshafen Germany,Yes,362,2490.67,118.42,Pre-PQ Process
55765,,FPQ-12523,,,South Africa,,,,,,7/11/2014,,,,,,S. BUYS WHOLESALER,,Atazanavir,Reyataz,150mg,,,,,,,,,,,,116-ZA-T30,SCMS-199315,ASN-27212,PMO - US,Direct Drop,DDP,Truck,7/12/2013,11-Jul-14,11-Jul-14,11-Jul-14,ARV,Pediatric,"Atazanavir 150mg [Reyataz], capsules, 60 Caps",Capsule,60.0,1.0,25.69,25.69,0.43,"BMS Evansville, US",Yes,Weight Captured Separately,Freight Included in Commodity Cost,0.03,
18923,,FPQ-5437,,,Tanzania,,,,,,4/23/2010,,,,,,EMCURE PHARMACEUTICALS LTD,,Atazanavir,Generic,150mg,,,,,,,,,,,,109-TZ-T30,SCMS-71450,ASN-8079,PMO - US,Direct Drop,EXW,Air,4/15/2010,1-Dec-10,1-Dec-10,1-Dec-10,ARV,Pediatric,"Atazanavir 150mg, capsules, 60 Caps",Capsule,60.0,426.0,11114.34,26.09,0.43,"Emcure Plot No.P-2, I.T-B.T. Park, Phase II, MIDC, Hinjwadi, Pune, India",Yes,45,1013.19,23.96,
11368,,Pre-PQ Process,,,Côte d'Ivoire,,,,,,N/A - From RDC,,,,,,SCMS from RDC,,Indinavir,Crixivan,400mg,,,,,,,,,,,,100-CI-T01,SO-373,DN-30,PMO - US,From RDC,N/A - From RDC,,Pre-PQ Process,15-Mar-07,15-Mar-07,15-Mar-07,ARV,Adult,"Indinavir 400mg [Crixivan], capsules, 180 Caps",Capsule,180.0,370.0,18248.4,49.32,0.27,MSD Elkton USA,No,See DN-30 (ID#:11091),See DN-30 (ID#:11091),,
20975,,FPQ-12522,,,South Africa,,,,,,8/27/2014,,,,,,S. BUYS WHOLESALER,,Tenofovir Disoproxil Fumarate,Generic,300mg,,,,,,,,,,,,116-ZA-T30,SCMS-199283,ASN-27975,PMO - US,Direct Drop,DDP,Truck,7/11/2013,27-Aug-14,27-Aug-14,27-Aug-14,ARV,Adult,"Tenofovir Disoproxil Fumarate 300mg, tablets, 30 Tabs",Tablet,30.0,1.0,22.6,22.6,0.75,"Aurobindo Unit III, India",Yes,Weight Captured Separately,Freight Included in Commodity Cost,0.03,
84368,,,,,Côte d'Ivoire,,,,,,N/A - From RDC,,,,,,SCMS from RDC,,Zidovudine,Generic,10mg/ml,,,,,,,,,,,,104-CI-T30,SO-47155,DN-3708,PMO - US,From RDC,N/A - From RDC,Truck,10/22/2013,4-Jun-14,3-Jun-14,11-Jun-14,ARV,Pediatric,"Zidovudine 10mg/ml, oral solution w/syringe, Bottle, 240 ml",Oral solution,240.0,6738.0,14149.8,2.1,0.01,"Aurobindo Unit III, India",Yes,2720,32022.51,14.55,FPQ-13142
82914,,FPQ-6202,,,Uganda,,,,,,N/A - From RDC,,,,,,SCMS from RDC,,Efavirenz,Generic,600mg,,,,,,,,,,,,102-UG-T30,SO-37250,DN-1997,PMO - US,From RDC,N/A - From RDC,Air,8/6/2010,29-Oct-10,27-Sep-10,27-Sep-10,ARV,Adult,"Efavirenz 600mg, tablets, 30 Tabs",Tablet,30.0,60342.0,268521.9,4.45,0.15,"Strides, Bangalore, India.",Yes,20269,132890.27,578.93,
1956,,Pre-PQ Process,,,Vietnam,,,,,,7/24/2008,,,,,,MYLAN LABORATORIES LTD (FORMERLY MATRIX LABORATORIES),,Efavirenz,Generic,600mg,,,,,,,,,,,,108-VN-T01,SCMS-27350,ASN-2766,PMO - US,Direct Drop,EXW,Air,Pre-PQ Process,25-Nov-08,25-Nov-08,25-Nov-08,ARV,Adult,"Efavirenz 600mg, tablets, 30 Tabs",Tablet,30.0,8400.0,85596.0,10.19,0.34,Mylan (formerly Matrix) Nashik,Yes,613,3247.73,167.77,
84931,,,,,Nigeria,,,,,,N/A - From RDC,,,,,,SCMS from RDC,,Efavirenz,Generic,200mg,,,,,,,,,,,,151-NG-T30,SO-47300,DN-3720,PMO - US,From RDC,N/A - From RDC,Air Charter,11/19/2013,30-Jun-14,9-May-14,23-May-14,ARV,Pediatric,"Efavirenz 200mg, scored tablets, 90 Tabs",Tablet,90.0,10534.0,97966.2,9.3,0.1,"Strides, Bangalore, India.",Yes,2,45180.62,100.71,FPQ-13293
39659,102-BI-T30,FPQ-10907,SCMS-167290,ASN-17563,Burundi,PMO - US,Direct Drop,EXW,Air,11/7/12,11/21/12,4-Jan-13,4-Jan-13,4-Jan-13,HRDT,HIV test,"Orgenics, Ltd","HIV 1/2, Determine Complete HIV Kit, 100 Tests","HIV 1/2, Determine Complete HIV Kit",Determine,,Test kit,100.0,1472.0,117760.0,80.0,0.8,"Alere Medical Co., Ltd.",Yes,638,16189.94,145.67,,,,,,,,,,,,,,,,,,,,,,,,,,
10651,,Pre-PQ Process,,,Mozambique,,,,,,N/A - From RDC,,,,,,SCMS from RDC,,Stavudine,Generic,30mg,,,,,,,,,,,,111-MZ-T01,SO-1039,DN-601,PMO - US,From RDC,N/A - From RDC,Air,Pre-PQ Process,8-Apr-08,5-Apr-08,5-Apr-08,ARV,Adult,"Stavudine 30mg, capsules, 60 Caps",Capsule,60.0,120.0,182.4,1.52,0.03,"Aurobindo Unit III, India",Yes,5092,8118.64,0.29,
12777,,Pre-PQ Process,,,Haiti,,,,,,N/A - From RDC,,,,,,SCMS from RDC,,Lamivudine/Zidovudine,Generic,150/300mg,,,,,,,,,,,,106-HT-T01,SO-2594,DN-802,PMO - US,From RDC,N/A - From RDC,Air,Pre-PQ Process,4-Jul-08,4-Jul-08,4-Jul-08,ARV,Adult,"Lamivudine/Zidovudine 150/300mg, tablets, 60 Tabs",Tablet - FDC,60.0,14995.0,141702.75,9.45,0.16,"Cipla, Goa, India",Yes,1586,17289,226.72,
82872,,FPQ-4537,,,Nigeria,,,,,,N/A - From RDC,,,,,,SCMS from RDC,,Zidovudine,Generic,300mg,,,,,,,,,,,,151-NG-T30,SO-35092,DN-1695,PMO - US,From RDC,N/A - From RDC,Air Charter,11/6/2009,19-Apr-10,31-Mar-10,31-Mar-10,ARV,Adult,"Zidovudine 300mg, tablets, 60 Tabs",Tablet,60.0,1500.0,11250.0,7.5,0.12,Mylan (formerly Matrix) Nashik,Yes,120,Freight Included in Commodity Cost,24.26,
83045,,FPQ-9640,,,"Congo, DRC",,,,,,N/A - From RDC,,,,,,SCMS from RDC,,Lopinavir/Ritonavir,Generic,200/50mg,,,,,,,,,,,,102-CD-T30,SO-41850,DN-2697,PMO - US,From RDC,N/A - From RDC,Air,4/2/2012,11-Sep-12,11-Sep-12,11-Sep-12,ARV,Adult,"Lopinavir/Ritonavir 200/50mg, tablets, 120 Tabs",Tablet,120.0,600.0,17808.0,29.68,0.25,"Aurobindo Unit III, India",Yes,895,6061.4,24.97,
86536,,,,,Côte d'Ivoire,,,,,,N/A - From RDC,,,,,,SCMS from RDC,,Abacavir/Lamivudine,Generic,600/300mg,,,,,,,,,,,,104-CI-T30,SO-43290,DN-2959,PMO - US,From RDC,N/A - From RDC,Truck,9/6/2012,27-Feb-13,14-Jan-13,14-Jan-13,ARV,Adult,"Abacavir/Lamivudine 600/300mg, scored tablets, 30 Tabs",Tablet - FDC,30.0,1800.0,40500.0,22.5,0.75,"Aurobindo Unit III, India",Yes,174,2148.5,56.78,FPQ-10626
11572,,Pre-PQ Process,,,Nigeria,,,,,,N/A - From RDC,,,,,,SCMS from RDC,,Emtricitabine/Tenofovir Disoproxil Fumarate,Truvada,300/200mg,,,,,,,,,,,,112-NG-T01,SO-2729,DN-1008,PMO - US,From RDC,N/A - From RDC,Air,Pre-PQ Process,17-Nov-08,17-Nov-08,17-Nov-08,ARV,Adult,"Emtricitabine/Tenofovir Disoproxil Fumarate 200/300mg [Truvada], tablets, 30 Tabs",Tablet - FDC,30.0,6.0,157.5,26.25,0.88,"Aspen-OSD, Port Elizabeth, SA",No,See DN-1008 (ID#:11570),See DN-1008 (ID#:11570),0.31,
85030,104-CI-T30,FPQ-14370,SO-49040,DN-4253,Côte d'Ivoire,PMO - US,From RDC,N/A - From RDC,Truck,5/23/14,N/A - From RDC,8-Jun-15,8-Jun-15,19-Jun-15,ARV,Adult,SCMS from RDC,"Lamivudine/Zidovudine 150/300mg, tablets, 60 Tabs",Lamivudine/Zidovudine,Generic,150/300mg,Tablet - FDC,60.0,36971.0,241050.92,6.52,0.11,Mylan (formerly Matrix) Nashik,No,See DN-4253 (ID#:83334),See DN-4253 (ID#:83334),247.8,,,,,,,,,,,,,,,,,,,,,,,,,,
27460,,FPQ-13524,,,Vietnam,,,,,,3/10/2014,,,,,,HETERO LABS LIMITED,,Abacavir,Generic,300mg,,,,,,,,,,,,108-VN-T30,SCMS-226220,ASN-26923,PMO - US,Direct Drop,EXW,Air,2/6/2014,29-Jul-14,29-Jul-14,6-Aug-14,ARV,Adult,"Abacavir 300mg, tablets, 60 Tabs",Tablet,60.0,1600.0,18320.0,11.45,0.19,Hetero Unit III Hyderabad IN,No,See ASN-26923 (ID#:13027),See ASN-26923 (ID#:13027),18.83,
79128,,,,,Uganda,,,,,,4/4/2012,,,,,,MERCK SHARP & DOHME IDEA GMBH (FORMALLY MERCK SHARP & DOHME B.V.),,Raltegravir,Isentress,400mg,,,,,,,,,,,,114-UG-T30,SCMS-142230,ASN-14835,PMO - US,Direct Drop,CIP,Air,3/15/2012,21-May-12,21-May-12,21-May-12,ARV,Adult,"Raltegravir 400mg [Isentress], tablets, 60 Tabs",Tablet,60.0,180.0,9990.0,55.5,0.92,"MSD, Haarlem, NL",No,See ASN-14835 (ID#:77780),See ASN-14835 (ID#:77780),14.01,FPQ-9365
1939,,,,,Zambia,,,,,,8/21/2008,,,,,,"Orgenics, Ltd",,"HIV, Lancet, Safety, for HIV Test kits, 100 Pcs",Generic,,,,,,,,,,,,,110-ZM-T01,SCMS-27010,ASN-2448,PMO - US,Direct Drop,EXW,Air,Pre-PQ Process,22-Sep-08,22-Sep-08,22-Sep-08,HRDT,HIV test - Ancillary,"HIV, Lancet, Safety, for HIV Test kits, 100 Pcs",Test kit - Ancillary,100.0,3000.0,30.0,0.01,0.0,Inverness Japan,Yes,889,7303.52,0.05,Pre-PQ Process
17247,,,,,Zambia,,,,,,4/21/2011,,,,,,"Orgenics, Ltd",,"HIV 1/2, Determine Complete HIV Kit",Determine,,,,,,,,,,,,,110-ZM-T30,SCMS-106740,ASN-11398,PMO - US,Direct Drop,EXW,Air,4/1/2011,22-Jul-11,22-Jul-11,22-Jul-11,HRDT,HIV test,"HIV 1/2, Determine Complete HIV Kit, 100 Tests",Test kit,100.0,2751.0,220080.0,80.0,0.8,Inverness Japan,Yes,1061,23722.96,363.13,FPQ-7439
86339,,,,,Guyana,,,,,,N/A - From RDC,,,,,,SCMS from RDC,,Zidovudine,Generic,10mg/ml,,,,,,,,,,,,105-GY-T30,SO-37400,DN-2017,PMO - US,From RDC,N/A - From RDC,Air,8/30/2010,23-Nov-10,19-Sep-10,19-Sep-10,ARV,Pediatric,"Zidovudine 10mg/ml, oral solution, Bottle, 240 ml",Oral solution,240.0,567.0,1145.34,2.02,0.01,"Aurobindo Unit III, India",No,See DN-2017 (ID#:82918),See DN-2017 (ID#:82918),2.47,FPQ-6307
11754,,,,,Tanzania,,,,,,N/A - From RDC,,,,,,SCMS from RDC,,Abacavir,Generic,300mg,,,,,,,,,,,,109-TZ-T01,SO-771,DN-293,PMO - US,From RDC,N/A - From RDC,,Pre-PQ Process,26-Sep-07,26-Sep-07,26-Sep-07,ARV,Adult,"Abacavir 300mg, tablets, 60 Tabs",Tablet,60.0,7661.0,274263.8,35.8,0.6,"Aurobindo Unit III, India",Yes,750,3901.78,438.82,Pre-PQ Process
29677,,,,,Vietnam,,,,,,6/15/2012,,,,,,ABBVIE LOGISTICS (FORMERLY ABBOTT LOGISTICS BV),,Lopinavir/Ritonavir,Kaletra,80/20mg/ml,,,,,,,,,,,,108-VN-T30,SCMS-145510,ASN-16021,PMO - US,Direct Drop,FCA,Air,4/11/2012,29-Nov-12,29-Nov-12,29-Nov-12,ARV,Pediatric,"Lopinavir/Ritonavir 80/20mg/ml [Kaletra], oral solution, cool, Bottle 5 x 60 ml",Oral solution,300.0,300.0,18246.0,60.82,0.2,ABBVIE (Abbott) Logis. UK,Yes,275,1015.98,25.58,FPQ-9577
86081,,FPQ-13394,,,Mozambique,,,,,,N/A - From RDC,,,,,,SCMS from RDC,,Lamivudine/Nevirapine/Zidovudine,Generic,150/300/200mg,,,,,,,,,,,,111-MZ-T30,SO-47461,DN-3698,PMO - US,From RDC,N/A - From RDC,Truck,12/9/2013,16-Jul-14,25-Jul-14,5-Sep-14,ARV,Adult,"Lamivudine/Nevirapine/Zidovudine 150/200/300mg, tablets, 60 Tabs",Tablet - FDC,60.0,47108.0,382045.88,8.11,0.14,"Cipla, Goa, India",Yes,7041,4486.01,392.74,
10566,,,,,Nigeria,,,,,,N/A - From RDC,,,,,,SCMS from RDC,,Lamivudine,Generic,150mg,,,,,,,,,,,,112-NG-T01,SO-557,DN-172,PMO - US,From RDC,N/A - From RDC,,Pre-PQ Process,26-Jun-07,26-Jun-07,26-Jun-07,ARV,Adult,"Lamivudine 150mg, tablets, 60 Tabs",Tablet,60.0,880.0,2912.8,3.31,0.06,"Ranbaxy, Paonta Shahib, India",Yes,226,1732,,Pre-PQ Process
82312,114-UG-T30,FPQ-5239,SO-36160,DN-1761,Uganda,PMO - US,From RDC,N/A - From RDC,Air,3/2/10,N/A - From RDC,23-Jun-10,8-Apr-10,8-Apr-10,ARV,Adult,SCMS from RDC,"Lamivudine/Stavudine 150/30mg, tablets, 60 Tabs",Lamivudine/Stavudine,Generic,150/30mg,Tablet - FDC,60.0,140.0,476.0,3.4,0.06,"Cipla, Goa, India",Yes,17,1073.46,1.03,,,,,,,,,,,,,,,,,,,,,,,,,,
85870,,,,,Nigeria,,,,,,N/A - From RDC,,,,,,SCMS from RDC,,Lamivudine,Generic,150mg,,,,,,,,,,,,151-NG-T30,SO-41257,DN-2706,PMO - US,From RDC,N/A - From RDC,Air Charter,12/8/2011,20-Jun-12,3-Jun-12,3-Jun-12,ARV,Adult,"Lamivudine 150mg, tablets, 60 Tabs",Tablet,60.0,22100.0,51493.0,2.33,0.04,"Strides, Bangalore, India.",No,See DN-2706 (ID#:85272),See DN-2706 (ID#:85272),72.19,FPQ-8952
85398,109-TZ-T30,FPQ-11393,SO-44380,DN-3309,Tanzania,PMO - US,From RDC,N/A - From RDC,Truck,12/30/12,N/A - From RDC,15-Oct-13,5-Sep-13,5-Sep-13,ARV,Pediatric,SCMS from RDC,"Nevirapine 10mg/ml, oral suspension w/syringe, Bottle, 240 ml",Nevirapine,Generic,10mg/ml,Oral suspension,240.0,14146.0,27584.7,1.95,0.01,"Aurobindo Unit III, India",Yes,5475,17114.5,34.12,,,,,,,,,,,,,,,,,,,,,,,,,,
67541,151-NG-T30,FPQ-4574,SCMS-59990,ASN-6680,Nigeria,PMO - US,Direct Drop,FCA,Air,11/19/09,12/22/09,21-May-10,21-May-10,21-May-10,ARV,Adult,Hoffmann-La Roche ltd Basel,"Saquinavir 500mg [Invirase], tablets, 120 Tabs",Saquinavir,Invirase,500mg,Tablet,120.0,2106.0,207249.44,98.41,0.82,Roche Basel,Yes,Weight Captured Separately,Invoiced Separately,446.83,,,,,,,,,,,,,,,,,,,,,,,,,,
67759,,FPQ-11828,,,South Africa,,,,,,Date Not Captured,,,,,,S. BUYS WHOLESALER,,Lamivudine/Zidovudine,Generic,150/300mg,,,,,,,,,,,,116-ZA-T30,SCMS-183950,ASN-19166,South Africa Field Office,Direct Drop,DDP,Truck,3/18/2013,16-Apr-13,16-Apr-13,16-Apr-13,ARV,Adult,"Lamivudine/Zidovudine 150/300mg, tablets, 60 Tabs",Tablet - FDC,60.0,287.0,4059.7,14.15,0.24,"Cipla, Goa, India",No,Weight Captured Separately,Freight Included in Commodity Cost,5.02,
82696,,,,,Nigeria,,,,,,N/A - From RDC,,,,,,SCMS from RDC,,Lamivudine/Nevirapine/Zidovudine,Generic,150/300/200mg,,,,,,,,,,,,151-NG-T30,SO-47273,DN-3801,PMO - US,From RDC,N/A - From RDC,Air Charter,11/19/2013,31-Jul-14,20-Jun-14,25-Jun-14,ARV,Adult,"Lamivudine/Nevirapine/Zidovudine 150/200/300mg, tablets, 60 Tabs",Tablet - FDC,60.0,97000.0,786670.0,8.11,0.14,Mylan (formerly Matrix) Nashik,Yes,12823,28812.57,808.7,FPQ-13293
33810,103-MW-T30,FPQ-10790,SCMS-163880,ASN-17940,Malawi,PMO - US,Direct Drop,EXW,Ocean,10/17/12,10/31/12,21-Jun-13,21-Jun-13,21-Jun-13,ARV,Adult,MYLAN LABORATORIES LTD (FORMERLY MATRIX LABORATORIES),"Efavirenz/Lamivudine/Tenofovir Disoproxil Fumarate 600/300/300mg, tablets, 30 Tabs",Efavirenz/Lamivudine/Tenofovir Disoproxil Fumarate,Generic,600/300/300mg,Tablet - FDC,30.0,6200.0,71238.0,11.49,0.38,Mylan (formerly Matrix) Nashik,Yes,701,3548.81,88.12,,,,,,,,,,,,,,,,,,,,,,,,,,
11187,,Pre-PQ Process,,,Zambia,,,,,,N/A - From RDC,,,,,,SCMS from RDC,,Lamivudine/Zidovudine,Generic,150/300mg,,,,,,,,,,,,110-ZM-T01,SO-317,DN-387,PMO - US,From RDC,N/A - From RDC,,Pre-PQ Process,29-Oct-07,29-Oct-07,29-Oct-07,ARV,Adult,"Lamivudine/Zidovudine 150/300mg, tablets, 60 Tabs",Tablet - FDC,60.0,40761.0,435327.48,10.68,0.18,"Aurobindo Unit III, India",Yes,4221,17549.81,696.52,
44913,,,,,South Africa,,,,,,Date Not Captured,,,,,,S. BUYS WHOLESALER,,Lopinavir/Ritonavir,Aluvia,200/50mg,,,,,,,,,,,,116-ZA-T30,SCMS-183950,ASN-19166,South Africa Field Office,Direct Drop,DDP,Truck,3/18/2013,16-Apr-13,16-Apr-13,16-Apr-13,ARV,Adult,"Lopinavir/Ritonavir 200/50mg [Aluvia], tablets, 120 Tabs",Tablet,120.0,62.0,1549.54,24.99,0.21,ABBVIE Ludwigshafen Germany,No,Weight Captured Separately,Freight Included in Commodity Cost,1.92,FPQ-11828
82996,,,,,Uganda,,,,,,N/A - From RDC,,,,,,SCMS from RDC,,Efavirenz,Generic,600mg,,,,,,,,,,,,114-UG-T30,SO-40941,DN-2461,PMO - US,From RDC,N/A - From RDC,Truck,10/5/2011,31-Jan-12,19-Jan-12,19-Jan-12,ARV,Adult,"Efavirenz 600mg, tablets, 30 Tabs",Tablet,30.0,15155.0,62438.6,4.12,0.14,"Strides, Bangalore, India.",No,See DN-2461 (ID#:82994),See DN-2461 (ID#:82994),103.02,FPQ-8522
86244,,FPQ-4187,,,Côte d'Ivoire,,,,,,N/A - From RDC,,,,,,SCMS from RDC,,Lamivudine,Generic,10mg/ml,,,,,,,,,,,,104-CI-T30,SO-33470,DN-1525,PMO - US,From RDC,N/A - From RDC,Air,9/9/2009,1-Dec-09,2-Dec-09,2-Dec-09,ARV,Pediatric,"Lamivudine 10mg/ml, oral solution, Bottle, 240 ml",Oral solution,240.0,2000.0,3800.0,1.9,0.01,"Aurobindo Unit III, India",Yes,688,1211.48,7.45,
86299,,FPQ-4537,,,Nigeria,,,,,,N/A - From RDC,,,,,,SCMS from RDC,,Efavirenz/Emtricitabine/Tenofovir Disoproxil Fumarate,Generic,600/200/300mg,,,,,,,,,,,,151-NG-T30,SO-35022,DN-1803,PMO - US,From RDC,N/A - From RDC,Air Charter,11/6/2009,31-May-10,18-May-10,18-May-10,ARV,Adult,"Efavirenz/Emtricitabine/Tenofovir Disoproxil Fumarate 600/200/300mg, tablets, 30 Tabs",Tablet - FDC,30.0,11040.0,219916.8,19.92,0.66,Mylan (formerly Matrix) Nashik,Yes,1210,9736.1,474.14,
9000,,Pre-PQ Process,,,Haiti,,,,,,3/6/2009,,,,,,MYLAN LABORATORIES LTD (FORMERLY MATRIX LABORATORIES),,Tenofovir Disoproxil Fumarate,Generic,300mg,,,,,,,,,,,,106-HT-T01,SCMS-40050,ASN-3743,PMO - US,Direct Drop,EXW,Air,Pre-PQ Process,21-Apr-09,21-Apr-09,21-Apr-09,ARV,Adult,"Tenofovir Disoproxil Fumarate 300mg, tablets, 30 Tabs",Tablet,30.0,560.0,5040.0,9.0,0.3,Mylan (formerly Matrix) Nashik,Yes,32050,806.55,9.88,
26786,,FPQ-11828,,,South Africa,,,,,,Date Not Captured,,,,,,S. BUYS WHOLESALER,,Lamivudine,Generic,10mg/ml,,,,,,,,,,,,116-ZA-T30,SCMS-183950,ASN-19166,South Africa Field Office,Direct Drop,DDP,Truck,3/18/2013,15-Apr-13,16-Apr-13,16-Apr-13,ARV,Pediatric,"Lamivudine 10mg/ml, oral solution, Bottle, 240 ml",Oral solution,240.0,43.0,317.79,7.39,0.03,"Cipla, Goa, India",No,Weight Captured Separately,Freight Included in Commodity Cost,0.39,
84203,111-MZ-T30,FPQ-10210,SO-42850,DN-2928,Mozambique,PMO - US,From RDC,N/A - From RDC,Truck,6/28/12,N/A - From RDC,11-Jan-13,11-Jan-13,11-Jan-13,ARV,Adult,SCMS from RDC,"Lamivudine 150mg, tablets, 60 Tabs",Lamivudine,Generic,150mg,Tablet,60.0,3726.0,8271.72,2.22,0.04,Hetero Unit III Hyderabad IN,No,See DN-2928 (ID#:83637),See DN-2928 (ID#:83637),11.6,,,,,,,,,,,,,,,,,,,,,,,,,,
1675,,Pre-PQ Process,,,South Africa,,,,,,2/20/2008,,,,,,S. BUYS WHOLESALER,,Tenofovir Disoproxil Fumarate,Viread,300mg,,,,,,,,,,,,116-ZA-T01,SCMS-19800,ASN-1665,PMO - US,Direct Drop,DDP,Truck,Pre-PQ Process,24-Apr-08,24-Apr-08,24-Apr-08,ARV,Adult,"Tenofovir Disoproxil Fumarate 300mg [Viread], tablets, 30 Tabs",Tablet,30.0,500.0,10925.0,21.85,0.73,"Aspen-OSD, Port Elizabeth, SA",No,Weight Captured Separately,Freight Included in Commodity Cost,17.48,
83218,,FPQ-12766,,,Rwanda,,,,,,N/A - From RDC,,,,,,SCMS from RDC,,Lamivudine/Tenofovir Disoproxil Fumarate,Generic,300/300mg,,,,,,,,,,,,107-RW-T30,SO-46480,DN-3579,PMO - US,From RDC,N/A - From RDC,Truck,8/2/2013,28-Mar-14,2-Apr-14,14-Apr-14,ARV,Adult,"Lamivudine/Tenofovir Disoproxil Fumarate 300/300mg, tablets, 30 Tabs",Tablet - FDC,30.0,68517.0,322029.9,4.7,0.16,"Aurobindo Unit VII, IN",No,See DN-3579 (ID#:83217),See DN-3579 (ID#:83217),398.35,
68110,116-ZA-T30,FPQ-13973,SCMS-238554,ASN-28629,South Africa,PMO - US,Direct Drop,DDP,Truck,4/30/14,10/3/14,3-Oct-14,3-Oct-14,3-Oct-14,ARV,Adult,PHARMACY DIRECT,"Darunavir 300mg [Prezista], tablets, 120 Tabs",Darunavir,Prezista,300mg,Tablet,120.0,36.0,2509.54,69.71,0.58,"Janssen-Cilag, Latina, IT",No,Weight Captured Separately,Freight Included in Commodity Cost,2.58,,,,,,,,,,,,,,,,,,,,,,,,,,
5589,,Pre-PQ Process,,,Botswana,,,,,,2/4/2008,,,,,,"Trinity Biotech, Plc",,"HIV 1/2, Uni-Gold HIV Kit",Uni-Gold,,,,,,,,,,,,,102-BW-T01,SCMS-16720,ASN-1402,PMO - US,Direct Drop,EXW,Air,Pre-PQ Process,3-Apr-08,3-Apr-08,3-Apr-08,HRDT,HIV test,"HIV 1/2, Uni-Gold HIV Kit, 20 Tests",Test kit,20.0,450.0,14400.0,32.0,1.6,"Trinity Biotech, Plc",Yes,155,1625.08,23.04,
84350,,FPQ-13609,,,Ghana,,,,,,N/A - From RDC,,,,,,SCMS from RDC,,Efavirenz/Lamivudine/Tenofovir Disoproxil Fumarate,Generic,600/300/300mg,,,,,,,,,,,,105-GH-T30,SO-47930,DN-3590,PMO - US,From RDC,N/A - From RDC,Air,2/19/2014,7-Apr-14,7-Apr-14,17-Apr-14,ARV,Adult,"Efavirenz/Lamivudine/Tenofovir Disoproxil Fumarate 600/300/300mg, tablets, 30 Tabs",Tablet - FDC,30.0,16834.0,182985.58,10.87,0.36,Mylan (formerly Matrix) Nashik,Yes,5447,38560.67,188.11,
25928,106-HT-T30,FPQ-15038,SCMS-262980,ASN-30463,Haiti,PMO - US,Direct Drop,EXW,Ocean,10/22/14,1/7/15,9-Apr-15,9-Apr-15,13-Apr-15,ARV,Adult,HETERO LABS LIMITED,"Nevirapine 200mg, tablets, 60 Tabs",Nevirapine,Generic,200mg,Tablet,60.0,12600.0,27216.0,2.16,0.04,Hetero Unit III Hyderabad IN,No,See ASN-30463 (ID#:15460),See ASN-30463 (ID#:15460),27.98,,,,,,,,,,,,,,,,,,,,,,,,,,
83474,106-HT-T30,FPQ-6484,SO-37760,DN-2073,Haiti,PMO - US,From RDC,N/A - From RDC,Air,10/13/10,N/A - From RDC,20-Dec-10,5-Jan-11,5-Jan-11,ARV,Adult,SCMS from RDC,"Stavudine 15mg, capsules, 60 Caps",Stavudine,Generic,15mg,Capsule,60.0,168.0,252.0,1.5,0.02,"Aurobindo Unit III, India",No,See DN-2073 (ID#:82362),See DN-2073 (ID#:82362),0.54,,,,,,,,,,,,,,,,,,,,,,,,,,
85861,,,,,"Congo, DRC",,,,,,N/A - From RDC,,,,,,SCMS from RDC,,Efavirenz,Generic,600mg,,,,,,,,,,,,102-CD-T30,SO-41860,DN-2678,PMO - US,From RDC,N/A - From RDC,Air,4/2/2012,3-Sep-12,3-Sep-12,3-Sep-12,ARV,Adult,"Efavirenz 600mg, tablets, 30 Tabs",Tablet,30.0,200.0,824.0,4.12,0.14,"Strides, Bangalore, India.",No,See DN-2678 (ID#:83040),See DN-2678 (ID#:83040),1.16,FPQ-9640
27777,,,,,Ethiopia,,,,,,1/23/2012,,,,,,"SHANGHAI KEHUA BIOENGINEERING CO.,LTD.  (KHB)",,"HIV 1/2, Colloidal Gold, Diagnostic Kit, Antibody",Colloidal Gold,,,,,,,,,,,,,117-ET-T30,SCMS-133600,ASN-15705,PMO - US,Direct Drop,EXW,Air,1/10/2012,31-Jul-12,31-Jul-12,31-Jul-12,HRDT,HIV test,"HIV 1/2, SKB Colloidal Gold, Diagnostic Kit, Antibody, 50 Tests",Test kit,1.0,1362.0,33369.0,24.5,24.5,"KHB Test Kit Facility, Shanghai China",Yes,950,8859.91,46.78,FPQ-9098
57447,108-VN-T30,FPQ-13034,SCMS-210050,ASN-25327,Vietnam,PMO - US,Direct Drop,EXW,Air,10/4/13,10/7/13,15-May-14,15-May-14,14-May-14,ARV,Adult,MYLAN LABORATORIES LTD (FORMERLY MATRIX LABORATORIES),"Lamivudine/Nevirapine/Zidovudine 150/200/300mg, tablets, 60 Tabs",Lamivudine/Nevirapine/Zidovudine,Generic,150/300/200mg,Tablet - FDC,60.0,4980.0,40338.0,8.1,0.13,Mylan (formerly Matrix) Nashik,Yes,695,1377.02,49.9,,,,,,,,,,,,,,,,,,,,,,,,,,
12908,114-UG-T01,Pre-PQ Process,SO-32920,DN-1397,Uganda,PMO - US,From RDC,N/A - From RDC,Air,Date Not Captured,N/A - From RDC,24-Aug-09,24-Aug-09,24-Aug-09,ARV,Adult,SCMS from RDC,"Lamivudine 150mg, tablets, 60 Tabs",Lamivudine,Generic,150mg,Tablet,60.0,2237.0,5458.28,2.44,0.04,"Aurobindo Unit III, India",No,See DN-1397 (ID#:11678),See DN-1397 (ID#:11678),10.7,,,,,,,,,,,,,,,,,,,,,,,,,,
2767,,Pre-PQ Process,,,Vietnam,,,,,,7/3/2007,,,,,,BRISTOL-MYERS SQUIBB,,Didanosine,Videx,25mg,,,,,,,,,,,,108-VN-T01,SCMS-752,ASN-884,PMO - US,Direct Drop,CIP,Air,Pre-PQ Process,8-Nov-07,8-Nov-07,8-Nov-07,ARV,Pediatric,"Didanosine 25mg [Videx], chewable tablets, 60 Tabs",Chewable/dispersible tablet,60.0,800.0,5600.0,7.0,0.12,"BMS Meymac, France",Yes,161,2514.05,8.96,
64218,,,,,Namibia,,,,,,9/11/2009,,,,,,"Orgenics, Ltd",,"HIV 1/2, Determine HIV Kit, without Lancets",Determine,,,,,,,,,,,,,119-NA-T30,SCMS-53271,ASN-5363,PMO - US,Direct Drop,EXW,Air,9/3/2009,12-Nov-09,12-Nov-09,12-Nov-09,HRDT,HIV test,"HIV 1/2, Determine HIV Kit, without Lancets, 100 Tests",Test kit,100.0,180.0,12600.0,70.0,0.7,Inverness Japan,Yes,42,2863.47,24.7,FPQ-4186
84153,,,,,Mozambique,,,,,,N/A - From RDC,,,,,,SCMS from RDC,,Lamivudine/Nevirapine/Zidovudine,Generic,150/300/200mg,,,,,,,,,,,,111-MZ-T30,SO-40381,DN-2590,PMO - US,From RDC,N/A - From RDC,Truck,8/4/2011,7-May-12,24-May-12,24-May-12,ARV,Adult,"Lamivudine/Nevirapine/Zidovudine 150/200/300mg, tablets, 60 Tabs",Tablet - FDC,60.0,14125.0,158482.5,11.22,0.19,Mylan (formerly Matrix) Nashik,No,See DN-2590 (ID#:83019),See DN-2590 (ID#:83019),261.5,FPQ-8157
86364,,FPQ-6800,,,Nigeria,,,,,,N/A - From RDC,,,,,,SCMS from RDC,,Lamivudine/Nevirapine/Zidovudine,Generic,150/300/200mg,,,,,,,,,,,,151-NG-T30,SO-38340,DN-2093,PMO - US,From RDC,N/A - From RDC,Air Charter,12/7/2010,21-Feb-11,16-Feb-11,16-Feb-11,ARV,Adult,"Lamivudine/Nevirapine/Zidovudine 150/200/300mg, tablets, 60 Tabs",Tablet - FDC,60.0,77333.0,867676.26,11.22,0.19,"Aurobindo Unit III, India",Yes,11276,43548,1431.67,
11476,112-NG-T01,Pre-PQ Process,SO-1225,DN-411,Nigeria,PMO - US,From RDC,N/A - From RDC,Air,Pre-PQ Process,N/A - From RDC,1-Nov-07,1-Nov-07,1-Nov-07,ARV,Adult,SCMS from RDC,"Lamivudine/Zidovudine 150/300mg, tablets, 60 Tabs",Lamivudine/Zidovudine,Generic,150/300mg,Tablet - FDC,60.0,1200.0,23400.0,19.5,0.32,"Aurobindo Unit III, India",No,See DN-411 (ID#:10631),See DN-411 (ID#:10631),37.44,,,,,,,,,,,,,,,,,,,,,,,,,,
82373,117-ET-T30,FPQ-7001,SO-38580,DN-2148,Ethiopia,PMO - US,From RDC,N/A - From RDC,Air,1/6/11,N/A - From RDC,30-Apr-11,18-Mar-11,18-Mar-11,ARV,Adult,SCMS from RDC,"Tenofovir Disoproxil Fumarate 300mg, tablets, 30 Tabs",Tenofovir Disoproxil Fumarate,Generic,300mg,Tablet,30.0,6993.0,45944.01,6.57,0.22,"Aurobindo Unit III, India",Yes,629,4277.04,75.81,,,,,,,,,,,,,,,,,,,,,,,,,,
86254,,,,,Ethiopia,,,,,,N/A - From RDC,,,,,,SCMS from RDC,,Lamivudine,Generic,150mg,,,,,,,,,,,,117-ET-T30,SO-35240,DN-1604,PMO - US,From RDC,N/A - From RDC,Air,11/26/2009,4-Jan-10,18-Dec-09,18-Dec-09,ARV,Adult,"Lamivudine 150mg, tablets, 60 Tabs",Tablet,60.0,8000.0,19520.0,2.44,0.04,Mylan (formerly Matrix) Nashik,Yes,425,2978.5,42.09,FPQ-4668
66123,,FPQ-6262,,,South Africa,,,,,,9/21/2010,,,,,,CIPLA LIMITED,,Nevirapine,Generic,200mg,,,,,,,,,,,,161-ZA-T30,SCMS-84210,ASN-10109,PMO - US,Direct Drop,DDP,Ocean,8/31/2010,5-Apr-11,5-May-11,5-May-11,ARV,Adult,"Nevirapine 200mg, tablets, 60 Tabs",Tablet,60.0,48446.0,135164.34,2.79,0.05,"Cipla, Goa, India",Yes,Weight Captured Separately,Freight Included in Commodity Cost,291.41,
86675,,FPQ-12800,,,Côte d'Ivoire,,,,,,N/A - From RDC,,,,,,SCMS from RDC,,Nevirapine,Generic,10mg/ml,,,,,,,,,,,,104-CI-T30,SO-46431,DN-3638,PMO - US,From RDC,N/A - From RDC,Truck,8/9/2013,30-Apr-14,25-Apr-14,11-Jun-14,ARV,Pediatric,"Nevirapine 10mg/ml, oral suspension w/syringe, Bottle, 100 ml",Oral suspension,100.0,4000.0,5200.0,1.3,0.01,"Aurobindo Unit III, India",Yes,750,3138.81,6.43,
12671,104-CI-T01,Pre-PQ Process,SO-815,DN-262,Côte d'Ivoire,PMO - US,From RDC,N/A - From RDC,,Pre-PQ Process,N/A - From RDC,3-Aug-07,3-Aug-07,3-Aug-07,ARV,Adult,SCMS from RDC,"Lamivudine 150mg, tablets, 60 Tabs",Lamivudine,Generic,150mg,Tablet,60.0,22047.0,67022.88,3.04,0.05,"Ranbaxy, Paonta Shahib, India",Yes,1057,3348,107.24,,,,,,,,,,,,,,,,,,,,,,,,,,
84189,,FPQ-10084,,,Uganda,,,,,,N/A - From RDC,,,,,,SCMS from RDC,,Lopinavir/Ritonavir,Generic,200/50mg,,,,,,,,,,,,900-UG-T30,SO-42630,DN-2838,PMO - US,From RDC,N/A - From RDC,Truck,6/7/2012,28-Sep-12,6-Oct-12,6-Oct-12,ARV,Adult,"Lopinavir/Ritonavir 200/50mg, tablets, 120 Tabs",Tablet,120.0,5000.0,148400.0,29.68,0.25,Mylan (formerly Matrix) Nashik,No,See DN-2838 (ID#:84188),See DN-2838 (ID#:84188),208.06,
32077,101-CD-T30,FPQ-13555,SCMS-234260,ASN-26439,"Congo, DRC",PMO - US,Direct Drop,EXW,Air,3/19/14,5/5/14,26-Aug-14,26-Aug-14,16-Sep-14,ARV,Pediatric,Aurobindo Pharma Limited,"Zidovudine 10mg/ml, oral solution, Bottle, 240 ml",Zidovudine,Generic,10mg/ml,Oral solution,240.0,367.0,734.0,2.0,0.01,"Aurobindo Unit III, India",Yes,161,2038.97,0.75,,,,,,,,,,,,,,,,,,,,,,,,,,
11562,,,,,Zambia,,,,,,N/A - From RDC,,,,,,SCMS from RDC,,Zidovudine,Generic,300mg,,,,,,,,,,,,110-ZM-T01,SO-19411,DN-1029,PMO - US,From RDC,N/A - From RDC,Air,Pre-PQ Process,11-Dec-08,11-Dec-08,11-Dec-08,ARV,Adult,"Zidovudine 300mg, tablets, 60 Tabs",Tablet,60.0,2306.0,18793.9,8.15,0.14,"Aurobindo Unit III, India",Yes,132,1659.48,36.84,Pre-PQ Process
85082,,,,,Sudan,,,,,,N/A - From RDC,,,,,,SCMS from RDC,,"HIV 1/2, Determine Complete HIV Kit",Determine,,,,,,,,,,,,,102-SD-T30,SO-34550,DN-1624,PMO - US,From RDC,N/A - From RDC,Air,6/3/2009,30-Nov-09,22-Nov-09,22-Nov-09,HRDT,HIV test,"HIV 1/2, Determine Complete HIV Kit, 100 Tests",Test kit,100.0,350.0,28000.0,80.0,0.8,Inverness Japan,No,See DN-1624 (ID#:82856),See DN-1624 (ID#:82856),54.88,FPQ-3812
32422,,,,,Vietnam,,,,,,10/10/2013,,,,,,HETERO LABS LIMITED,,Efavirenz/Lamivudine/Tenofovir Disoproxil Fumarate,Generic,600/300/300mg,,,,,,,,,,,,108-VN-T30,SCMS-210120,ASN-24569,PMO - US,Direct Drop,EXW,Air,10/4/2013,21-Apr-14,21-Apr-14,22-Apr-14,ARV,Adult,"Efavirenz/Lamivudine/Tenofovir Disoproxil Fumarate 600/300/300mg, tablets, 30 Tabs",Tablet - FDC,30.0,24556.0,257838.0,10.5,0.35,Hetero Unit III Hyderabad IN,Yes,3443,6323.76,318.95,FPQ-13034
85803,104-CI-T30,FPQ-8295,SO-40750,DN-2420,Côte d'Ivoire,PMO - US,From RDC,N/A - From RDC,Truck,8/25/11,N/A - From RDC,9-Dec-11,19-Nov-11,19-Nov-11,ARV,Adult,SCMS from RDC,"Emtricitabine/Tenofovir Disoproxil Fumarate 200/300mg, tablets, 30 Tabs",Emtricitabine/Tenofovir Disoproxil Fumarate,Generic,200/300mg,Tablet - FDC,30.0,14480.0,129885.6,8.97,0.3,"Aurobindo Unit III, India",No,See DN-2420 (ID#:82989),See DN-2420 (ID#:82989),214.31,,,,,,,,,,,,,,,,,,,,,,,,,,
47233,116-ZA-T30,FPQ-12522,SCMS-199283,ASN-27980,South Africa,PMO - US,Direct Drop,DDP,Truck,7/11/13,8/27/14,27-Aug-14,27-Aug-14,27-Aug-14,ARV,Adult,S. BUYS WHOLESALER,"Emtricitabine/Tenofovir Disoproxil Fumarate 200/300mg, tablets, 30 Tabs",Emtricitabine/Tenofovir Disoproxil Fumarate,Generic,200/300mg,Tablet - FDC,30.0,11.0,370.96,33.72,1.12,"Aurobindo Unit III, India",No,Weight Captured Separately,Freight Included in Commodity Cost,0.46,,,,,,,,,,,,,,,,,,,,,,,,,,
52945,,FPQ-11442,,,Haiti,,,,,,3/7/2013,,,,,,HETERO LABS LIMITED,,Lamivudine/Nevirapine/Zidovudine,Generic,150/300/200mg,,,,,,,,,,,,106-HT-T30,SCMS-177161,ASN-19232,PMO - US,Direct Drop,EXW,Ocean,1/30/2013,25-Jul-13,25-Jul-13,25-Jul-13,ARV,Adult,"Lamivudine/Nevirapine/Zidovudine 150/200/300mg, tablets, 60 Tabs",Tablet - FDC,60.0,30096.0,247088.16,8.21,0.14,Hetero Unit III Hyderabad IN,Yes,4278,7567.99,305.65,
84096,,FPQ-7658,,,Benin,,,,,,N/A - From RDC,,,,,,SCMS from RDC,,Lamivudine/Stavudine,Generic,150/30mg,,,,,,,,,,,,100-BJ-T30,SO-39800,DN-2252,PMO - US,From RDC,N/A - From RDC,Air,5/15/2011,13-Jun-11,5-Jul-11,5-Jul-11,ARV,Adult,"Lamivudine/Stavudine 150/30mg, tablets, 60 Tabs",Tablet - FDC,60.0,8800.0,28160.0,3.2,0.05,"Cipla, Goa, India",No,See DN-2252 (ID#:84095),See DN-2252 (ID#:84095),46.46,
12174,,Pre-PQ Process,,,Nigeria,,,,,,N/A - From RDC,,,,,,SCMS from RDC,,Lamivudine,Generic,150mg,,,,,,,,,,,,112-NG-T01,SO-11220,DN-833,PMO - US,From RDC,N/A - From RDC,Air,Pre-PQ Process,16-Jul-08,16-Jul-08,16-Jul-08,ARV,Adult,"Lamivudine 150mg, tablets, 60 Tabs",Tablet,60.0,957.0,2775.3,2.9,0.05,"Aurobindo Unit III, India",No,See DN-833 (ID#:11243),See DN-833 (ID#:11243),4.44,
55474,,,,,Côte d'Ivoire,,,,,,9/25/2009,,,,,,MERCK SHARP & DOHME IDEA GMBH (FORMALLY MERCK SHARP & DOHME B.V.),,Efavirenz/Emtricitabine/Tenofovir Disoproxil Fumarate,Atripla,600/200/300mg,,,,,,,,,,,,104-CI-T30,SCMS-52710,ASN-5582,PMO - US,Direct Drop,CIP,Air,8/21/2009,18-Dec-09,18-Dec-09,18-Dec-09,ARV,Adult,"Efavirenz/Emtricitabine/Tenofovir Disoproxil Fumarate 600/200/300mg [Atripla], tablets, 30 Tabs",Tablet - FDC,30.0,5320.0,268128.0,50.4,1.68,"MSD, Haarlem, NL",Yes,464,30,525.53,FPQ-3967
84224,,FPQ-11096,,,"Congo, DRC",,,,,,N/A - From RDC,,,,,,SCMS from RDC,,Lamivudine/Nevirapine/Zidovudine,Generic,150/300/200mg,,,,,,,,,,,,101-CD-T30,SO-43750,DN-3017,PMO - US,From RDC,N/A - From RDC,Air,11/20/2012,18-Mar-13,8-Aug-13,8-Aug-13,ARV,Adult,"Lamivudine/Nevirapine/Zidovudine 150/200/300mg, tablets, 60 Tabs",Tablet - FDC,60.0,990.0,8494.2,8.58,0.14,Hetero Unit III Hyderabad IN,No,See DN-3017 (ID#:83108),See DN-3017 (ID#:83108),10.51,
52380,161-ZA-T30,FPQ-7400,SCMS-104220,ASN-12745,South Africa,PMO - US,Direct Drop,DDP,Ocean,3/11/11,3/30/11,9-Jan-12,9-Jan-12,9-Jan-12,ARV,Pediatric,GLAXOSMITHKLINE EXPORT LIMITED,"Abacavir 20mg/ml [Ziagen], oral solution, Bottle, 240 ml",Abacavir,Ziagen,20mg/ml,Oral solution,240.0,17337.0,160887.36,9.28,0.04,GSK Mississauga (Canada),Yes,6680,3755.91,265.46,,,,,,,,,,,,,,,,,,,,,,,,,,
83606,,FPQ-9271,,,Tanzania,,,,,,N/A - From RDC,,,,,,SCMS from RDC,,Lopinavir/Ritonavir,Generic,200/50mg,,,,,,,,,,,,109-TZ-T30,SO-41580,DN-2761,PMO - US,From RDC,N/A - From RDC,Truck,1/31/2012,31-Aug-12,22-Aug-12,22-Aug-12,ARV,Adult,"Lopinavir/Ritonavir 200/50mg, tablets, 120 Tabs",Tablet,120.0,25024.0,733453.44,29.31,0.24,Mylan (formerly Matrix) Nashik,Yes,30606,9601.38,1028.3,
83619,,,,,"Congo, DRC",,,,,,N/A - From RDC,,,,,,SCMS from RDC,,Nevirapine,Generic,10mg/ml,,,,,,,,,,,,102-CD-T30,SO-42340,DN-2812,PMO - US,From RDC,N/A - From RDC,Air,5/15/2012,14-Feb-13,14-Feb-13,14-Feb-13,ARV,Pediatric,"Nevirapine 10mg/ml, oral suspension w/syringe, Bottle, 240 ml",Oral suspension,240.0,6172.0,12035.4,1.95,0.01,"Aurobindo Unit III, India",No,See DN-2812 (ID#:83068),See DN-2812 (ID#:83068),16.87,FPQ-9906
63576,101-CD-T30,FPQ-14100,SCMS-239410,ASN-26738,"Congo, DRC",PMO - US,Direct Drop,EXW,Air,4/23/14,5/20/14,5-Sep-14,5-Sep-14,16-Sep-14,HRDT,HIV test,"Trinity Biotech, Plc","HIV 1/2, Uni-Gold HIV Kit, 20 Tests","HIV 1/2, Uni-Gold HIV Kit",Uni-Gold,,Test kit,20.0,90.0,2880.0,32.0,1.6,"Trinity Biotech, Plc",No,See ASN-26738 (ID#:15115),See ASN-26738 (ID#:15115),2.96,,,,,,,,,,,,,,,,,,,,,,,,,,
82800,,FPQ-14784,,,Zambia,,,,,,N/A - From RDC,,,,,,SCMS from RDC,,Lamivudine,Generic,150mg,,,,,,,,,,,,110-ZM-T30,SO-49570,DN-4251,PMO - US,From RDC,N/A - From RDC,Truck,8/12/2014,15-Jun-15,15-May-15,15-May-15,ARV,Adult,"Lamivudine 150mg, tablets, 60 Tabs",Tablet,60.0,68000.0,118320.0,1.74,0.03,Hetero Unit III Hyderabad IN,Yes,6221,9341.81,121.63,
2708,108-VN-T01,Pre-PQ Process,SCMS-313,ASN-542,Vietnam,PMO - US,Direct Drop,EXW,Air,Pre-PQ Process,2/7/07,9-Jul-07,9-Jul-07,9-Jul-07,ARV,Adult,CIPLA LIMITED,"Lamivudine/Nevirapine/Stavudine 150/200/30mg, tablets, 60 Tabs",Lamivudine/Nevirapine/Stavudine,Generic,150/200/30mg,Tablet - FDC,60.0,25000.0,187500.0,7.5,0.12,"Cipla, Goa, India",Yes,2336,21150.56,300.0,,,,,,,,,,,,,,,,,,,,,,,,,,
44393,,FPQ-14827,,,Zambia,,,,,,9/19/2014,,,,,,"Orgenics, Ltd",,"HIV 1/2, Determine Complete HIV Kit",Determine,,,,,,,,,,,,,110-ZM-T30,SCMS-256500,ASN-31165,PMO - US,Direct Drop,EXW,Air,8/19/2014,12-May-15,8-May-15,12-May-15,HRDT,HIV test,"HIV 1/2, Determine Complete HIV Kit, 100 Tests",Test kit,100.0,5538.0,443040.0,80.0,0.8,"Alere Medical Co., Ltd.",Yes,5538,25380.88,455.45,
83888,,,,,Zimbabwe,,,,,,N/A - From RDC,,,,,,SCMS from RDC,,Efavirenz/Lamivudine/Tenofovir Disoproxil Fumarate,Generic,600/300/300mg,,,,,,,,,,,,113-ZW-T30,SO-49150,DN-4129,PMO - US,From RDC,N/A - From RDC,Truck,6/13/2014,9-Feb-15,10-Feb-15,20-Feb-15,ARV,Adult,"Efavirenz/Lamivudine/Tenofovir Disoproxil Fumarate 600/300/300mg, tablets, 30 Tabs",Tablet - FDC,30.0,400000.0,3904000.0,9.76,0.33,Mylan (formerly Matrix) Nashik,Yes,45186,47401.47,4013.31,FPQ-14458
52803,,,,,South Africa,,,,,,3/9/2015,,,,,,PHARMACY DIRECT,,Lamivudine,Generic,10mg/ml,,,,,,,,,,,,116-ZA-T30,SCMS-259074,ASN-31070,PMO - US,Direct Drop,DDP,Truck,9/11/2014,9-Mar-15,9-Mar-15,9-Mar-15,ARV,Pediatric,"Lamivudine 10mg/ml, oral solution, Bottle, 240 ml",Oral solution,240.0,4.0,20.67,5.17,0.02,"Aurobindo Unit III, India",No,Weight Captured Separately,Freight Included in Commodity Cost,0.02,FPQ-14942
86063,114-UG-T30,FPQ-13108,SO-46870,DN-3589,Uganda,PMO - US,From RDC,N/A - From RDC,Truck,10/16/13,N/A - From RDC,20-Apr-14,18-Apr-14,28-Apr-14,ARV,Adult,SCMS from RDC,"Lamivudine/Nevirapine/Zidovudine 150/200/300mg, tablets, 60 Tabs",Lamivudine/Nevirapine/Zidovudine,Generic,150/300/200mg,Tablet - FDC,60.0,50000.0,413000.0,8.26,0.14,"Aurobindo Unit III, India",No,See DN-3589 (ID#:82657),See DN-3589 (ID#:82657),424.56,,,,,,,,,,,,,,,,,,,,,,,,,,
82483,,FPQ-8464,,,Zimbabwe,,,,,,N/A - From RDC,,,,,,SCMS from RDC,,Lamivudine/Zidovudine,Generic,150/300mg,,,,,,,,,,,,113-ZW-T30,SO-40891,DN-2694,PMO - US,From RDC,N/A - From RDC,Truck,10/4/2011,16-Oct-12,27-Jun-12,27-Jun-12,ARV,Adult,"Lamivudine/Zidovudine 150/300mg, tablets, 60 Tabs",Tablet - FDC,60.0,3345.0,26024.1,7.78,0.13,Mylan (formerly Matrix) Nashik,Yes,7114,5530.11,42.94,
83115,,,,,Tanzania,,,,,,N/A - From RDC,,,,,,SCMS from RDC,,Tenofovir Disoproxil Fumarate,Generic,300mg,,,,,,,,,,,,109-TZ-T30,SO-43121,DN-3038,PMO - US,From RDC,N/A - From RDC,Truck,8/24/2012,1-Apr-13,15-Mar-13,15-Mar-13,ARV,Adult,"Tenofovir Disoproxil Fumarate 300mg, tablets, 30 Tabs",Tablet,30.0,1773.0,7162.92,4.04,0.13,Mylan (formerly Matrix) Nashik,Yes,116,2035.84,10.04,FPQ-10545
1183,108-VN-T01,Pre-PQ Process,SCMS-45080,ASN-4420,Vietnam,PMO - US,Direct Drop,EXW,Air,Pre-PQ Process,4/29/09,10-Jul-09,10-Jul-09,10-Jul-09,ARV,Adult,Aurobindo Pharma Limited,"Lamivudine/Nevirapine/Zidovudine 150/200/300mg, tablets, 60 Tabs",Lamivudine/Nevirapine/Zidovudine,Generic,150/300/200mg,Tablet - FDC,60.0,3500.0,39025.0,11.15,0.19,"Aurobindo Unit III, India",Yes,1804,6341.88,76.49,,,,,,,,,,,,,,,,,,,,,,,,,,
11257,,,,,Mozambique,,,,,,N/A - From RDC,,,,,,SCMS from RDC,,Lamivudine/Nevirapine/Zidovudine,Generic,150/300/200mg,,,,,,,,,,,,111-MZ-T01,SO-2423,DN-810,PMO - US,From RDC,N/A - From RDC,Truck,Pre-PQ Process,7-Aug-08,7-Aug-08,7-Aug-08,ARV,Adult,"Lamivudine/Nevirapine/Zidovudine 150/200/300mg, tablets, 60 Tabs",Tablet - FDC,60.0,16610.0,224235.0,13.5,0.22,"Cipla, Goa, India",Yes,2298,3733.57,358.78,Pre-PQ Process
76772,,FPQ-13035,,,South Africa,,,,,,12/2/2013,,,,,,S. BUYS WHOLESALER,,Lamivudine,Epivir,150mg,,,,,,,,,,,,116-ZA-T30,SCMS-215370,ASN-24415,PMO - US,Direct Drop,DDP,Truck,10/8/2013,6-Feb-14,6-Feb-14,6-Feb-14,ARV,Adult,"Lamivudine 150mg [Epivir], tablets, 60 Tabs",Tablet,60.0,1281.0,14728.5,11.5,0.19,GSK Cape Town Factory (South Africa),No,Weight Captured Separately,Freight Included in Commodity Cost,18.22,
9145,139-NA-T01,Pre-PQ Process,SCMS-44710,ASN-3897,Namibia,PMO - US,Direct Drop,EXW,Air,Pre-PQ Process,4/20/09,5-Jun-09,5-Jun-09,5-Jun-09,HRDT,HIV test,"Trinity Biotech, Plc","HIV 1/2, Uni-Gold HIV Kit, 20 Tests","HIV 1/2, Uni-Gold HIV Kit",Uni-Gold,,Test kit,20.0,600.0,19200.0,32.0,1.6,"Trinity Biotech, Plc",Yes,205,6148.29,37.63,,,,,,,,,,,,,,,,,,,,,,,,,,
10847,104-CI-T01,Pre-PQ Process,SO-522,DN-240,Côte d'Ivoire,PMO - US,From RDC,N/A - From RDC,,Pre-PQ Process,N/A - From RDC,16-Jul-07,16-Jul-07,16-Jul-07,ARV,Adult,SCMS from RDC,"Abacavir 300mg, tablets, 60 Tabs",Abacavir,Generic,300mg,Tablet,60.0,1051.0,37625.8,35.8,0.6,"Aurobindo Unit III, India",Yes,373,1850,60.2,,,,,,,,,,,,,,,,,,,,,,,,,,
85752,151-NG-T30,FPQ-6800,SO-39210,DN-2171,Nigeria,PMO - US,From RDC,N/A - From RDC,Air Charter,12/7/10,N/A - From RDC,21-Jun-11,10-May-11,10-May-11,ARV,Adult,SCMS from RDC,"Nevirapine 200mg, tablets, 60 Tabs",Nevirapine,Generic,200mg,Tablet,60.0,129557.0,325188.07,2.51,0.04,"Aurobindo Unit III, India",Yes,14710,12601.07,536.56,,,,,,,,,,,,,,,,,,,,,,,,,,
7127,,Pre-PQ Process,,,South Africa,,,,,,Date Not Captured,,,,,,S. BUYS WHOLESALER,,Efavirenz,Generic,600mg,,,,,,,,,,,,116-ZA-T01,SCMS-23500,ASN-2293,PMO - US,Direct Drop,DDP,Truck,Pre-PQ Process,20-Aug-08,8-May-08,8-May-08,ARV,Adult,"Efavirenz 600mg, tablets, 30 Tabs",Tablet,30.0,1500.0,23790.0,15.86,0.53,"Cipla, Goa, India",No,Weight Captured Separately,Freight Included in Commodity Cost,38.06,
6312,,,,,Rwanda,,,,,,2/18/2009,,,,,,Premier Medical Corporation Ltd.,,"HIV 1/2/O, First Response HIV 1-2.0, v.3.0 Cards Kit",First Response,,,,,,,,,,,,,107-RW-T01,SCMS-38660,ASN-3458,PMO - US,Direct Drop,EXW,Air,Pre-PQ Process,28-Apr-09,11-Mar-09,11-Mar-09,HRDT,HIV test,"HIV 1/2/O, First Response HIV 1-2.0, v.3.0 Cards Kit, 30 Tests",Test kit,30.0,3912.0,88020.0,22.5,0.75,Premier Med. Corp Ltd. India,Yes,1320,15022.74,172.52,Pre-PQ Process
35700,,FPQ-5303,,,South Africa,,,,,,3/19/2010,,,,,,CIPLA LIMITED,,Tenofovir Disoproxil Fumarate,Generic,300mg,,,,,,,,,,,,161-ZA-T30,SCMS-68711,ASN-7430,PMO - US,Direct Drop,DDP,Air,3/18/2010,19-Jul-10,19-Jul-10,19-Jul-10,ARV,Adult,"Tenofovir Disoproxil Fumarate 300mg, tablets, 30 Tabs",Tablet,30.0,1110.0,8680.2,7.82,0.26,"Cipla, Goa, India",Yes,76,916.22,18.71,
53616,,FPQ-11443,,,Haiti,,,,,,3/22/2013,,,,,,Aurobindo Pharma Limited,,Lamivudine,Generic,10mg/ml,,,,,,,,,,,,106-HT-T30,SCMS-180940,ASN-19819,PMO - US,Direct Drop,EXW,Ocean,2/7/2013,2-Sep-13,2-Sep-13,2-Sep-13,ARV,Pediatric,"Lamivudine 10mg/ml, oral solution w/syringe, Bottle, 240 ml",Oral solution,240.0,1932.0,2762.76,1.43,0.01,"Aurobindo Unit III, India",No,See ASN-19819 (ID#:13739),See ASN-19819 (ID#:13739),3.42,
5645,,,,,Botswana,,,,,,3/11/2008,,,,,,"Orgenics, Ltd",,"HIV 1/2, Determine HIV Kit, without Lancets",Determine,,,,,,,,,,,,,102-BW-T01,SCMS-18730,ASN-1608,PMO - US,Direct Drop,EXW,Air,Pre-PQ Process,23-Jun-08,4-Jun-08,4-Jun-08,HRDT,HIV test,"HIV 1/2, Determine HIV Kit, without Lancets, 100 Tests",Test kit,100.0,200.0,14398.0,71.99,0.72,Inverness Japan,Yes,46,1028.18,23.04,Pre-PQ Process
82565,101-CD-T30,FPQ-11054,SO-43690,DN-3098,"Congo, DRC",PMO - US,From RDC,N/A - From RDC,Air,11/16/12,N/A - From RDC,27-Nov-13,27-Nov-13,22-Jan-14,ARV,Adult,SCMS from RDC,"Zidovudine 300mg, tablets, 60 Tabs",Zidovudine,Generic,300mg,Tablet,60.0,6362.0,43007.12,6.76,0.11,"Aurobindo Unit III, India",Yes,315,2030.96,53.2,,,,,,,,,,,,,,,,,,,,,,,,,,
11009,,,,,Mozambique,,,,,,N/A - From RDC,,,,,,SCMS from RDC,,Lopinavir/Ritonavir,Kaletra,80/20mg/ml,,,,,,,,,,,,111-MZ-T01,SO-26390,DN-1150,PMO - US,From RDC,N/A - From RDC,Air,Pre-PQ Process,27-Apr-09,27-Apr-09,27-Apr-09,ARV,Pediatric,"Lopinavir/Ritonavir 80/20mg/ml [Kaletra], oral solution, cool, Bottle 5 x 60 ml",Oral solution,300.0,40.0,1644.0,41.1,0.14,ABBVIE (Abbott) Logis. UK,Yes,52,1287.77,3.22,Pre-PQ Process
85047,,FPQ-15294,,,Uganda,,,,,,N/A - From RDC,,,,,,SCMS from RDC,,Lopinavir/Ritonavir,Aluvia,200/50mg,,,,,,,,,,,,114-UG-T30,SO-50055,DN-4325,PMO - US,From RDC,N/A - From RDC,Truck,11/3/2014,14-Aug-15,8-Aug-15,10-Aug-15,ARV,Adult,"Lopinavir/Ritonavir 200/50mg [Aluvia], tablets, 120 Tabs",Tablet,120.0,8452.0,157545.28,18.64,0.16,ABBVIE Ludwigshafen Germany,No,See DN-4325 (ID#:82815),See DN-4325 (ID#:82815),185.43,
43906,,FPQ-13973,,,South Africa,,,,,,4/28/2015,,,,,,PHARMACY DIRECT,,Abacavir,Generic,20mg/ml,,,,,,,,,,,,116-ZA-T30,SCMS-238556,ASN-31854,PMO - US,Direct Drop,DDP,Truck,4/30/2014,28-Apr-15,28-Apr-15,28-Apr-15,ARV,Pediatric,"Abacavir 20mg/ml, oral solution, Bottle, 240 ml",Oral solution,240.0,16.0,392.16,24.51,0.1,"Aurobindo Unit III, India",No,Weight Captured Separately,Freight Included in Commodity Cost,0.4,
50730,,,,,Haiti,,,,,,2/24/2012,,,,,,LAWRENCE LABORATORIES (SUBSIDIARY OF BRISTOL MYERS SQUIBB),,Didanosine,Videx,25mg,,,,,,,,,,,,106-HT-T30,SCMS-138600,ASN-15150,PMO - US,Direct Drop,FCA,Air,1/6/2012,13-Jun-12,13-Jun-12,13-Jun-12,ARV,Pediatric,"Didanosine 25mg [Videx], chewable tablets, 60 Tabs",Chewable/dispersible tablet,60.0,120.0,840.0,7.0,0.12,Bristol-Myers Squibb Anagni IT,Yes,26,575.17,1.18,FPQ-9066
37410,116-ZA-T30,FPQ-13035,SCMS-215370,ASN-24415,South Africa,PMO - US,Direct Drop,DDP,Truck,10/8/13,12/2/13,6-Feb-14,6-Feb-14,6-Feb-14,ARV,Adult,S. BUYS WHOLESALER,"Abacavir 300mg, tablets, 60 Tabs",Abacavir,Generic,300mg,Tablet,60.0,97.0,6627.47,68.32,1.14,"Aurobindo Unit III, India",No,Weight Captured Separately,Freight Included in Commodity Cost,8.2,,,,,,,,,,,,,,,,,,,,,,,,,,
52687,,FPQ-14305,,,Nigeria,,,,,,6/2/2014,,,,,,"Orgenics, Ltd",,"HIV 1/2, Determine Complete HIV Kit",Determine,,,,,,,,,,,,,133-NG-T30,SCMS-240830,ASN-27468,PMO - US,Direct Drop,EXW,Air,5/16/2014,19-Aug-14,27-Aug-14,4-Sep-14,HRDT,HIV test,"HIV 1/2, Determine Complete HIV Kit, 100 Tests",Test kit,100.0,6340.0,564260.0,89.0,0.89,"Alere Medical Co., Ltd.",Yes,2571,37297.95,580.06,
15788,,FPQ-15569,,,South Sudan,,,,,,2/20/2015,,,,,,"Orgenics, Ltd",,"Chase Buffer, Determine, 100 Tests, 2.5ml x 1 Vial",Determine,,,,,,,,,,,,,105-SS-T30,SCMS-272170,ASN-31958,PMO - US,Direct Drop,EXW,Air,12/29/2014,2-Jul-15,2-Jul-15,3-Jul-15,HRDT,HIV test - Ancillary,"Chase Buffer, Determine, 100 Tests, 2.5ml x 1 Vial",Test kit - Ancillary,1.0,45.0,225.0,5.0,5.0,"Alere Medical Co., Ltd.",Yes,Weight Captured Separately,Invoiced Separately,0.26,
24028,133-NG-T30,FPQ-10765,SCMS-162440,ASN-18599,Nigeria,PMO - US,Direct Drop,EXW,Air,10/5/12,10/16/12,9-Jan-13,20-Mar-13,20-Mar-13,HRDT,HIV test,"Orgenics, Ltd","HIV 1/2, Determine Complete HIV Kit, 100 Tests","HIV 1/2, Determine Complete HIV Kit",Determine,,Test kit,100.0,2874.0,255786.0,89.0,0.89,"Alere Medical Co., Ltd.",Yes,1252,26380.35,358.61,,,,,,,,,,,,,,,,,,,,,,,,,,
67703,,FPQ-13155,,,Côte d'Ivoire,,,,,,12/4/2013,,,,,,ABBVIE LOGISTICS (FORMERLY ABBOTT LOGISTICS BV),,Ritonavir,Norvir,100mg,,,,,,,,,,,,104-CI-T30,SCMS-216970,ASN-25670,PMO - US,Direct Drop,FCA,Air,10/22/2013,25-Apr-14,25-Apr-14,25-Apr-14,ARV,Adult,"Ritonavir 100mg [Norvir], film coated tablets, 60 Tabs",Tablet,60.0,3000.0,20550.0,6.85,0.11,ABBVIE Ludwigshafen Germany,Yes,385,3765.28,21.13,
6404,,Pre-PQ Process,,,South Africa,,,,,,Date Not Captured,,,,,,S. BUYS WHOLESALER,,Efavirenz,Stocrin/Sustiva,600mg,,,,,,,,,,,,116-ZA-T01,SCMS-41190,ASN-3732,PMO - US,Direct Drop,DDP,Air,Pre-PQ Process,30-Mar-09,21-Jan-09,21-Jan-09,ARV,Adult,"Efavirenz 600mg [Stocrin/Sustiva], tablets, 30 Tabs",Tablet,30.0,1600.0,26624.0,16.64,0.55,"MSD Midrand, J'burg, SA",No,Weight Captured Separately,Freight Included in Commodity Cost,52.18,
29391,,,,,South Africa,,,,,,4/28/2015,,,,,,PHARMACY DIRECT,,Nevirapine,Generic,200mg,,,,,,,,,,,,116-ZA-T30,SCMS-238556,ASN-31854,PMO - US,Direct Drop,DDP,Truck,4/30/2014,28-Apr-15,28-Apr-15,28-Apr-15,ARV,Adult,"Nevirapine 200mg, tablets, 60 Tabs",Tablet,60.0,10.0,177.47,17.75,0.3,"Aurobindo Unit III, India",No,Weight Captured Separately,Freight Included in Commodity Cost,0.18,FPQ-13973
73211,,FPQ-12290,,,Uganda,,,,,,6/13/2013,,,,,,ABBVIE LOGISTICS (FORMERLY ABBOTT LOGISTICS BV),,Ritonavir,Norvir,100mg,,,,,,,,,,,,114-UG-T30,SCMS-192070,ASN-21522,PMO - US,Direct Drop,FCA,Air,5/17/2013,23-Sep-13,23-Sep-13,23-Sep-13,ARV,Adult,"Ritonavir 100mg [Norvir], film coated tablets, 60 Tabs",Tablet,60.0,210.0,1438.5,6.85,0.11,ABBVIE Ludwigshafen Germany,Yes,32,852.02,1.78,
44962,114-UG-T30,FPQ-9365,SCMS-142260,ASN-14702,Uganda,PMO - US,Direct Drop,FCA,Air,3/15/12,4/4/12,4-May-12,4-May-12,4-May-12,ARV,Pediatric,ABBVIE LOGISTICS (FORMERLY ABBOTT LOGISTICS BV),"Lopinavir/Ritonavir 100/25mg [Aluvia], tablets, 60 Tabs",Lopinavir/Ritonavir,Generic,100/25mg,Tablet,60.0,210.0,1554.0,7.4,0.12,ABBVIE Ludwigshafen Germany,Yes,36,677.4,2.18,,,,,,,,,,,,,,,,,,,,,,,,,,
12841,117-ET-T01,Pre-PQ Process,SO-21350,DN-1037,Ethiopia,PMO - US,From RDC,N/A - From RDC,Air,Pre-PQ Process,N/A - From RDC,19-Dec-08,19-Dec-08,19-Dec-08,ARV,Pediatric,SCMS from RDC,"Lamivudine 10mg/ml, oral solution, Bottle, 240 ml",Lamivudine,Generic,10mg/ml,Oral solution,240.0,2005.0,3809.5,1.9,0.01,"Aurobindo Unit III, India",Yes,692,4983.22,7.47,,,,,,,,,,,,,,,,,,,,,,,,,,
84664,,FPQ-6801,,,Haiti,,,,,,N/A - From RDC,,,,,,SCMS from RDC,,Lamivudine/Zidovudine,Generic,150/300mg,,,,,,,,,,,,106-HT-T30,SO-38213,DN-2310,PMO - US,From RDC,N/A - From RDC,Air,12/14/2010,19-Jul-11,11-Aug-11,11-Aug-11,ARV,Adult,"Lamivudine/Zidovudine 150/300mg, tablets, 60 Tabs",Tablet - FDC,60.0,18958.0,162090.9,8.55,0.14,Mylan (formerly Matrix) Nashik,No,See DN-2310 (ID#:82968),See DN-2310 (ID#:82968),267.45,
82203,,,,,Haiti,,,,,,2/5/2013,,,,,,LAWRENCE LABORATORIES (SUBSIDIARY OF BRISTOL MYERS SQUIBB),,Didanosine,Videx,2g,,,,,,,,,,,,106-HT-T30,SCMS-176250,ASN-18844,PMO - US,Direct Drop,FCA,Air,1/16/2013,11-Apr-13,11-Apr-13,11-Apr-13,ARV,Pediatric,"Didanosine 2g [Videx], powder for oral solution 10mg/ml, reconstitute to 200 ml",Powder for oral solution,200.0,98.0,1233.82,12.59,0.06,Bristol-Myers Squibb Anagni IT,Yes,22,817.99,1.53,FPQ-11285
3718,,,,,Haiti,,,,,,3/6/2009,,,,,,BRISTOL-MYERS SQUIBB,,Didanosine,Videx,25mg,,,,,,,,,,,,106-HT-T01,SCMS-40000,ASN-3675,PMO - US,Direct Drop,CIP,Air,Pre-PQ Process,31-Mar-09,31-Mar-09,31-Mar-09,ARV,Pediatric,"Didanosine 25mg [Videx], chewable tablets, 60 Tabs",Chewable/dispersible tablet,60.0,80.0,560.0,7.0,0.12,"BMS Meymac, France",No,See ASN-3675 (ID#:1046),See ASN-3675 (ID#:1046),1.1,Pre-PQ Process
86654,,FPQ-12801,,,Nigeria,,,,,,N/A - From RDC,,,,,,SCMS from RDC,,Abacavir/Lamivudine,Generic,60/30mg,,,,,,,,,,,,151-NG-T30,SO-46541,DN-3542,PMO - US,From RDC,N/A - From RDC,Air Charter,8/6/2013,7-Mar-14,10-Feb-14,19-Feb-14,ARV,Pediatric,"Abacavir/Lamivudine 60/30mg, tablets, 60 Tabs",Tablet - FDC,60.0,4915.0,19660.0,4.0,0.07,Mylan (formerly Matrix) Nashik,No,See DN-3542 (ID#:83208),See DN-3542 (ID#:83208),24.32,
7009,116-ZA-T01,Pre-PQ Process,SCMS-19800,ASN-1665,South Africa,PMO - US,Direct Drop,DDP,Truck,Pre-PQ Process,2/20/08,24-Apr-08,24-Apr-08,24-Apr-08,ARV,Pediatric,S. BUYS WHOLESALER,"Zidovudine 10mg/ml [Retrovir], oral solution, Bottle, 200 ml",Zidovudine,Retrovir,10mg/ml,Oral solution,200.0,100.0,676.0,6.76,0.03,GSK Mississauga (Canada),No,Weight Captured Separately,Freight Included in Commodity Cost,1.08,,,,,,,,,,,,,,,,,,,,,,,,,,
57905,,FPQ-14942,,,South Africa,,,,,,6/2/2015,,,,,,PHARMACY DIRECT,,Didanosine,Generic,400mg,,,,,,,,,,,,116-ZA-T30,SCMS-259076,ASN-32524,PMO - US,Direct Drop,DDP,Truck,9/11/2014,2-Jun-15,2-Jun-15,2-Jun-15,ARV,Adult,"Didanosine 400mg, delayed-release capsules, 30 Caps",Delayed-release capsules,30.0,6.0,85.31,14.22,0.47,"Aurobindo Unit III, India",No,Weight Captured Separately,Freight Included in Commodity Cost,0.09,
28335,,,,,Kenya,,,,,,10/23/2009,,,,,,"Orgenics, Ltd",,"HIV 1/2, Determine Complete HIV Kit",Determine,,,,,,,,,,,,,102-KE-T30,SCMS-55902,ASN-5660,PMO - US,Direct Drop,EXW,Air,9/16/2009,18-Jan-10,18-Jan-10,18-Jan-10,HRDT,HIV test,"HIV 1/2, Determine Complete HIV Kit, 100 Tests",Test kit,100.0,3750.0,300000.0,80.0,0.8,Inverness Japan,Yes,1065,10075.76,588.0,FPQ-4250
81121,104-CI-T30,FPQ-14372,SCMS-250210,ASN-29261,Côte d'Ivoire,PMO - US,Direct Drop,EXW,Air,6/3/14,7/31/14,1-Dec-14,1-Dec-14,1-Dec-14,ARV,Adult,MYLAN LABORATORIES LTD (FORMERLY MATRIX LABORATORIES),"Atazanavir/Ritonavir 300/100mg, tablets, 30 Tabs",Atazanavir/Ritonavir,Generic,300/100mg,Tablet,30.0,1000.0,20000.0,20.0,0.67,Mylan (formerly Matrix) Nashik,Yes,140,2782.77,20.56,,,,,,,,,,,,,,,,,,,,,,,,,,
55894,,,,,Nigeria,,,,,,8/29/2014,,,,,,EMCURE PHARMACEUTICALS LTD,,Atazanavir/Ritonavir,Generic,300/100mg,,,,,,,,,,,,151-NG-T30,SCMS-254171,ASN-32962,PMO - US,Direct Drop,EXW,Air,8/13/2014,23-Jul-15,23-Jul-15,28-Jul-15,ARV,Adult,"Atazanavir/Ritonavir 300/100mg, tablets, 30 Tabs",Tablet,30.0,9070.0,163260.0,18.0,0.6,"Emcure Plot No.P-2, I.T-B.T. Park, Phase II, MIDC, Hinjwadi, Pune, India",Yes,Weight Captured Separately,Invoiced Separately,167.83,FPQ-14780
12212,,,,,Zimbabwe,,,,,,N/A - From RDC,,,,,,SCMS from RDC,,Efavirenz,Generic,600mg,,,,,,,,,,,,113-ZW-T01,SO-13991,DN-1015,PMO - US,From RDC,N/A - From RDC,Truck,Pre-PQ Process,19-Nov-08,19-Nov-08,19-Nov-08,ARV,Adult,"Efavirenz 600mg, tablets, 30 Tabs",Tablet,30.0,4000.0,48040.0,12.01,0.4,"Aurobindo Unit III, India",No,See DN-1015 (ID#:11561),See DN-1015 (ID#:11561),94.16,Pre-PQ Process
51134,104-CI-T30,FPQ-12688,SCMS-201220,ASN-22164,Côte d'Ivoire,PMO - US,Direct Drop,EXW,Air,7/19/13,8/6/13,7-Nov-13,7-Nov-13,13-Nov-13,HRDT,HIV test,"Orgenics, Ltd","HIV 1/2, Determine Complete HIV Kit, 100 Tests","HIV 1/2, Determine Complete HIV Kit",Determine,,Test kit,100.0,1800.0,144000.0,80.0,0.8,"Alere Medical Co., Ltd.",Yes,730,10351.26,178.13,,,,,,,,,,,,,,,,,,,,,,,,,,
19905,108-VN-T30,FPQ-5899,SCMS-77250,ASN-8909,Vietnam,PMO - US,Direct Drop,EXW,Air,6/23/10,7/1/10,8-Dec-10,8-Dec-10,8-Dec-10,ARV,Adult,Aurobindo Pharma Limited,"Lamivudine/Zidovudine 150/300mg, tablets, 60 Tabs",Lamivudine/Zidovudine,Generic,150/300mg,Tablet - FDC,60.0,20000.0,165000.0,8.25,0.14,"Aurobindo Unit III, India",Yes,1951,13083.7,355.74,,,,,,,,,,,,,,,,,,,,,,,,,,
68007,,,,,Zimbabwe,,,,,,2/17/2010,,,,,,"Orgenics, Ltd",,"HIV 1/2, Determine Complete HIV Kit",Determine,,,,,,,,,,,,,100-ZW-T30,SCMS-65350,ASN-6752,PMO - US,Direct Drop,EXW,Air,2/2/2010,20-May-10,20-May-10,20-May-10,HRDT,HIV test,"HIV 1/2, Determine Complete HIV Kit, 100 Tests",Test kit,100.0,2100.0,151200.0,72.0,0.72,Inverness Japan,Yes,1016,18862.39,325.99,FPQ-5018
9353,102-BW-T01,Pre-PQ Process,SCMS-10390,ASN-644,Botswana,PMO - US,Direct Drop,EXW,Air,Pre-PQ Process,7/31/07,31-Aug-07,31-Aug-07,31-Aug-07,HRDT,HIV test,Orasure Technologies Inc.,"HIV 1/2, OraQuick Advance HIV Rapid Antibody Kit, 100 Tests","HIV 1/2, OraQuick Advance HIV Rapid Antibody Kit",OraQuick,,Test kit,100.0,10.0,3500.0,350.0,3.5,"Pacific Biotech, Thailand",Yes,24,1091.64,5.6,,,,,,,,,,,,,,,,,,,,,,,,,,
65165,161-ZA-T30,FPQ-7175,SCMS-103810,ASN-12626,South Africa,PMO - US,Direct Drop,DDP,Ocean,3/10/11,3/28/11,7-Dec-11,6-Dec-11,6-Dec-11,ARV,Pediatric,CIPLA LIMITED,"Lamivudine 10mg/ml, oral solution, Bottle, 240 ml",Lamivudine,Generic,10mg/ml,Oral solution,240.0,40040.0,82482.4,2.06,0.01,"Cipla, Goa, India",Yes,Weight Captured Separately,Freight Included in Commodity Cost,136.1,,,,,,,,,,,,,,,,,,,,,,,,,,
38266,,FPQ-12073,,,"Congo, DRC",,,,,,5/8/2013,,,,,,"Orgenics, Ltd",,"HIV 1/2, Determine Complete HIV Kit",Determine,,,,,,,,,,,,,101-CD-T30,SCMS-186710,ASN-20472,PMO - US,Direct Drop,EXW,Air,4/12/2013,20-Sep-13,20-Sep-13,20-Sep-13,HRDT,HIV test,"HIV 1/2, Determine Complete HIV Kit, 100 Tests",Test kit,100.0,2917.0,233360.0,80.0,0.8,"Alere Medical Co., Ltd.",Yes,1361,24410.67,288.67,
81483,108-VN-T30,FPQ-10286,SCMS-156150,ASN-16914,Vietnam,PMO - US,Direct Drop,EXW,Air,7/25/12,8/15/12,12-Nov-12,12-Nov-12,12-Nov-12,ARV,Adult,CIPLA LIMITED,"Zidovudine 300mg, tablets, 60 Tabs",Zidovudine,Generic,300mg,Tablet,60.0,525.0,3465.0,6.6,0.11,"Cipla, Goa, India",Yes,34,807.47,4.86,,,,,,,,,,,,,,,,,,,,,,,,,,
27881,,,,,Tanzania,,,,,,4/14/2011,,,,,,LAWRENCE LABORATORIES (SUBSIDIARY OF BRISTOL MYERS SQUIBB),,Didanosine EC,Videx EC,250mg,,,,,,,,,,,,109-TZ-T30,SCMS-103291,ASN-11005,PMO - US,Direct Drop,FCA,Air,1/27/2011,14-Jul-11,14-Jul-11,14-Jul-11,ARV,Adult,"Didanosine EC 250mg [Videx EC], delayed-release capsules, Blister 3 x 10 Caps",Delayed-release capsules - blister,30.0,6357.0,116587.38,18.34,0.61,Bristol-Myers Squibb Anagni IT,Yes,1272,10816.49,192.37,FPQ-6795
8461,,Pre-PQ Process,,,Vietnam,,,,,,5/13/2008,,,,,,MYLAN LABORATORIES LTD (FORMERLY MATRIX LABORATORIES),,Zidovudine,Generic,300mg,,,,,,,,,,,,108-VN-T01,SCMS-23440,ASN-2335,PMO - US,Direct Drop,EXW,Air,Pre-PQ Process,20-Sep-08,20-Sep-08,20-Sep-08,ARV,Adult,"Zidovudine 300mg, tablets, 60 Tabs",Tablet,60.0,432.0,3240.0,7.5,0.12,Mylan (formerly Matrix) Nashik,No,See ASN-2335 (ID#:5796),See ASN-2335 (ID#:5796),5.18,
6418,,Pre-PQ Process,,,South Africa,,,,,,3/27/2009,,,,,,S. BUYS WHOLESALER,,Efavirenz,Generic,600mg,,,,,,,,,,,,116-ZA-T01,SCMS-41587,ASN-4602,PMO - US,Direct Drop,DDP,Air,Pre-PQ Process,25-Jun-09,16-Apr-09,16-Apr-09,ARV,Adult,"Efavirenz 600mg, tablets, 30 Tabs",Tablet,30.0,6500.0,82030.0,12.62,0.42,"Aurobindo Unit III, India",Yes,Weight Captured Separately,Freight Included in Commodity Cost,160.78,
82712,,FPQ-14042,,,Guyana,,,,,,N/A - From RDC,,,,,,SCMS from RDC,,Zidovudine,Generic,300mg,,,,,,,,,,,,105-GY-T30,SO-48520,DN-3844,PMO - US,From RDC,N/A - From RDC,Air,4/9/2014,30-Sep-14,30-Jul-14,5-Sep-14,ARV,Adult,"Zidovudine 300mg, tablets, 60 Tabs",Tablet,60.0,791.0,4303.04,5.44,0.09,"Aurobindo Unit III, India",No,See DN-3844 (ID#:82710),See DN-3844 (ID#:82710),4.42,
16173,,FPQ-7992,,,Tanzania,,,,,,8/4/2011,,,,,,LAWRENCE LABORATORIES (SUBSIDIARY OF BRISTOL MYERS SQUIBB),,Didanosine,Videx,100mg,,,,,,,,,,,,109-TZ-T30,SCMS-117230,ASN-13952,PMO - US,Direct Drop,FCA,Air,7/8/2011,29-Mar-12,29-Mar-12,29-Mar-12,ARV,Pediatric,"Didanosine 100mg [Videx],chewable tablets, 60 Tabs",Chewable/dispersible tablet,60.0,4132.0,52683.0,12.75,0.21,Bristol-Myers Squibb Anagni IT,Yes,1598,12689.71,86.93,
85252,,,,,Zimbabwe,,,,,,N/A - From RDC,,,,,,SCMS from RDC,,Lamivudine/Nevirapine/Stavudine,Generic,150/200/30mg,,,,,,,,,,,,113-ZW-T30,SO-40860,DN-2621,PMO - US,From RDC,N/A - From RDC,Truck,10/4/2011,17-Apr-12,7-May-12,7-May-12,ARV,Adult,"Lamivudine/Nevirapine/Stavudine 150/200/30mg, tablets, 60 Tabs",Tablet - FDC,60.0,71030.0,382141.4,5.38,0.09,"Strides, Bangalore, India.",No,See DN-2621 (ID#:83583),See DN-2621 (ID#:83583),630.53,FPQ-8464
10550,100-CI-T01,Pre-PQ Process,SO-284,DN-46,Côte d'Ivoire,PMO - US,From RDC,N/A - From RDC,,Pre-PQ Process,N/A - From RDC,4-May-07,4-May-07,4-May-07,ARV,Adult,SCMS from RDC,"Lamivudine/Zidovudine 150/300mg, tablets, 60 Tabs",Lamivudine/Zidovudine,Generic,150/300mg,Tablet - FDC,60.0,1778.0,18224.5,10.25,0.17,"Aurobindo Unit III, India",Yes,716,2601,,,,,,,,,,,,,,,,,,,,,,,,,,,
70531,,FPQ-11443,,,Haiti,,,,,,3/22/2013,,,,,,MICRO LABS LIMITED,,Nevirapine,Generic,200mg,,,,,,,,,,,,106-HT-T30,SCMS-180960,ASN-20434,PMO - US,Direct Drop,EXW,Air,2/7/2013,14-Aug-13,14-Aug-13,14-Aug-13,ARV,Adult,"Nevirapine 200mg, tablets, 60 Tabs",Tablet,60.0,15825.0,34815.0,2.2,0.04,"Micro labs, Verna, Goa, India",No,See ASN-20434 (ID#:13874),See ASN-20434 (ID#:13874),43.07,
86068,,FPQ-12497,,,Zambia,,,,,,N/A - From RDC,,,,,,SCMS from RDC,,Abacavir,Generic,300mg,,,,,,,,,,,,100-ZM-T30,SO-45920,DN-3615,PMO - US,From RDC,N/A - From RDC,Air,6/20/2013,19-May-14,19-May-14,4-Jun-14,ARV,Adult,"Abacavir 300mg, tablets, 60 Tabs",Tablet,60.0,11209.0,145268.64,12.96,0.22,Mylan (formerly Matrix) Nashik,Yes,1143,1876.35,179.7,
1066,,Pre-PQ Process,,,South Africa,,,,,,Date Not Captured,,,,,,S. BUYS WHOLESALER,,Zidovudine,Generic,10mg/ml,,,,,,,,,,,,116-ZA-T01,SCMS-41040,ASN-3623,PMO - US,Direct Drop,DDP,Air,Pre-PQ Process,7-Apr-09,3-Dec-08,3-Dec-08,ARV,Pediatric,"Zidovudine 10mg/ml, oral solution, Bottle, 240 ml",Oral solution,240.0,1008.0,3588.48,3.56,0.01,"Aurobindo Unit III, India",No,Weight Captured Separately,Freight Included in Commodity Cost,7.03,
82902,,,,,Nigeria,,,,,,N/A - From RDC,,,,,,SCMS from RDC,,Lamivudine/Nevirapine/Stavudine,Generic,150/200/30mg,,,,,,,,,,,,151-NG-T30,SO-36510,DN-1919,PMO - US,From RDC,N/A - From RDC,Air,2/10/2010,15-Jul-10,28-Jun-10,28-Jun-10,ARV,Adult,"Lamivudine/Nevirapine/Stavudine 150/200/30mg, tablets, 60 Tabs",Tablet - FDC,60.0,9000.0,52650.0,5.85,0.1,"Strides, Bangalore, India.",Yes,653,Freight Included in Commodity Cost,113.51,FPQ-5023
63362,,FPQ-14942,,,South Africa,,,,,,2/12/2015,,,,,,PHARMACY DIRECT,,Efavirenz,Generic,200mg,,,,,,,,,,,,116-ZA-T30,SCMS-259073,ASN-30671,PMO - US,Direct Drop,DDP,Truck,9/11/2014,12-Feb-15,12-Feb-15,12-Feb-15,ARV,Pediatric,"Efavirenz 200mg, capsule, 90 Caps",Capsule,90.0,21.0,357.91,17.04,0.19,"Aurobindo Unit III, India",No,Weight Captured Separately,Freight Included in Commodity Cost,0.37,
67476,,,,,South Africa,,,,,,3/19/2010,,,,,,Aurobindo Pharma Limited,,Zidovudine,Generic,300mg,,,,,,,,,,,,161-ZA-T30,SCMS-69010,ASN-7317,PMO - US,Direct Drop,DDP,Air,3/18/2010,24-Jun-10,24-Jun-10,24-Jun-10,ARV,Adult,"Zidovudine 300mg, tablets, 60 Tabs",Tablet,60.0,23800.0,176834.0,7.43,0.12,"Aurobindo Unit III, India",Yes,1273,3296.58,381.25,FPQ-5303
82911,,FPQ-6079,,,Dominican Republic,,,,,,N/A - From RDC,,,,,,SCMS from RDC,,Lamivudine/Tenofovir Disoproxil Fumarate,Generic,300/300mg,,,,,,,,,,,,100-DO-T30,SO-37200,DN-1985,PMO - US,From RDC,N/A - From RDC,Air,7/16/2010,30-Aug-10,28-Aug-10,28-Aug-10,ARV,Adult,"Lamivudine/Tenofovir Disoproxil Fumarate 300/300mg, tablets, 30 Tabs",Tablet - FDC,30.0,6000.0,57780.0,9.63,0.32,Mylan (formerly Matrix) Nashik,Yes,1726,17450.76,124.57,
85910,,,,,Mozambique,,,,,,N/A - From RDC,,,,,,SCMS from RDC,,Lamivudine/Nevirapine/Zidovudine,Generic,150/300/200mg,,,,,,,,,,,,111-MZ-T30,SO-42840,DN-2899,PMO - US,From RDC,N/A - From RDC,Truck,6/28/2012,30-Nov-12,14-Nov-12,14-Nov-12,ARV,Adult,"Lamivudine/Nevirapine/Zidovudine 150/200/300mg, tablets, 60 Tabs",Tablet - FDC,60.0,149997.0,1471470.57,9.81,0.16,"Aurobindo Unit III, India",Yes,17605,6323.1,2063.0,FPQ-10210
85326,113-ZW-T30,FPQ-10632,SO-43220,DN-2989,Zimbabwe,PMO - US,From RDC,N/A - From RDC,Truck,9/11/12,N/A - From RDC,11-Feb-13,11-Feb-13,11-Feb-13,ARV,Adult,SCMS from RDC,"Nevirapine 200mg, tablets, 60 Tabs",Nevirapine,Generic,200mg,Tablet,60.0,131487.0,318198.54,2.42,0.04,Hetero Unit III Hyderabad IN,No,See DN-2989 (ID#:84216),See DN-2989 (ID#:84216),446.11,,,,,,,,,,,,,,,,,,,,,,,,,,
57747,106-HT-T30,FPQ-9635,SCMS-152710,ASN-16346,Haiti,PMO - US,Direct Drop,EXW,Air,5/14/12,7/12/12,4-Oct-12,4-Oct-12,4-Oct-12,ARV,Pediatric,Aurobindo Pharma Limited,"Nevirapine 50mg, dispersible tablets (tablets for oral suspension), 30 Tabs",Nevirapine,Generic,50mg,Chewable/dispersible tablet,30.0,2891.0,3613.75,1.25,0.04,"Aurobindo Unit III, India",Yes,156,1887.58,5.07,,,,,,,,,,,,,,,,,,,,,,,,,,
55009,,FPQ-13973,,,South Africa,,,,,,5/8/2014,,,,,,PHARMACY DIRECT,,Lamivudine/Zidovudine,Generic,150/300mg,,,,,,,,,,,,116-ZA-T30,SCMS-238550,ASN-30792,PMO - US,Direct Drop,DDP,Truck,4/30/2014,19-Feb-15,19-Feb-15,19-Feb-15,ARV,Adult,"Lamivudine/Zidovudine 150/300mg, tablets, 60 Tabs",Tablet - FDC,60.0,3.0,93.57,31.19,0.52,"Aurobindo Unit III, India",No,Weight Captured Separately,Freight Included in Commodity Cost,0.1,
54792,,,,,Rwanda,,,,,,12/18/2014,,,,,,"SHANGHAI KEHUA BIOENGINEERING CO.,LTD.  (KHB)",,"HIV 1/2, Colloidal Gold, Diagnostic Kit, Antibody",Colloidal Gold,,,,,,,,,,,,,107-RW-T30,SCMS-263330,ASN-30488,PMO - US,Direct Drop,EXW,Air,10/15/2014,18-Feb-15,18-Feb-15,19-Feb-15,HRDT,HIV test,"HIV 1/2, SKB Colloidal Gold, Diagnostic Kit, Antibody, 50 Tests",Test kit,1.0,4099.0,100425.5,24.5,24.5,"KHB Test Kit Facility, Shanghai China",Yes,2733,36060,103.24,FPQ-15065
81495,,FPQ-6194,,,Haiti,,,,,,9/24/2010,,,,,,"SHANGHAI KEHUA BIOENGINEERING CO.,LTD.  (KHB)",,"HIV 1/2, Colloidal Gold, Diagnostic Kit, Antibody",Colloidal Gold,,,,,,,,,,,,,106-HT-T30,SCMS-85980,ASN-8600,PMO - US,Direct Drop,EXW,Air,8/7/2010,12-Nov-10,12-Nov-10,12-Nov-10,HRDT,HIV test,"HIV 1/2, SKB Colloidal Gold, Diagnostic Kit, Antibody, 50 Tests",Test kit,1.0,40.0,920.0,23.0,23.0,"KHB Test Kit Facility, Shanghai China",Yes,30,835.01,1.98,
69463,,FPQ-14083,,,Haiti,,,,,,6/2/2014,,,,,,MICRO LABS LIMITED,,Efavirenz,Generic,600mg,,,,,,,,,,,,106-HT-T30,SCMS-240130,ASN-28761,PMO - US,Direct Drop,EXW,Ocean,5/11/2014,9-Jan-15,9-Jan-15,12-Jan-15,ARV,Adult,"Efavirenz 600mg, tablets, 30 Tabs",Tablet,30.0,43065.0,128333.7,2.98,0.1,"Micro labs, Verna, Goa, India",No,See ASN-28761 (ID#:38632),See ASN-28761 (ID#:38632),131.93,
31712,108-VN-T30,FPQ-10287,SCMS-156260,ASN-17696,Vietnam,PMO - US,Direct Drop,EXW,Air,7/25/12,8/15/12,30-Jan-13,30-Jan-13,30-Jan-13,ARV,Pediatric,MICRO LABS LIMITED,"Efavirenz 50mg, capsule, 30 Caps",Efavirenz,Generic,50mg,Capsule,30.0,1760.0,3555.2,2.02,0.07,"Micro labs, Verna, Goa, India",Yes,126,798.95,4.98,,,,,,,,,,,,,,,,,,,,,,,,,,
83603,111-MZ-T30,FPQ-9506,SO-41750,DN-2739,Mozambique,PMO - US,From RDC,N/A - From RDC,Truck,3/16/12,N/A - From RDC,2-Oct-12,22-Aug-12,22-Aug-12,ARV,Adult,SCMS from RDC,"Zidovudine 300mg, tablets, 60 Tabs",Zidovudine,Generic,300mg,Tablet,60.0,24530.0,172200.6,7.02,0.12,Mylan (formerly Matrix) Nashik,Yes,1380,6483.81,241.43,,,,,,,,,,,,,,,,,,,,,,,,,,
11711,,Pre-PQ Process,,,Haiti,,,,,,N/A - From RDC,,,,,,SCMS from RDC,,"HIV 1/2, OraQuick Advance HIV Rapid Antibody Kit",OraQuick,,,,,,,,,,,,,100-HT-T01,SO-419,DN-111,PMO - US,From RDC,N/A - From RDC,,Pre-PQ Process,11-May-07,11-May-07,11-May-07,HRDT,HIV test,"HIV 1/2, OraQuick Advance HIV Rapid Antibody Kit, 100 Tests",Test kit,100.0,10.0,4000.0,400.0,4.0,"Pacific Biotech, Thailand",Yes,24,1027,,
85530,114-UG-T30,FPQ-14396,SO-48960,DN-3936,Uganda,PMO - US,From RDC,N/A - From RDC,Air,6/4/14,N/A - From RDC,30-Sep-14,1-Oct-14,21-Oct-14,ARV,Adult,SCMS from RDC,"Abacavir/Lamivudine 600/300mg, tablets, 30 Tabs",Abacavir/Lamivudine,Generic,600/300mg,Tablet - FDC,30.0,3273.0,44250.96,13.52,0.45,"Cipla, Patalganga, India",Yes,389,2786.61,45.49,,,,,,,,,,,,,,,,,,,,,,,,,,
82365,,,,,Ethiopia,,,,,,N/A - From RDC,,,,,,SCMS from RDC,,Zidovudine,Generic,10mg/ml,,,,,,,,,,,,117-ET-T30,SO-38290,DN-2088,PMO - US,From RDC,N/A - From RDC,Air,1/4/2011,21-Jan-11,12-Jan-11,12-Jan-11,ARV,Pediatric,"Zidovudine 10mg/ml, oral solution, Bottle, 240 ml",Oral solution,240.0,3000.0,6060.0,2.02,0.01,"Aurobindo Unit III, India",Yes,1190,6770.6,10.0,FPQ-6980
85969,,,,,Nigeria,,,,,,N/A - From RDC,,,,,,SCMS from RDC,,Efavirenz,Generic,600mg,,,,,,,,,,,,151-NG-T30,SO-43852,DN-3173,PMO - US,From RDC,N/A - From RDC,Air Charter,11/15/2012,4-Jun-13,10-May-13,10-May-13,ARV,Adult,"Efavirenz 600mg, tablets, 30 Tabs",Tablet,30.0,47091.0,156813.03,3.33,0.11,"Strides, Bangalore, India.",No,See DN-3173 (ID#:83687),See DN-3173 (ID#:83687),193.98,FPQ-11022
82434,,FPQ-8840,,,"Congo, DRC",,,,,,N/A - From RDC,,,,,,SCMS from RDC,,Lamivudine/Nevirapine/Zidovudine,Generic,150/300/200mg,,,,,,,,,,,,101-CD-T30,SO-41134,DN-2496,PMO - US,From RDC,N/A - From RDC,Air,11/21/2011,16-Mar-12,14-Feb-12,14-Feb-12,ARV,Adult,"Lamivudine/Nevirapine/Zidovudine 150/200/300mg, tablets, 60 Tabs",Tablet - FDC,60.0,54.0,594.0,11.0,0.18,Mylan (formerly Matrix) Nashik,Yes,Weight Captured Separately,Invoiced Separately,0.83,
83108,101-CD-T30,FPQ-11096,SO-43750,DN-3017,"Congo, DRC",PMO - US,From RDC,N/A - From RDC,Air,11/20/12,N/A - From RDC,18-Mar-13,8-Aug-13,8-Aug-13,ARV,Pediatric,SCMS from RDC,"Nevirapine 10mg/ml, oral suspension w/syringe, Bottle, 240 ml",Nevirapine,Generic,10mg/ml,Oral suspension,240.0,738.0,1439.1,1.95,0.01,"Aurobindo Unit III, India",Yes,112,9687.69,1.78,,,,,,,,,,,,,,,,,,,,,,,,,,
11018,,Pre-PQ Process,,,Haiti,,,,,,N/A - From RDC,,,,,,SCMS from RDC,,Efavirenz,Generic,600mg,,,,,,,,,,,,106-HT-T01,SO-15950,DN-945,PMO - US,From RDC,N/A - From RDC,Air,Pre-PQ Process,27-Oct-08,27-Oct-08,27-Oct-08,ARV,Adult,"Efavirenz 600mg, tablets, 30 Tabs",Tablet,30.0,8192.0,90112.0,11.0,0.37,Mylan (formerly Matrix) Nashik,Yes,9516,101348.75,144.18,
82582,110-ZM-T30,FPQ-11553,SO-44474,DN-3166,Zambia,PMO - US,From RDC,N/A - From RDC,Truck,1/28/13,N/A - From RDC,25-Jun-13,7-Jun-13,7-Jun-13,ARV,Adult,SCMS from RDC,"Nevirapine 200mg, tablets, 60 Tabs",Nevirapine,Generic,200mg,Tablet,60.0,3480.0,7864.8,2.26,0.04,"Cipla, Goa, India",Yes,424,11941.65,9.73,,,,,,,,,,,,,,,,,,,,,,,,,,
78729,,,,,Vietnam,,,,,,1/12/2010,,,,,,MYLAN LABORATORIES LTD (FORMERLY MATRIX LABORATORIES),,Lamivudine,Generic,150mg,,,,,,,,,,,,108-VN-T30,SCMS-62470,ASN-6341,PMO - US,Direct Drop,EXW,Air,1/4/2009,1-Apr-10,1-Apr-10,1-Apr-10,ARV,Adult,"Lamivudine 150mg, tablets, 60 Tabs",Tablet,60.0,16800.0,43680.0,2.6,0.04,Mylan (formerly Matrix) Nashik,No,See ASN-6341 (ID#:29298),See ASN-6341 (ID#:29298),94.17,FPQ-4720
83295,,FPQ-14226,,,Mozambique,,,,,,N/A - From RDC,,,,,,SCMS from RDC,,Lamivudine/Nevirapine/Stavudine,Generic,150/200/30mg,,,,,,,,,,,,111-MZ-T30,SO-48887,DN-4051,PMO - US,From RDC,N/A - From RDC,Truck,5/2/2014,23-Mar-15,23-Mar-15,23-Mar-15,ARV,Adult,"Lamivudine/Nevirapine/Stavudine 150/200/30mg, tablets, 60 Tabs",Tablet - FDC,60.0,46962.0,202875.84,4.32,0.07,Hetero Unit III Hyderabad IN,Yes,5097,Freight Included in Commodity Cost,208.56,
84043,,FPQ-6306,,,Guyana,,,,,,N/A - From RDC,,,,,,SCMS from RDC,,Zidovudine,Generic,300mg,,,,,,,,,,,,105-GY-T30,SO-37390,DN-2016,PMO - US,From RDC,N/A - From RDC,Air,8/27/2010,23-Nov-10,19-Sep-10,19-Sep-10,ARV,Adult,"Zidovudine 300mg, tablets, 60 Tabs",Tablet,60.0,1002.0,7224.42,7.21,0.12,"Aurobindo Unit III, India",No,See DN-2016 (ID#:82351),See DN-2016 (ID#:82351),15.58,
10746,,,,,Nigeria,,,,,,N/A - From RDC,,,,,,SCMS from RDC,,Lamivudine/Nevirapine/Stavudine,Generic,150/200/30mg,,,,,,,,,,,,112-NG-T01,SO-22550,DN-1066,PMO - US,From RDC,N/A - From RDC,Air,Pre-PQ Process,9-Feb-09,9-Feb-09,9-Feb-09,ARV,Adult,"Lamivudine/Nevirapine/Stavudine 150/200/30mg, tablets, 60 Tabs",Tablet - FDC,60.0,5217.0,38605.8,7.4,0.12,"Cipla, Goa, India",Yes,563,3852.55,75.67,Pre-PQ Process
85500,,,,,Rwanda,,,,,,N/A - From RDC,,,,,,SCMS from RDC,,Abacavir/Lamivudine,Generic,60/30mg,,,,,,,,,,,,107-RW-T30,SO-48771,DN-3802,PMO - US,From RDC,N/A - From RDC,Truck,4/22/2014,30-Sep-14,16-Jul-14,21-Jul-14,ARV,Pediatric,"Abacavir/Lamivudine 60/30mg, tablets, 60 Tabs",Tablet - FDC,60.0,1419.0,6385.5,4.5,0.08,"Aurobindo Unit III, India",Yes,71,961.06,6.56,FPQ-14111
4192,,Pre-PQ Process,,,Rwanda,,,,,,11/16/2007,,,,,,"Trinity Biotech, Plc",,"HIV 1/2, Uni-Gold HIV Kit",Uni-Gold,,,,,,,,,,,,,107-RW-T01,SCMS-14140,ASN-1028,PMO - US,Direct Drop,EXW,Air,Pre-PQ Process,10-Jan-08,10-Jan-08,10-Jan-08,HRDT,HIV test,"HIV 1/2, Uni-Gold HIV Kit, 20 Tests",Test kit,20.0,2450.0,78400.0,32.0,1.6,"Trinity Biotech, Plc",No,See ASN-1028 (ID#:2927),See ASN-1028 (ID#:2927),125.44,
12100,,,,,Rwanda,,,,,,N/A - From RDC,,,,,,SCMS from RDC,,"HIV 1/2, Uni-Gold HIV Kit",Uni-Gold,,,,,,,,,,,,,107-RW-T01,SO-833,DN-361,PMO - US,From RDC,N/A - From RDC,Air,Pre-PQ Process,16-Oct-07,16-Oct-07,16-Oct-07,HRDT,HIV test,"HIV 1/2, Uni-Gold HIV Kit, 20 Tests",Test kit,20.0,1883.0,60256.0,32.0,1.6,"Trinity Biotech, Plc",Yes,627,7670.04,96.41,Pre-PQ Process
3735,,Pre-PQ Process,,,South Africa,,,,,,Date Not Captured,,,,,,S. BUYS WHOLESALER,,Stavudine,Zerit,15mg,,,,,,,,,,,,116-ZA-T01,SCMS-40780,ASN-3607,PMO - US,Direct Drop,DDP,Air,Pre-PQ Process,17-Mar-09,28-Nov-08,28-Nov-08,ARV,Adult,"Stavudine 15mg [Zerit], capsules, 60 Caps",Capsule,60.0,1000.0,3970.0,3.97,0.07,"BMS Meymac, France",No,Weight Captured Separately,Freight Included in Commodity Cost,7.78,
82671,,FPQ-12354,,,Tanzania,,,,,,N/A - From RDC,,,,,,SCMS from RDC,,Efavirenz/Lamivudine/Tenofovir Disoproxil Fumarate,Generic,600/300/300mg,,,,,,,,,,,,109-TZ-T30,SO-45740,DN-3659,PMO - US,From RDC,N/A - From RDC,Truck,5/16/2013,5-May-14,18-Jun-14,1-Jul-14,ARV,Adult,"Efavirenz/Lamivudine/Tenofovir Disoproxil Fumarate 600/300/300mg, tablets, 30 Tabs",Tablet - FDC,30.0,116931.0,1260516.18,10.78,0.36,Mylan (formerly Matrix) Nashik,Yes,13280,7083.18,1559.26,
83060,,,,,Nigeria,,,,,,N/A - From RDC,,,,,,SCMS from RDC,,Lamivudine/Nevirapine/Zidovudine,Generic,150/300/200mg,,,,,,,,,,,,151-NG-T30,SO-42802,DN-2767,PMO - US,From RDC,N/A - From RDC,Air Charter,3/1/2012,2-Aug-12,24-Jul-12,24-Jul-12,ARV,Adult,"Lamivudine/Nevirapine/Zidovudine 150/200/300mg, tablets, 60 Tabs",Tablet - FDC,60.0,159964.0,1569246.84,9.81,0.16,"Aurobindo Unit III, India",Yes,37944,16532.5,2200.08,FPQ-9432
63802,161-ZA-T30,FPQ-6262,SCMS-84230,ASN-9616,South Africa,PMO - US,Direct Drop,DDP,Ocean,8/31/10,9/21/10,5-Apr-11,5-Apr-11,5-Apr-11,ARV,Adult,STRIDES ARCOLAB LIMITED,"Nevirapine 200mg, tablets, 60 Tabs",Nevirapine,Generic,200mg,Tablet,60.0,65072.0,186756.64,2.87,0.05,"Strides, Bangalore, India.",Yes,4194,17278.96,402.65,,,,,,,,,,,,,,,,,,,,,,,,,,
46987,109-TZ-T30,FPQ-10619,SCMS-161830,ASN-17466,Tanzania,PMO - US,Direct Drop,EXW,Air,9/13/12,10/4/12,31-Dec-12,31-Dec-12,31-Dec-12,HRDT,HIV test,"Orgenics, Ltd","HIV 1/2, Determine Complete HIV Kit, 100 Tests","HIV 1/2, Determine Complete HIV Kit",Determine,,Test kit,100.0,2352.0,188160.0,80.0,0.8,"Alere Medical Co., Ltd.",Yes,1016,19026.72,263.8,,,,,,,,,,,,,,,,,,,,,,,,,,
40365,,FPQ-15038,,,Haiti,,,,,,12/24/2014,,,,,,MYLAN LABORATORIES LTD (FORMERLY MATRIX LABORATORIES),,Lamivudine/Zidovudine,Generic,30/60mg,,,,,,,,,,,,106-HT-T30,SCMS-262840,ASN-31821,PMO - US,Direct Drop,EXW,Ocean,10/22/2014,3-Jul-15,3-Jul-15,13-Jul-15,ARV,Pediatric,"Lamivudine/Zidovudine 30/60mg, tablets, 60 Tabs",Tablet - FDC,60.0,6000.0,11940.0,1.99,0.03,Mylan (formerly Matrix) Nashik,Yes,Weight Captured Separately,Invoiced Separately,12.27,
6519,102-BW-T01,Pre-PQ Process,SCMS-45090,ASN-4215,Botswana,PMO - US,Direct Drop,EXW,Air,Pre-PQ Process,4/30/09,10-Jul-09,10-Jul-09,10-Jul-09,HRDT,HIV test,"Orgenics, Ltd","HIV 1/2, Determine HIV Kit, without Lancets, 100 Tests","HIV 1/2, Determine HIV Kit, without Lancets",Determine,,Test kit,100.0,1200.0,84000.0,70.0,0.7,Inverness Japan,Yes,274,3321.08,164.64,,,,,,,,,,,,,,,,,,,,,,,,,,
58494,114-UG-T30,FPQ-10787,SCMS-163460,ASN-17750,Uganda,PMO - US,Direct Drop,EXW,Air,10/10/12,10/25/12,21-Jan-13,21-Jan-13,21-Jan-13,ARV,Adult,MYLAN LABORATORIES LTD (FORMERLY MATRIX LABORATORIES),"Atazanavir/Ritonavir 300/100mg, tablets, 30 Tabs",Atazanavir/Ritonavir,Generic,300/100mg,Tablet,30.0,1455.0,32737.5,22.5,0.75,Mylan (formerly Matrix) Nashik,No,See ASN-17750 (ID#:36539),See ASN-17750 (ID#:36539),40.5,,,,,,,,,,,,,,,,,,,,,,,,,,
85226,,,,,"Congo, DRC",,,,,,N/A - From RDC,,,,,,SCMS from RDC,,Nevirapine,Generic,10mg/ml,,,,,,,,,,,,101-CD-T30,SO-41141,DN-2505,PMO - US,From RDC,N/A - From RDC,Air,11/21/2011,16-Mar-12,14-Mar-12,14-Mar-12,ARV,Pediatric,"Nevirapine 10mg/ml, oral suspension w/syringe, Bottle, 240 ml",Oral suspension,240.0,463.0,902.85,1.95,0.01,"Aurobindo Unit III, India",No,See DN-2505 (ID#:83561),See DN-2505 (ID#:83561),1.27,FPQ-8840
72885,,,,,Mozambique,,,,,,11/12/2013,,,,,,"Trinity Biotech, Plc",,"HIV 1/2, Uni-Gold HIV Kit",Uni-Gold,,,,,,,,,,,,,111-MZ-T30,SCMS-211551,ASN-26131,PMO - US,Direct Drop,EXW,Air,10/15/2013,2-Jun-14,2-Jun-14,4-Jun-14,HRDT,HIV test,"HIV 1/2, Uni-Gold HIV Kit, 20 Tests",Test kit,20.0,3962.0,126784.0,32.0,1.6,"Trinity Biotech, Plc",Yes,1153,7754.14,130.33,FPQ-13093
84259,151-NG-T30,FPQ-11022,SO-43842,DN-3148,Nigeria,PMO - US,From RDC,N/A - From RDC,Air Charter,11/15/12,N/A - From RDC,21-May-13,6-May-13,6-May-13,ARV,Adult,SCMS from RDC,"Nevirapine 200mg, tablets, 60 Tabs",Nevirapine,Generic,200mg,Tablet,60.0,14344.0,32417.44,2.26,0.04,"Aurobindo Unit III, India",No,See DN-3148 (ID#:82574),See DN-3148 (ID#:82574),40.1,,,,,,,,,,,,,,,,,,,,,,,,,,
83289,110-ZM-T30,FPQ-14162,SO-48690,DN-4018,Zambia,PMO - US,From RDC,N/A - From RDC,Truck,4/24/14,N/A - From RDC,30-Jan-15,1-Feb-15,20-Feb-15,ARV,Adult,SCMS from RDC,"Zidovudine 300mg, tablets, 60 Tabs",Zidovudine,Generic,300mg,Tablet,60.0,5281.0,29045.5,5.5,0.09,"Aurobindo Unit III, India",Yes,312,401.82,29.86,,,,,,,,,,,,,,,,,,,,,,,,,,
7128,116-ZA-T01,Pre-PQ Process,SCMS-23500,ASN-2300,South Africa,PMO - US,Direct Drop,DDP,Truck,Pre-PQ Process,Date Not Captured,20-Aug-08,14-May-08,14-May-08,ARV,Pediatric,S. BUYS WHOLESALER,"Lamivudine 10mg/ml [Epivir], oral solution, Bottle, 240 ml",Lamivudine,Epivir,10mg/ml,Oral solution,240.0,470.0,2942.2,6.26,0.03,GSK Mississauga (Canada),No,Weight Captured Separately,Freight Included in Commodity Cost,4.71,,,,,,,,,,,,,,,,,,,,,,,,,,
7721,,,,,South Africa,,,,,,Date Not Captured,,,,,,S. BUYS WHOLESALER,,Efavirenz,Generic,600mg,,,,,,,,,,,,116-ZA-T01,SCMS-40810,ASN-3634,PMO - US,Direct Drop,DDP,Air,Pre-PQ Process,31-Mar-09,2-Dec-08,2-Dec-08,ARV,Adult,"Efavirenz 600mg, tablets, 30 Tabs",Tablet,30.0,6734.0,98383.74,14.61,0.49,"Cipla, Goa, India",No,Weight Captured Separately,Freight Included in Commodity Cost,192.83,Pre-PQ Process
67868,104-CI-T30,FPQ-4381,SCMS-57601,ASN-10179,Côte d'Ivoire,PMO - US,Direct Drop,FCA,Air,11/5/09,11/23/09,29-Apr-11,29-Apr-11,29-Apr-11,ARV,Adult,ABBVIE LOGISTICS (FORMERLY ABBOTT LOGISTICS BV),"Ritonavir 100mg [Norvir], film coated tablets, 60 Tabs",Ritonavir,Norvir,100mg,Tablet,60.0,3450.0,23632.5,6.85,0.11,ABBVIE Ludwigshafen Germany,Yes,440,4588.02,46.32,,,,,,,,,,,,,,,,,,,,,,,,,,
3852,,Pre-PQ Process,,,Vietnam,,,,,,4/29/2009,,,,,,Aurobindo Pharma Limited,,Lamivudine/Nevirapine/Zidovudine,Generic,150/300/200mg,,,,,,,,,,,,108-VN-T01,SCMS-45070,ASN-4419,PMO - US,Direct Drop,EXW,Air,Pre-PQ Process,10-Jul-09,10-Jul-09,10-Jul-09,ARV,Adult,"Lamivudine/Nevirapine/Zidovudine 150/200/300mg, tablets, 60 Tabs",Tablet - FDC,60.0,3500.0,39025.0,11.15,0.19,"Aurobindo Unit III, India",No,See ASN-4419 (ID#:3851),See ASN-4419 (ID#:3851),76.49,
13845,,,,,South Africa,,,,,,10/9/2014,,,,,,PHARMACY DIRECT,,Darunavir,Prezista,600mg,,,,,,,,,,,,116-ZA-T30,SCMS-259078,ASN-33473,PMO - US,Direct Drop,DDP,Truck,9/11/2014,24-Jul-15,24-Jul-15,24-Jul-15,ARV,Adult,"Darunavir 600mg [Prezista], tablets, 60 Tabs",Tablet,60.0,33.0,1671.87,50.66,0.84,"Janssen-Cilag, Latina, IT",Yes,Weight Captured Separately,Freight Included in Commodity Cost,1.72,FPQ-14942
86510,,,,,Nigeria,,,,,,N/A - From RDC,,,,,,SCMS from RDC,,Nevirapine,Generic,200mg,,,,,,,,,,,,151-NG-T30,SO-42936,DN-2818,PMO - US,From RDC,N/A - From RDC,Air,3/1/2012,31-Aug-12,13-Aug-12,13-Aug-12,ARV,Adult,"Nevirapine 200mg, tablets, 60 Tabs",Tablet,60.0,86761.0,209961.62,2.42,0.04,Hetero Unit III Hyderabad IN,No,See DN-2818 (ID#:85894),See DN-2818 (ID#:85894),294.37,FPQ-9432
84021,,,,,Nigeria,,,,,,N/A - From RDC,,,,,,SCMS from RDC,,Lamivudine/Zidovudine,Generic,150/300mg,,,,,,,,,,,,151-NG-T30,SO-36543,DN-1939,PMO - US,From RDC,N/A - From RDC,Air,2/10/2010,15-Jul-10,28-Jun-10,28-Jun-10,ARV,Adult,"Lamivudine/Zidovudine 150/300mg, tablets, 60 Tabs",Tablet - FDC,60.0,4674.0,40944.24,8.76,0.15,Mylan (formerly Matrix) Nashik,Yes,376,Freight Included in Commodity Cost,88.28,FPQ-5023
22531,,FPQ-4265,,,Vietnam,,,,,,11/2/2009,,,,,,CIPLA LIMITED,,Lamivudine/Nevirapine/Stavudine,Generic,150/200/30mg,,,,,,,,,,,,108-VN-T30,SCMS-56220,ASN-5683,PMO - US,Direct Drop,EXW,Air,10/20/2009,7-Jan-10,7-Jan-10,7-Jan-10,ARV,Adult,"Lamivudine/Nevirapine/Stavudine 150/200/30mg, tablets, 60 Tabs",Tablet - FDC,60.0,19600.0,120540.0,6.15,0.1,"Cipla, Goa, India",Yes,1926,12423.96,236.26,
2478,,Pre-PQ Process,,,Guyana,,,,,,3/30/2009,,,,,,"Orgenics, Ltd",,"HIV 1/2, Determine Complete HIV Kit",Determine,,,,,,,,,,,,,102-GY-T01,SCMS-42320,ASN-4291,PMO - US,Direct Drop,EXW,Air,Pre-PQ Process,1-Jul-09,1-Jul-09,1-Jul-09,HRDT,HIV test,"HIV 1/2, Determine Complete HIV Kit, 100 Tests",Test kit,100.0,276.0,24840.0,90.0,0.9,Inverness Japan,Yes,87,1205.7,48.69,
82500,111-MZ-T30,FPQ-10210,SO-42950,DN-2808,Mozambique,PMO - US,From RDC,N/A - From RDC,Truck,6/28/12,N/A - From RDC,30-Nov-12,29-Oct-12,29-Oct-12,ARV,Pediatric,SCMS from RDC,"Zidovudine 10mg/ml, oral solution w/syringe, Bottle, 240 ml",Zidovudine,Generic,10mg/ml,Oral solution,240.0,7150.0,15015.0,2.1,0.01,"Aurobindo Unit III, India",Yes,2778,19730.62,21.05,,,,,,,,,,,,,,,,,,,,,,,,,,
86653,,FPQ-12248,,,Nigeria,,,,,,N/A - From RDC,,,,,,SCMS from RDC,,Lamivudine/Nevirapine/Zidovudine,Generic,30/50/60mg,,,,,,,,,,,,151-NG-T30,SO-45670,DN-3539,PMO - US,From RDC,N/A - From RDC,Air Charter,5/6/2013,28-Feb-14,10-Feb-14,19-Feb-14,ARV,Pediatric,"Lamivudine/Nevirapine/Zidovudine 30/50/60mg, dispersible tablets, 60 Tabs",Chewable/dispersible tablet - FDC,60.0,169447.0,635426.25,3.75,0.06,"Strides, Bangalore, India.",Yes,8039,30936.1,786.02,
305,,Pre-PQ Process,,,Nigeria,,,,,,Date Not Captured,,,,,,"Orgenics, Ltd",,"HIV, Lancet, Safety, for HIV Test kits, 100 Pcs",Generic,,,,,,,,,,,,,123-NG-T01,SCMS-15550,ASN-1269,PMO - US,Direct Drop,EXW,Air,Pre-PQ Process,5-Feb-08,5-Feb-08,5-Feb-08,HRDT,HIV test - Ancillary,"HIV, Lancet, Safety, for HIV Test kits, 100 Pcs",Test kit - Ancillary,100.0,650.0,6.5,0.01,0.0,Inverness Japan,Yes,Weight Captured Separately,Invoiced Separately,0.01,
84543,114-UG-T30,FPQ-4495,SO-34950,DN-1750,Uganda,PMO - US,From RDC,N/A - From RDC,Truck,10/28/09,N/A - From RDC,30-Apr-10,25-Mar-10,25-Mar-10,ARV,Adult,SCMS from RDC,"Efavirenz 600mg, tablets, 30 Tabs",Efavirenz,Generic,600mg,Tablet,30.0,4200.0,21546.0,5.13,0.17,Mylan (formerly Matrix) Nashik,Yes,238,2021.53,46.45,,,,,,,,,,,,,,,,,,,,,,,,,,
34456,,FPQ-13809,,,Ghana,,,,,,4/14/2014,,,,,,STRIDES ARCOLAB LIMITED,,Efavirenz,Generic,600mg,,,,,,,,,,,,105-GH-T30,SCMS-234070,ASN-26109,PMO - US,Direct Drop,EXW,Air,3/7/2014,12-Jun-14,12-Jun-14,12-Jun-14,ARV,Adult,"Efavirenz 600mg, tablets, 30 Tabs",Tablet,30.0,33144.0,105729.36,3.19,0.11,"Strides, Bangalore, India.",Yes,1874,9507.26,108.69,
85295,,,,,Guyana,,,,,,N/A - From RDC,,,,,,SCMS from RDC,,Zidovudine,Generic,300mg,,,,,,,,,,,,105-GY-T30,SO-42780,DN-2811,PMO - US,From RDC,N/A - From RDC,Air,7/5/2012,2-Oct-12,29-Aug-12,29-Aug-12,ARV,Adult,"Zidovudine 300mg, tablets, 60 Tabs",Tablet,60.0,1652.0,11167.52,6.76,0.11,"Aurobindo Unit III, India",No,See DN-2811 (ID#:83067),See DN-2811 (ID#:83067),15.66,FPQ-10252
11128,110-ZM-T01,Pre-PQ Process,SO-209,DN-205,Zambia,PMO - US,From RDC,N/A - From RDC,,Pre-PQ Process,N/A - From RDC,20-Jun-07,20-Jun-07,20-Jun-07,ARV,Adult,SCMS from RDC,"Lamivudine/Zidovudine 150/300mg, tablets, 60 Tabs",Lamivudine/Zidovudine,Generic,150/300mg,Tablet - FDC,60.0,66370.0,680292.5,10.25,0.17,"Aurobindo Unit III, India",Yes,6243,25729.7,1088.47,,,,,,,,,,,,,,,,,,,,,,,,,,
82859,,FPQ-4694,,,Zimbabwe,,,,,,N/A - From RDC,,,,,,SCMS from RDC,,Zidovudine,Generic,300mg,,,,,,,,,,,,113-ZW-T30,SO-35390,DN-1659,PMO - US,From RDC,N/A - From RDC,Truck,12/8/2009,31-Mar-10,12-Mar-10,12-Mar-10,ARV,Adult,"Zidovudine 300mg, tablets, 60 Tabs",Tablet,60.0,5880.0,44276.4,7.53,0.13,Hetero Unit III Hyderabad IN,Yes,679,3302.14,95.46,
85805,110-ZM-T30,FPQ-7767,SO-40271,DN-2431,Zambia,PMO - US,From RDC,N/A - From RDC,Truck,7/26/11,N/A - From RDC,28-Feb-12,28-Nov-11,28-Nov-11,ARV,Adult,SCMS from RDC,"Abacavir 300mg, tablets, 60 Tabs",Abacavir,Generic,300mg,Tablet,60.0,2548.0,38321.92,15.04,0.25,Mylan (formerly Matrix) Nashik,Yes,257,361.73,63.23,,,,,,,,,,,,,,,,,,,,,,,,,,
69647,,,,,Uganda,,,,,,10/25/2012,,,,,,ASPEN PHARMACARE,,Etravirine,Intelence,100mg,,,,,,,,,,,,114-UG-T30,SCMS-162750,ASN-18152,PMO - US,Direct Drop,DAP,Air,10/10/2012,13-Feb-13,13-Feb-13,13-Feb-13,ARV,Adult,"Etravirine 100mg [Intelence], tablets, 120 Tabs",Tablet,120.0,194.0,6984.0,36.0,0.3,"Janssen-Cilag, Latina, IT",No,See ASN-18152 (ID#:66768),See ASN-18152 (ID#:66768),8.64,FPQ-10788
84413,,FPQ-14226,,,Mozambique,,,,,,N/A - From RDC,,,,,,SCMS from RDC,,Tenofovir Disoproxil Fumarate,Generic,300mg,,,,,,,,,,,,111-MZ-T30,SO-48884,DN-3944,PMO - US,From RDC,N/A - From RDC,Truck,5/2/2014,31-Dec-14,28-Oct-14,13-Nov-14,ARV,Adult,"Tenofovir Disoproxil Fumarate 300mg, tablets, 30 Tabs",Tablet,30.0,80.0,302.4,3.78,0.13,Hetero Unit III Hyderabad IN,No,See DN-3944 (ID#:82733),See DN-3944 (ID#:82733),0.31,
3848,108-VN-T01,Pre-PQ Process,SCMS-45020,ASN-4403,Vietnam,PMO - US,Direct Drop,EXW,Air,Pre-PQ Process,4/29/09,3-Aug-09,3-Aug-09,3-Aug-09,ARV,Adult,MYLAN LABORATORIES LTD (FORMERLY MATRIX LABORATORIES),"Efavirenz 600mg, tablets, 30 Tabs",Efavirenz,Generic,600mg,Tablet,30.0,6552.0,42588.0,6.5,0.22,Mylan (formerly Matrix) Nashik,Yes,524,4453.71,83.47,,,,,,,,,,,,,,,,,,,,,,,,,,
84677,,,,,Zambia,,,,,,N/A - From RDC,,,,,,SCMS from RDC,,Efavirenz,Generic,600mg,,,,,,,,,,,,110-ZM-T30,SO-38730,DN-2385,PMO - US,From RDC,N/A - From RDC,Truck,2/3/2011,31-Oct-11,4-Nov-11,4-Nov-11,ARV,Adult,"Efavirenz 600mg, tablets, 30 Tabs",Tablet,30.0,72974.0,315247.68,4.32,0.14,"Strides, Bangalore, India.",Yes,4471,10370.59,520.16,FPQ-7085
11031,,,,,Zimbabwe,,,,,,N/A - From RDC,,,,,,SCMS from RDC,,Efavirenz,Generic,600mg,,,,,,,,,,,,113-ZW-T01,SO-18110,DN-1168,PMO - US,From RDC,N/A - From RDC,Truck,Pre-PQ Process,27-Apr-09,27-Apr-09,27-Apr-09,ARV,Adult,"Efavirenz 600mg, tablets, 30 Tabs",Tablet,30.0,4000.0,48040.0,12.01,0.4,"Aurobindo Unit III, India",Yes,8523,35673.58,94.16,Pre-PQ Process
47236,,FPQ-7103,,,Sudan,,,,,,3/2/2011,,,,,,"Orgenics, Ltd",,"HIV, Capillary Tubes, for Determine, EDTA, 50uL,100 Pcs",Determine,,,,,,,,,,,,,102-SD-T30,SCMS-100520,ASN-10315,PMO - US,Direct Drop,FCA,Air,2/5/2011,29-Apr-11,29-Apr-11,29-Apr-11,HRDT,HIV test - Ancillary,"Capillary Tubes, for Determine, EDTA, 50uL,100 Pcs",Test kit - Ancillary,100.0,25.0,200.0,8.0,0.08,Inverness Japan,Yes,2,1201.72,0.33,
7176,107-RW-T01,Pre-PQ Process,SCMS-25080,ASN-2396,Rwanda,PMO - US,Direct Drop,EXW,Air,Pre-PQ Process,6/12/08,18-Oct-08,18-Oct-08,18-Oct-08,HRDT,HIV test,"Trinity Biotech, Plc","HIV 1/2, Uni-Gold HIV Kit, 20 Tests","HIV 1/2, Uni-Gold HIV Kit",Uni-Gold,,Test kit,20.0,3400.0,108800.0,32.0,1.6,"Trinity Biotech, Plc",Yes,1131,22370.64,174.08,,,,,,,,,,,,,,,,,,,,,,,,,,
86058,107-RW-T30,FPQ-13647,SO-47830,DN-3578,Rwanda,PMO - US,From RDC,N/A - From RDC,Air,1/28/14,N/A - From RDC,25-Mar-14,2-Apr-14,14-Apr-14,ARV,Adult,SCMS from RDC,"Lamivudine/Zidovudine 150/300mg, tablets, 60 Tabs",Lamivudine/Zidovudine,Generic,150/300mg,Tablet - FDC,60.0,18000.0,121140.0,6.73,0.11,"Aurobindo Unit III, India",Yes,1643,12995.06,124.53,,,,,,,,,,,,,,,,,,,,,,,,,,
86134,,,,,Nigeria,,,,,,N/A - From RDC,,,,,,SCMS from RDC,,Lamivudine/Stavudine,Generic,30/6mg,,,,,,,,,,,,151-NG-T30,SO-47288,DN-3912,PMO - US,From RDC,N/A - From RDC,Air Charter,11/19/2013,30-Sep-14,3-Sep-14,5-Sep-14,ARV,Pediatric,"Lamivudine/Stavudine 30/6mg, dispersible tablets, 60 Tabs",Chewable/dispersible tablet - FDC,60.0,10383.0,19727.7,1.9,0.03,"Cipla, Goa, India",Yes,767,3963,20.28,FPQ-13293
48184,,,,,Rwanda,,,,,,12/15/2014,,,,,,Aurobindo Pharma Limited,,Lopinavir/Ritonavir,Generic,100/25mg,,,,,,,,,,,,107-RW-T30,SCMS-261760,ASN-29891,PMO - US,Direct Drop,EXW,Air,10/9/2014,15-Jan-15,15-Jan-15,24-Feb-15,ARV,Pediatric,"Lopinavir/Ritonavir 100/25mg, tablets, 60 Tabs",Tablet,60.0,1592.0,12799.68,8.04,0.13,"Aurobindo Unit III, India",Yes,167,1923.14,13.16,FPQ-14813
83495,109-TZ-T30,FPQ-7347,SO-39000,DN-2152,Tanzania,PMO - US,From RDC,N/A - From RDC,Air,3/7/11,N/A - From RDC,7-Apr-11,28-Mar-11,28-Mar-11,ARV,Adult,SCMS from RDC,"Efavirenz 600mg, tablets, 30 Tabs",Efavirenz,Generic,600mg,Tablet,30.0,49000.0,206780.0,4.22,0.14,Mylan (formerly Matrix) Nashik,Yes,4030,15707.3,341.19,,,,,,,,,,,,,,,,,,,,,,,,,,
51883,,FPQ-10765,,,Nigeria,,,,,,10/16/2012,,,,,,"Orgenics, Ltd",,"HIV 1/2, Determine Complete HIV Kit",Determine,,,,,,,,,,,,,133-NG-T30,SCMS-162440,ASN-17649,PMO - US,Direct Drop,EXW,Air,10/5/2012,9-Jan-13,17-Jan-13,17-Jan-13,HRDT,HIV test,"HIV 1/2, Determine Complete HIV Kit, 100 Tests",Test kit,100.0,2744.0,244216.0,89.0,0.89,"Alere Medical Co., Ltd.",Yes,1235,25577.2,342.39,
61998,,FPQ-9098,,,Ethiopia,,,,,,1/23/2012,,,,,,"CHEMBIO DIAGNOSTIC SYSTEMS, INC.",,"HIV 1/2, Stat-Pak HIV, Kit",Stat-Pak,,,,,,,,,,,,,117-ET-T30,SCMS-133560,ASN-16135,PMO - US,Direct Drop,EXW,Air,1/10/2012,5-Sep-12,5-Sep-12,5-Sep-12,HRDT,HIV test,"HIV 1/2, Stat-Pak HIV, Kit, 20 Tests",Test kit,20.0,340.0,9860.0,29.0,1.45,Chembio Diagnostics Sys. Inc.,Yes,128,810.96,13.82,
68675,,,,,South Africa,,,,,,10/9/2014,,,,,,PHARMACY DIRECT,,Darunavir,Prezista,600mg,,,,,,,,,,,,116-ZA-T30,SCMS-259079,ASN-33855,PMO - US,Direct Drop,DDP,Truck,9/11/2014,24-Aug-15,24-Aug-15,24-Aug-15,ARV,Adult,"Darunavir 600mg [Prezista], tablets, 60 Tabs",Tablet,60.0,1.0,50.66,50.66,0.84,"Janssen-Cilag, Latina, IT",No,Weight Captured Separately,Freight Included in Commodity Cost,0.05,FPQ-14942
84778,,FPQ-9749,,,Côte d'Ivoire,,,,,,N/A - From RDC,,,,,,SCMS from RDC,,Lamivudine/Nevirapine/Zidovudine,Generic,30/50/60mg,,,,,,,,,,,,104-CI-T30,SO-42410,DN-2957,PMO - US,From RDC,N/A - From RDC,Truck,4/19/2012,31-Jan-13,14-Jan-13,14-Jan-13,ARV,Pediatric,"Lamivudine/Nevirapine/Zidovudine 30/50/60mg, dispersible tablets, 60 Tabs",Chewable/dispersible tablet - FDC,60.0,5701.0,23659.15,4.15,0.07,Mylan (formerly Matrix) Nashik,Yes,338,3487.55,33.17,
71180,113-ZW-T30,FPQ-13939,SCMS-240580,ASN-27035,Zimbabwe,PMO - US,Direct Drop,EXW,Air Charter,4/1/14,5/26/14,23-Jul-14,23-Jul-14,29-Jul-14,ARV,Adult,Aurobindo Pharma Limited,"Lamivudine/Tenofovir Disoproxil Fumarate 300/300mg, tablets, 30 Tabs",Lamivudine/Tenofovir Disoproxil Fumarate,Generic,300/300mg,Tablet - FDC,30.0,29146.0,135528.9,4.65,0.16,"Aurobindo Unit VII, IN",Yes,2870,19430.86,139.32,,,,,,,,,,,,,,,,,,,,,,,,,,
12135,,,,,Zambia,,,,,,N/A - From RDC,,,,,,SCMS from RDC,,Nevirapine,Generic,200mg,,,,,,,,,,,,110-ZM-T01,SO-1314,DN-466,PMO - US,From RDC,N/A - From RDC,,Pre-PQ Process,12-Dec-07,12-Dec-07,12-Dec-07,ARV,Adult,"Nevirapine 200mg, tablets, 60 Tabs",Tablet,60.0,60440.0,205496.0,3.4,0.06,"Aurobindo Unit III, India",Yes,5725,15671.53,328.79,Pre-PQ Process
85448,107-RW-T30,FPQ-12766,SO-46480,DN-3579,Rwanda,PMO - US,From RDC,N/A - From RDC,Truck,8/2/13,N/A - From RDC,28-Mar-14,2-Apr-14,14-Apr-14,ARV,Adult,SCMS from RDC,"Lamivudine/Tenofovir Disoproxil Fumarate 300/300mg, tablets, 30 Tabs",Lamivudine/Tenofovir Disoproxil Fumarate,Generic,300/300mg,Tablet - FDC,30.0,36406.0,171108.2,4.7,0.16,Hetero Unit III Hyderabad IN,No,See DN-3579 (ID#:83217),See DN-3579 (ID#:83217),211.66,,,,,,,,,,,,,,,,,,,,,,,,,,
11990,,Pre-PQ Process,,,Côte d'Ivoire,,,,,,N/A - From RDC,,,,,,SCMS from RDC,,Efavirenz,Generic,600mg,,,,,,,,,,,,104-CI-T01,SO-27531,DN-1314,PMO - US,From RDC,N/A - From RDC,Air,Date Not Captured,14-Jul-09,14-Jul-09,14-Jul-09,ARV,Adult,"Efavirenz 600mg, tablets, 30 Tabs",Tablet,30.0,26710.0,259621.2,9.72,0.32,"Emcure Plot No.P-2, I.T-B.T. Park, Phase II, MIDC, Hinjwadi, Pune, India",Yes,1866,6111.2,508.86,
27765,,,,,Uganda,,,,,,6/19/2014,,,,,,STRIDES ARCOLAB LIMITED,,Efavirenz,Generic,600mg,,,,,,,,,,,,114-UG-T30,SCMS-244520,ASN-26987,PMO - US,Direct Drop,EXW,Air,6/11/2014,1-Aug-14,1-Aug-14,4-Aug-14,ARV,Adult,"Efavirenz 600mg, tablets, 30 Tabs",Tablet,30.0,61150.0,195068.5,3.19,0.11,"Strides, Bangalore, India.",Yes,3858,20553.85,200.53,FPQ-14407
86266,,,,,Uganda,,,,,,N/A - From RDC,,,,,,SCMS from RDC,,Zidovudine,Generic,300mg,,,,,,,,,,,,114-UG-T30,SO-35650,DN-1645,PMO - US,From RDC,N/A - From RDC,Air,9/23/2009,19-Mar-10,26-Feb-10,26-Feb-10,ARV,Adult,"Zidovudine 300mg, tablets, 60 Tabs",Tablet,60.0,744.0,5602.32,7.53,0.13,"Aurobindo Unit III, India",Yes,41,1152.14,10.98,FPQ-4325
53349,,,,,Guyana,,,,,,4/9/2012,,,,,,"Orgenics, Ltd",,"HIV 1/2, Determine Complete HIV Kit",Determine,,,,,,,,,,,,,102-GY-T30,SCMS-139650,ASN-15044,PMO - US,Direct Drop,EXW,Air,1/17/2012,18-Jun-12,18-Jun-12,18-Jun-12,HRDT,HIV test,"HIV 1/2, Determine Complete HIV Kit, 100 Tests",Test kit,100.0,300.0,30000.0,100.0,1.0,"Alere Medical Co., Ltd.",Yes,137,3825.21,42.06,FPQ-9180
40620,,,,,Mozambique,,,,,,8/30/2011,,,,,,"Orgenics, Ltd",,"HIV 1/2, Determine HIV Kit, without Lancets",Determine,,,,,,,,,,,,,111-MZ-T30,SCMS-118370,ASN-12476,PMO - US,Direct Drop,EXW,Air,8/4/2011,22-Nov-11,5-Dec-11,5-Dec-11,HRDT,HIV test,"HIV 1/2, Determine HIV Kit, without Lancets, 100 Tests",Test kit,100.0,2591.0,201320.7,77.7,0.78,Inverness Japan,Yes,994,12838.85,332.18,FPQ-8116
73906,,,,,Ghana,,,,,,4/15/2014,,,,,,MYLAN LABORATORIES LTD (FORMERLY MATRIX LABORATORIES),,Emtricitabine/Tenofovir Disoproxil Fumarate,Generic,200/300mg,,,,,,,,,,,,105-GH-T30,SCMS-234090,ASN-27340,PMO - US,Direct Drop,EXW,Air,3/7/2014,11-Sep-14,11-Sep-14,11-Sep-14,ARV,Adult,"Emtricitabine/Tenofovir Disoproxil Fumarate 200/300mg, tablets, 30 Tabs",Tablet - FDC,30.0,8458.0,47364.8,5.6,0.19,Mylan (formerly Matrix) Nashik,Yes,758,6956.18,48.69,FPQ-13809
82804,104-CI-T30,FPQ-14370,SO-49090,DN-4177,Côte d'Ivoire,PMO - US,From RDC,N/A - From RDC,Truck,5/23/14,N/A - From RDC,29-May-15,29-May-15,18-Jun-15,ARV,Adult,SCMS from RDC,"Lamivudine/Nevirapine/Zidovudine 150/200/300mg, tablets, 60 Tabs",Lamivudine/Nevirapine/Zidovudine,Generic,150/300/200mg,Tablet - FDC,60.0,90000.0,694800.0,7.72,0.13,Hetero Unit III Hyderabad IN,Yes,17769,36897.57,714.25,,,,,,,,,,,,,,,,,,,,,,,,,,
8864,,,,,Tanzania,,,,,,12/30/2008,,,,,,ABBVIE LOGISTICS (FORMERLY ABBOTT LOGISTICS BV),,Lopinavir/Ritonavir,Aluvia,200/50mg,,,,,,,,,,,,109-TZ-T01,SCMS-36490,ASN-3170,PMO - US,Direct Drop,FCA,Air,Pre-PQ Process,23-Feb-09,23-Feb-09,23-Feb-09,ARV,Adult,"Lopinavir/Ritonavir 200/50mg [Aluvia], tablets, 120 Tabs",Tablet,120.0,12500.0,513750.0,41.1,0.34,ABBVIE Ludwigshafen Germany,Yes,3088,12937.16,1006.95,Pre-PQ Process
12862,,,,,Nigeria,,,,,,N/A - From RDC,,,,,,SCMS from RDC,,Nevirapine,Generic,200mg,,,,,,,,,,,,123-NG-T01,SO-2554,DN-960,PMO - US,From RDC,N/A - From RDC,Air,Pre-PQ Process,30-Oct-08,30-Oct-08,30-Oct-08,ARV,Adult,"Nevirapine 200mg, tablets, 60 Tabs",Tablet,60.0,6002.0,20406.8,3.4,0.06,"Aurobindo Unit III, India",No,See DN-960 (ID#:11945),See DN-960 (ID#:11945),40.0,Pre-PQ Process
56335,,FPQ-13134,,,Mozambique,,,,,,11/26/2013,,,,,,Aurobindo Pharma Limited,,Didanosine,Generic,400mg,,,,,,,,,,,,111-MZ-T30,SCMS-215590,ASN-24044,PMO - US,Direct Drop,EXW,Air,11/12/2013,2-Mar-14,2-Mar-14,7-May-14,ARV,Adult,"Didanosine 400mg, delayed-release capsules, 30 Caps",Delayed-release capsules,30.0,800.0,16000.0,20.0,0.67,"Aurobindo Unit III, India",Yes,62,1045.5,16.45,
85991,,,,,Mozambique,,,,,,N/A - From RDC,,,,,,SCMS from RDC,,Nevirapine,Generic,200mg,,,,,,,,,,,,111-MZ-T30,SO-44863,DN-3289,PMO - US,From RDC,N/A - From RDC,Truck,3/19/2013,13-Nov-13,13-Nov-13,2-Dec-13,ARV,Adult,"Nevirapine 200mg, tablets, 60 Tabs",Tablet,60.0,2000.0,4520.0,2.26,0.04,"Cipla, Goa, India",No,See DN-3289 (ID#:84844),See DN-3289 (ID#:84844),5.59,FPQ-11884
84879,111-MZ-T30,FPQ-11884,SO-44840,DN-3485,Mozambique,PMO - US,From RDC,N/A - From RDC,Truck,3/19/13,N/A - From RDC,20-Mar-14,28-Mar-14,4-Apr-14,ARV,Adult,SCMS from RDC,"Efavirenz/Lamivudine/Tenofovir Disoproxil Fumarate 600/300/300mg, tablets, 30 Tabs",Efavirenz/Lamivudine/Tenofovir Disoproxil Fumarate,Generic,600/300/300mg,Tablet - FDC,30.0,70000.0,780500.0,11.15,0.37,"Aurobindo Unit VII, IN",Yes,18957,16813.62,965.48,,,,,,,,,,,,,,,,,,,,,,,,,,
76559,,,,,Vietnam,,,,,,8/14/2012,,,,,,MYLAN LABORATORIES LTD (FORMERLY MATRIX LABORATORIES),,Lamivudine/Zidovudine,Generic,30/60mg,,,,,,,,,,,,108-VN-T30,SCMS-156272,ASN-17807,PMO - US,Direct Drop,EXW,Air,7/25/2012,1-Feb-13,1-Feb-13,1-Feb-13,ARV,Pediatric,"Lamivudine/Zidovudine 30/60mg, tablets, 60 Tabs",Tablet - FDC,60.0,1966.0,4423.5,2.25,0.04,Mylan (formerly Matrix) Nashik,Yes,91,1143.04,6.2,FPQ-10286
83688,110-ZM-T30,FPQ-10728,SO-43460,DN-3186,Zambia,PMO - US,From RDC,N/A - From RDC,Truck,10/5/12,N/A - From RDC,28-Jun-13,7-Jun-13,7-Jun-13,ARV,Adult,SCMS from RDC,"Lamivudine/Zidovudine 150/300mg, tablets, 60 Tabs",Lamivudine/Zidovudine,Generic,150/300mg,Tablet - FDC,60.0,62168.0,435176.0,7.0,0.12,"Cipla, Goa, India",Yes,22497,11941.65,610.12,,,,,,,,,,,,,,,,,,,,,,,,,,
41697,108-VN-T30,FPQ-10266,SCMS-153060,ASN-16145,Vietnam,PMO - US,Direct Drop,EXW,Air,7/11/12,7/12/12,9-Oct-12,9-Oct-12,9-Oct-12,ARV,Adult,HETERO LABS LIMITED,"Nevirapine 200mg, tablets, 60 Tabs",Nevirapine,Generic,200mg,Tablet,60.0,6414.0,14944.62,2.33,0.04,Hetero Unit III Hyderabad IN,Yes,425,1032.12,20.95,,,,,,,,,,,,,,,,,,,,,,,,,,
85378,,,,,Zimbabwe,,,,,,N/A - From RDC,,,,,,SCMS from RDC,,Lamivudine/Nevirapine/Zidovudine,Generic,30/50/60mg,,,,,,,,,,,,103-ZW-T30,SO-44290,DN-3232,PMO - US,From RDC,N/A - From RDC,Truck,1/16/2013,30-Jul-13,6-Aug-13,6-Aug-13,ARV,Pediatric,"Lamivudine/Nevirapine/Zidovudine 30/50/60mg, dispersible tablets, 60 Tabs",Chewable/dispersible tablet - FDC,60.0,49000.0,203350.0,4.15,0.07,Mylan (formerly Matrix) Nashik,Yes,3573,11133.66,251.54,FPQ-11478
52837,,,,,Nigeria,,,,,,3/13/2015,,,,,,"Orgenics, Ltd",,"HIV 1/2, Determine Complete HIV Kit",Determine,,,,,,,,,,,,,133-NG-T30,SCMS-270771,ASN-32758,PMO - US,Direct Drop,EXW,Air,12/8/2014,30-Jun-15,26-Jun-15,2-Jul-15,HRDT,HIV test,"HIV 1/2, Determine Complete HIV Kit, 100 Tests",Test kit,100.0,4657.0,414473.0,89.0,0.89,"Alere Medical Co., Ltd.",Yes,2307,21672.24,487.83,FPQ-15504
68651,111-MZ-T30,FPQ-4080,SCMS-51380,ASN-4927,Mozambique,PMO - US,Direct Drop,EXW,Air,8/4/09,8/11/09,24-Sep-09,24-Sep-09,24-Sep-09,HRDT,HIV test,"Trinity Biotech, Plc","HIV 1/2, Uni-Gold HIV Kit, 20 Tests","HIV 1/2, Uni-Gold HIV Kit",Uni-Gold,,Test kit,20.0,3700.0,118400.0,32.0,1.6,"Trinity Biotech, Plc",Yes,1265,18937.3,232.06,,,,,,,,,,,,,,,,,,,,,,,,,,
82879,,FPQ-5239,,,Uganda,,,,,,N/A - From RDC,,,,,,SCMS from RDC,,Nevirapine,Generic,200mg,,,,,,,,,,,,114-UG-T30,SO-36170,DN-1766,PMO - US,From RDC,N/A - From RDC,Air,3/2/2010,26-May-10,12-Apr-10,12-Apr-10,ARV,Adult,"Nevirapine 200mg, tablets, 60 Tabs",Tablet,60.0,4200.0,11466.0,2.73,0.05,"Aurobindo Unit III, India",No,See DN-1766 (ID#:82878),See DN-1766 (ID#:82878),24.72,
86756,110-ZM-T30,FPQ-13221,SO-47208,DN-4045,Zambia,PMO - US,From RDC,N/A - From RDC,Truck,10/31/13,N/A - From RDC,30-Jan-15,19-Feb-15,20-Feb-15,ARV,Adult,SCMS from RDC,"Lamivudine/Tenofovir Disoproxil Fumarate 300/300mg, tablets, 30 Tabs",Lamivudine/Tenofovir Disoproxil Fumarate,Generic,300/300mg,Tablet - FDC,30.0,18447.0,85225.14,4.62,0.15,Hetero Unit III Hyderabad IN,Yes,1906,2201.74,87.61,,,,,,,,,,,,,,,,,,,,,,,,,,
83302,104-CI-T30,FPQ-14370,SO-49060,DN-4093,Côte d'Ivoire,PMO - US,From RDC,N/A - From RDC,Truck,5/23/14,N/A - From RDC,30-Jan-15,12-Mar-15,13-Mar-15,ARV,Adult,SCMS from RDC,"Lamivudine/Tenofovir Disoproxil Fumarate 300/300mg, tablets, 30 Tabs",Lamivudine/Tenofovir Disoproxil Fumarate,Generic,300/300mg,Tablet - FDC,30.0,20000.0,92600.0,4.63,0.15,"Cipla, Kurkumbh, India",Yes,2000,8499.16,95.19,,,,,,,,,,,,,,,,,,,,,,,,,,
73748,,,,,Tanzania,,,,,,6/11/2013,,,,,,Aurobindo Pharma Limited,,Lamivudine/Nevirapine/Zidovudine,Generic,150/300/200mg,,,,,,,,,,,,109-TZ-T30,SCMS-193850,ASN-20159,PMO - US,Direct Drop,EXW,Air,5/16/2013,24-Aug-13,24-Aug-13,24-Aug-13,ARV,Adult,"Lamivudine/Nevirapine/Zidovudine 150/200/300mg, tablets, 60 Tabs",Tablet - FDC,60.0,36451.0,297075.65,8.15,0.14,"Aurobindo Unit III, India",Yes,4611,20618.55,367.48,FPQ-12286
11207,,Pre-PQ Process,,,Zambia,,,,,,N/A - From RDC,,,,,,SCMS from RDC,,Efavirenz,Generic,600mg,,,,,,,,,,,,110-ZM-T01,SO-1429,DN-470,PMO - US,From RDC,N/A - From RDC,Air,Pre-PQ Process,26-Nov-07,26-Nov-07,26-Nov-07,ARV,Adult,"Efavirenz 600mg, tablets, 30 Tabs",Tablet,30.0,84.0,1043.28,12.42,0.41,"Aurobindo Unit III, India",Yes,Weight Captured Separately,Invoiced Separately,1.67,
84612,,FPQ-6484,,,Haiti,,,,,,N/A - From RDC,,,,,,SCMS from RDC,,Abacavir,Generic,300mg,,,,,,,,,,,,106-HT-T30,SO-37760,DN-2073,PMO - US,From RDC,N/A - From RDC,Air,10/13/2010,20-Dec-10,5-Jan-11,5-Jan-11,ARV,Adult,"Abacavir 300mg, tablets, 60 Tabs",Tablet,60.0,600.0,9864.0,16.44,0.27,"Aurobindo Unit III, India",No,See DN-2073 (ID#:82362),See DN-2073 (ID#:82362),21.27,
75913,,,,,South Africa,,,,,,8/27/2014,,,,,,S. BUYS WHOLESALER,,Zidovudine,Generic,300mg,,,,,,,,,,,,116-ZA-T30,SCMS-199283,ASN-27976,PMO - US,Direct Drop,DDP,Truck,7/11/2013,27-Aug-14,27-Aug-14,27-Aug-14,ARV,Adult,"Zidovudine 300mg, tablets, 60 Tabs",Tablet,60.0,19.0,528.69,27.83,0.46,"Aurobindo Unit III, India",No,Weight Captured Separately,Freight Included in Commodity Cost,0.65,FPQ-12522
82374,,FPQ-6891,,,Côte d'Ivoire,,,,,,N/A - From RDC,,,,,,SCMS from RDC,,Tenofovir Disoproxil Fumarate,Generic,300mg,,,,,,,,,,,,104-CI-T30,SO-38540,DN-2153,PMO - US,From RDC,N/A - From RDC,Air,12/21/2010,20-Apr-11,10-Jun-11,10-Jun-11,ARV,Adult,"Tenofovir Disoproxil Fumarate 300mg, tablets, 30 Tabs",Tablet,30.0,859.0,5643.63,6.57,0.22,"Aurobindo Unit III, India",Yes,12232,60010.73,9.31,
54304,111-MZ-T30,FPQ-10606,SCMS-162150,ASN-16937,Mozambique,PMO - US,Direct Drop,EXW,Air,9/12/12,10/10/12,24-Dec-12,24-Dec-12,24-Dec-12,HRDT,HIV test,"Trinity Biotech, Plc","HIV 1/2, Uni-Gold HIV Kit, 20 Tests","HIV 1/2, Uni-Gold HIV Kit",Uni-Gold,,Test kit,20.0,23.0,736.0,32.0,1.6,"Trinity Biotech, Plc",Yes,8,558.46,1.03,,,,,,,,,,,,,,,,,,,,,,,,,,
80559,,,,,Uganda,,,,,,9/26/2012,,,,,,MYLAN LABORATORIES LTD (FORMERLY MATRIX LABORATORIES),,Atazanavir/Ritonavir,Generic,300/100mg,,,,,,,,,,,,114-UG-T30,SCMS-160440,ASN-16895,PMO - US,Direct Drop,EXW,Air,8/24/2012,9-Nov-12,9-Nov-12,9-Nov-12,ARV,Adult,"Atazanavir/Ritonavir 300/100mg, tablets, 30 Tabs",Tablet,30.0,170.0,3825.0,22.5,0.75,Mylan (formerly Matrix) Nashik,Yes,22,1051.5,5.36,FPQ-10558
27675,,,,,Sudan,,,,,,5/2/2011,,,,,,"Standard Diagnostics, Inc.",,"HIV 1/2, Bioline 3.0 Diluent, 25 Tests",Bioline,,,,,,,,,,,,,102-SD-T30,SCMS-107770,ASN-10900,PMO - US,Direct Drop,EXW,Air,3/29/2011,24-Jun-11,24-Jun-11,24-Jun-11,HRDT,HIV test - Ancillary,"HIV 1/2, Bioline 3.0 Diluent, 25 Tests, Bottle x 5 ml",Test kit - Ancillary,1.0,13.0,11.7,0.9,0.9,"Standard Diagnostics, Korea",Yes,2,1193.15,0.02,FPQ-7321
10229,,Pre-PQ Process,,,Vietnam,,,,,,1/16/2009,,,,,,Aurobindo Pharma Limited,,Stavudine,Generic,30mg,,,,,,,,,,,,108-VN-T01,SCMS-37170,ASN-3562,PMO - US,Direct Drop,EXW,Air,Pre-PQ Process,10-Apr-09,10-Apr-09,10-Apr-09,ARV,Adult,"Stavudine 30mg, capsules, 60 Caps",Capsule,60.0,22428.0,32520.6,1.45,0.02,"Aurobindo Unit III, India",No,See ASN-3562 (ID#:960),See ASN-3562 (ID#:960),63.74,
83406,151-NG-T30,FPQ-4537,SO-35068,DN-1686,Nigeria,PMO - US,From RDC,N/A - From RDC,Air Charter,11/6/09,N/A - From RDC,19-Apr-10,31-Mar-10,31-Mar-10,ARV,Adult,SCMS from RDC,"Lamivudine/Nevirapine/Zidovudine 150/200/300mg, tablets, 60 Tabs",Lamivudine/Nevirapine/Zidovudine,Generic,150/300/200mg,Tablet - FDC,60.0,1200.0,13464.0,11.22,0.19,"Aurobindo Unit III, India",Yes,141,Freight Included in Commodity Cost,29.03,,,,,,,,,,,,,,,,,,,,,,,,,,
58484,901-CM-T30,FPQ-12837,SCMS-204290,ASN-23338,Cameroon,PMO - US,Direct Drop,EXW,Air,8/19/13,8/23/13,8-Jan-14,8-Jan-14,10-Jan-14,ARV,Adult,Aurobindo Pharma Limited,"Efavirenz/Lamivudine/Tenofovir Disoproxil Fumarate 600/300/300mg, tablets, 30 Tabs",Efavirenz/Lamivudine/Tenofovir Disoproxil Fumarate,Generic,600/300/300mg,Tablet - FDC,30.0,37470.0,417790.5,11.15,0.37,"Aurobindo Unit VII, IN",Yes,4927,65875.32,516.81,,,,,,,,,,,,,,,,,,,,,,,,,,
53272,,,,,Nigeria,,,,,,10/15/2013,,,,,,"Trinity Biotech, Plc",,"HIV 1/2, Uni-Gold HIV Kit",Uni-Gold,,,,,,,,,,,,,133-NG-T30,SCMS-210330,ASN-23441,PMO - US,Direct Drop,EXW,Air,8/13/2013,24-Jan-14,24-Jan-14,5-Feb-14,HRDT,HIV test,"HIV 1/2, Uni-Gold HIV Kit, 20 Tests",Test kit,20.0,31842.0,1018944.0,32.0,1.6,"Trinity Biotech, Plc",Yes,9312,77833.24,1260.43,FPQ-12812
70505,,,,,Uganda,,,,,,7/30/2013,,,,,,STRIDES ARCOLAB LIMITED,,Efavirenz,Generic,600mg,,,,,,,,,,,,114-UG-T30,SCMS-198700,ASN-21822,PMO - US,Direct Drop,EXW,Ocean,7/8/2013,8-Nov-13,8-Nov-13,13-Nov-13,ARV,Adult,"Efavirenz 600mg, tablets, 30 Tabs",Tablet,30.0,63652.0,203049.88,3.19,0.11,"Strides, Bangalore, India.",Yes,3914,7769.41,251.17,FPQ-12477
84380,104-CI-T30,FPQ-13628,SO-47871,DN-3897,Côte d'Ivoire,PMO - US,From RDC,N/A - From RDC,Truck,1/29/14,N/A - From RDC,30-Sep-14,8-Sep-14,19-Sep-14,ARV,Pediatric,SCMS from RDC,"Lamivudine/Zidovudine 30/60mg, dispersible tablets, 60 Tabs",Lamivudine/Zidovudine,Generic,30/60mg,Chewable/dispersible tablet - FDC,60.0,697.0,1387.03,1.99,0.03,"Cipla, Goa, India",Yes,47,270.74,1.43,,,,,,,,,,,,,,,,,,,,,,,,,,
85347,,FPQ-10633,,,Côte d'Ivoire,,,,,,N/A - From RDC,,,,,,SCMS from RDC,,Lamivudine/Nevirapine/Zidovudine,Generic,150/300/200mg,,,,,,,,,,,,104-CI-T30,SO-43330,DN-3075,PMO - US,From RDC,N/A - From RDC,Truck,9/11/2012,28-Mar-13,30-Mar-13,30-Mar-13,ARV,Adult,"Lamivudine/Nevirapine/Zidovudine 150/200/300mg, tablets, 60 Tabs",Tablet - FDC,60.0,50000.0,429000.0,8.58,0.14,"Strides, Bangalore, India.",No,See DN-3075 (ID#:83129),See DN-3075 (ID#:83129),601.46,
22091,,,,,Dominican Republic,,,,,,1/15/2013,,,,,,"Orgenics, Ltd",,"HIV 1/2, Determine Complete HIV Kit",Determine,,,,,,,,,,,,,105-DO-T30,SCMS-172501,ASN-22113,PMO - US,Direct Drop,EXW,Air,12/17/2012,29-Oct-13,29-Oct-13,1-Nov-13,HRDT,HIV test,"HIV 1/2, Determine Complete HIV Kit, 100 Tests",Test kit,100.0,1775.0,163300.0,92.0,0.92,"Alere Medical Co., Ltd.",Yes,721,9165.29,202.0,FPQ-11295
64864,,,,,Ethiopia,,,,,,3/17/2015,,,,,,"CHEMBIO DIAGNOSTIC SYSTEMS, INC.",,"HIV 1/2, Stat-Pak HIV, Kit",Stat-Pak,,,,,,,,,,,,,117-ET-T30,SCMS-280480,ASN-31720,PMO - US,Direct Drop,EXW,Air,3/10/2015,27-Apr-15,27-Apr-15,27-Apr-15,HRDT,HIV test,"HIV 1/2, Stat-Pak HIV, Kit, 20 Tests",Test kit,20.0,360.0,11700.0,32.5,1.62,Chembio Diagnostics Sys. Inc.,Yes,112,1414.69,13.77,FPQ-15928
22595,,FPQ-8366,,,Côte d'Ivoire,,,,,,10/11/2011,,,,,,ABBVIE LOGISTICS (FORMERLY ABBOTT LOGISTICS BV),,Lopinavir/Ritonavir,Aluvia,200/50mg,,,,,,,,,,,,104-CI-T30,SCMS-124280,ASN-13657,PMO - US,Direct Drop,FCA,Ocean,9/5/2011,23-Mar-12,23-Mar-12,23-Mar-12,ARV,Adult,"Lopinavir/Ritonavir 200/50mg [Aluvia], tablets, 120 Tabs",Tablet,120.0,9800.0,302036.0,30.82,0.26,ABBVIE Ludwigshafen Germany,Yes,Weight Captured Separately,Invoiced Separately,498.36,
9489,,Pre-PQ Process,,,Vietnam,,,,,,11/21/2007,,,,,,SUN PHARMACEUTICAL INDUSTRIES LTD (RANBAXY LABORATORIES LIMITED),,Zidovudine,Generic,300mg,,,,,,,,,,,,108-VN-T01,SCMS-14201,ASN-1172,PMO - US,Direct Drop,EXW,Air,Pre-PQ Process,22-Jan-08,25-Jan-08,25-Jan-08,ARV,Adult,"Zidovudine 300mg, tablets, 60 Tabs",Tablet,60.0,600.0,5028.0,8.38,0.14,"Ranbaxy, Paonta Shahib, India",Yes,34,2127.22,8.04,
83124,,,,,Uganda,,,,,,N/A - From RDC,,,,,,SCMS from RDC,,Nevirapine,Generic,200mg,,,,,,,,,,,,114-UG-T30,SO-43941,DN-3069,PMO - US,From RDC,N/A - From RDC,Air,12/13/2012,25-Apr-13,25-Apr-13,25-Apr-13,ARV,Adult,"Nevirapine 200mg, tablets, 60 Tabs",Tablet,60.0,8834.0,19964.84,2.26,0.04,"Aurobindo Unit III, India",Yes,1600,8699.8,24.7,FPQ-11143
83009,,FPQ-8157,,,Mozambique,,,,,,N/A - From RDC,,,,,,SCMS from RDC,,Lamivudine/Nevirapine/Zidovudine,Generic,150/300/200mg,,,,,,,,,,,,111-MZ-T30,SO-40360,DN-2518,PMO - US,From RDC,N/A - From RDC,Truck,8/4/2011,30-Mar-12,8-Mar-12,8-Mar-12,ARV,Adult,"Lamivudine/Nevirapine/Zidovudine 150/200/300mg, tablets, 60 Tabs",Tablet - FDC,60.0,15600.0,175032.0,11.22,0.19,Mylan (formerly Matrix) Nashik,Yes,27345,20994.62,288.8,
83779,109-TZ-T30,FPQ-13042,SO-46660,DN-3613,Tanzania,PMO - US,From RDC,N/A - From RDC,Truck,10/1/13,N/A - From RDC,9-May-14,10-May-14,20-Jun-14,ARV,Adult,SCMS from RDC,"Efavirenz/Emtricitabine/Tenofovir Disoproxil Fumarate 600/200/300mg, tablets, 30 Tabs",Efavirenz/Emtricitabine/Tenofovir Disoproxil Fumarate,Generic,600/200/300mg,Tablet - FDC,30.0,206508.0,2455380.12,11.89,0.4,Mylan (formerly Matrix) Nashik,Yes,22895,13649.14,3037.31,,,,,,,,,,,,,,,,,,,,,,,,,,
15795,,FPQ-14942,,,South Africa,,,,,,11/28/2014,,,,,,PHARMACY DIRECT,,Zidovudine,Generic,300mg,,,,,,,,,,,,116-ZA-T30,SCMS-259071,ASN-29597,PMO - US,Direct Drop,DDP,Truck,9/11/2014,28-Nov-14,28-Nov-14,28-Nov-14,ARV,Adult,"Zidovudine 300mg, tablets, 60 Tabs",Tablet,60.0,12.0,216.37,18.03,0.3,"Aurobindo Unit III, India",No,Weight Captured Separately,Freight Included in Commodity Cost,0.22,
67868,,FPQ-4381,,,Côte d'Ivoire,,,,,,11/23/2009,,,,,,ABBVIE LOGISTICS (FORMERLY ABBOTT LOGISTICS BV),,Ritonavir,Norvir,100mg,,,,,,,,,,,,104-CI-T30,SCMS-57601,ASN-10179,PMO - US,Direct Drop,FCA,Air,11/5/2009,29-Apr-11,29-Apr-11,29-Apr-11,ARV,Adult,"Ritonavir 100mg [Norvir], film coated tablets, 60 Tabs",Tablet,60.0,3450.0,23632.5,6.85,0.11,ABBVIE Ludwigshafen Germany,Yes,440,4588.02,46.32,
85260,,,,,Nigeria,,,,,,N/A - From RDC,,,,,,SCMS from RDC,,Lamivudine/Tenofovir Disoproxil Fumarate,Generic,300/300mg,,,,,,,,,,,,151-NG-T30,SO-41923,DN-2651,PMO - US,From RDC,N/A - From RDC,Air Charter,3/1/2012,2-Aug-12,30-Apr-12,30-Apr-12,ARV,Adult,"Lamivudine/Tenofovir Disoproxil Fumarate 300/300mg, tablets, 30 Tabs",Tablet - FDC,30.0,39680.0,219827.2,5.54,0.18,Mylan (formerly Matrix) Nashik,Yes,3329,27441.25,308.2,FPQ-9432
85297,,FPQ-9906,,,"Congo, DRC",,,,,,N/A - From RDC,,,,,,SCMS from RDC,,Abacavir,Generic,300mg,,,,,,,,,,,,102-CD-T30,SO-42340,DN-2812,PMO - US,From RDC,N/A - From RDC,Air,5/15/2012,14-Feb-13,14-Feb-13,14-Feb-13,ARV,Adult,"Abacavir 300mg, tablets, 60 Tabs",Tablet,60.0,298.0,3862.08,12.96,0.22,Mylan (formerly Matrix) Nashik,No,See DN-2812 (ID#:83068),See DN-2812 (ID#:83068),5.41,
2476,,,,,South Africa,,,,,,4/2/2009,,,,,,S. BUYS WHOLESALER,,Ritonavir,Norvir,80mg/ml,,,,,,,,,,,,116-ZA-T01,SCMS-42250,ASN-4612,PMO - US,Direct Drop,DDP,Truck,Pre-PQ Process,31-Jul-09,8-Jun-09,8-Jun-09,ARV,Pediatric,"Ritonavir 80mg/ml [Norvir], oral solution, cool, Bottle, 90 ml",Oral solution,90.0,6.0,43.2,7.2,0.08,ABBVIE (Abbott) France,Yes,Weight Captured Separately,Freight Included in Commodity Cost,0.08,Pre-PQ Process
11235,109-TZ-T01,Pre-PQ Process,SO-2560,DN-826,Tanzania,PMO - US,From RDC,N/A - From RDC,Air,Pre-PQ Process,N/A - From RDC,29-Jul-08,29-Jul-08,29-Jul-08,ARV,Adult,SCMS from RDC,"Lamivudine/Zidovudine 150/300mg, tablets, 60 Tabs",Lamivudine/Zidovudine,Generic,150/300mg,Tablet - FDC,60.0,5809.0,54895.05,9.45,0.16,"Aurobindo Unit III, India",No,See DN-826 (ID#:10674),See DN-826 (ID#:10674),87.83,,,,,,,,,,,,,,,,,,,,,,,,,,
17447,,,,,Côte d'Ivoire,,,,,,9/2/2013,,,,,,ABBVIE LOGISTICS (FORMERLY ABBOTT LOGISTICS BV),,Lopinavir/Ritonavir,Generic,100/25mg,,,,,,,,,,,,104-CI-T30,SCMS-204990,ASN-22828,PMO - US,Direct Drop,FCA,Air,7/30/2013,29-Nov-13,29-Nov-13,2-Dec-13,ARV,Pediatric,"Lopinavir/Ritonavir 100/25mg [Aluvia], tablets, 60 Tabs",Tablet,60.0,7850.0,46629.0,5.94,0.1,ABBVIE Ludwigshafen Germany,Yes,909,6020.53,57.68,FPQ-12714
54471,151-NG-T30,FPQ-14780,SCMS-254170,ASN-32901,Nigeria,PMO - US,Direct Drop,EXW,Air,8/13/14,8/29/14,5-Aug-15,5-Aug-15,10-Aug-15,ARV,Adult,EMCURE PHARMACEUTICALS LTD,"Atazanavir/Ritonavir 300/100mg, tablets, 30 Tabs",Atazanavir/Ritonavir,Generic,300/100mg,Tablet,30.0,11440.0,205920.0,18.0,0.6,"Emcure Plot No.P-2, I.T-B.T. Park, Phase II, MIDC, Hinjwadi, Pune, India",Yes,Weight Captured Separately,Invoiced Separately,211.69,,,,,,,,,,,,,,,,,,,,,,,,,,
12235,,Pre-PQ Process,,,Mozambique,,,,,,N/A - From RDC,,,,,,SCMS from RDC,,Lamivudine/Nevirapine/Stavudine,Generic,150/200/30mg,,,,,,,,,,,,111-MZ-T01,SO-2524,DN-858,PMO - US,From RDC,N/A - From RDC,Truck,Pre-PQ Process,5-Sep-08,5-Sep-08,5-Sep-08,ARV,Adult,"Lamivudine/Nevirapine/Stavudine 150/200/30mg, tablets, 60 Tabs",Tablet - FDC,60.0,76128.0,548121.6,7.2,0.12,"Strides, Bangalore, India.",No,Weight Captured Separately,Freight Included in Commodity Cost,876.99,
85334,106-HT-T30,FPQ-11526,SO-44450,DN-3043,Haiti,PMO - US,From RDC,N/A - From RDC,Air,1/30/13,N/A - From RDC,30-Apr-13,15-Mar-13,15-Mar-13,ARV,Pediatric,SCMS from RDC,"Lamivudine/Zidovudine 30/60mg, tablets, 60 Tabs",Lamivudine/Zidovudine,Generic,30/60mg,Tablet - FDC,60.0,3024.0,6834.24,2.26,0.04,"Aurobindo Unit III, India",No,See DN-3043 (ID#:84792),See DN-3043 (ID#:84792),8.45,,,,,,,,,,,,,,,,,,,,,,,,,,
12125,105-GY-T01,Pre-PQ Process,SO-1233,DN-416,Guyana,PMO - US,From RDC,N/A - From RDC,Air,Pre-PQ Process,N/A - From RDC,7-Nov-07,7-Nov-07,7-Nov-07,ARV,Adult,SCMS from RDC,"Lamivudine/Zidovudine 150/300mg, tablets, 60 Tabs",Lamivudine/Zidovudine,Generic,150/300mg,Tablet - FDC,60.0,1848.0,17556.0,9.5,0.16,"Aurobindo Unit III, India",Yes,402,4807,28.09,,,,,,,,,,,,,,,,,,,,,,,,,,
84091,,FPQ-7217,,,Nigeria,,,,,,N/A - From RDC,,,,,,SCMS from RDC,,Nevirapine,Generic,200mg,,,,,,,,,,,,151-NG-T30,SO-39620,DN-2218,PMO - US,From RDC,N/A - From RDC,Air Charter,2/21/2011,15-Jun-11,5-Jul-11,5-Jul-11,ARV,Adult,"Nevirapine 200mg, tablets, 60 Tabs",Tablet,60.0,15508.0,38925.08,2.51,0.04,"Strides, Bangalore, India.",Yes,1107,13398.06,64.23,
86797,114-UG-T30,FPQ-15639,SO-50670,DN-4215,Uganda,PMO - US,From RDC,N/A - From RDC,Truck,12/22/14,N/A - From RDC,30-Apr-15,22-Apr-15,24-Apr-15,ARV,Adult,SCMS from RDC,"Lamivudine/Nevirapine/Zidovudine 150/200/300mg, tablets, 60 Tabs",Lamivudine/Nevirapine/Zidovudine,Generic,150/300/200mg,Tablet - FDC,60.0,21667.0,167269.24,7.72,0.13,Mylan (formerly Matrix) Nashik,No,Weight Captured Separately,Freight Included in Commodity Cost,196.88,,,,,,,,,,,,,,,,,,,,,,,,,,
65574,,,,,Haiti,,,,,,11/24/2009,,,,,,BRISTOL-MYERS SQUIBB,,Didanosine,Videx,2g,,,,,,,,,,,,106-HT-T30,SCMS-58010,ASN-5820,PMO - US,Direct Drop,CIP,Air,11/3/2009,24-Feb-10,24-Feb-10,24-Feb-10,ARV,Pediatric,"Didanosine 2g [Videx], powder for oral solution 10mg/ml, reconstitute to 200 ml",Powder for oral solution,200.0,192.0,2417.28,12.59,0.06,"BMS Meymac, France",No,Weight Captured Separately,Freight Included in Commodity Cost,5.21,FPQ-4389
85283,,FPQ-9303,,,Tanzania,,,,,,N/A - From RDC,,,,,,SCMS from RDC,,Lamivudine/Zidovudine,Generic,30/60mg,,,,,,,,,,,,109-TZ-T30,SO-41560,DN-2762,PMO - US,From RDC,N/A - From RDC,Truck,2/15/2012,4-Sep-12,22-Aug-12,22-Aug-12,ARV,Pediatric,"Lamivudine/Zidovudine 30/60mg, tablets, 60 Tabs",Tablet - FDC,60.0,38347.0,105837.72,2.76,0.05,Mylan (formerly Matrix) Nashik,Yes,1502,6900.62,148.38,
12270,,,,,Côte d'Ivoire,,,,,,N/A - From RDC,,,,,,SCMS from RDC,,Lopinavir/Ritonavir,Kaletra,80/20mg/ml,,,,,,,,,,,,104-CI-T01,SO-970,DN-1163,PMO - US,From RDC,N/A - From RDC,Air,Pre-PQ Process,23-Mar-09,23-Mar-09,23-Mar-09,ARV,Pediatric,"Lopinavir/Ritonavir 80/20mg/ml [Kaletra], oral solution, cool, Bottle 5 x 60 ml",Oral solution,300.0,126.0,5178.6,41.1,0.14,ABBVIE (Abbott) Logis. UK,No,See DN-1163 (ID#:11030),See DN-1163 (ID#:11030),10.15,Pre-PQ Process
40443,,FPQ-15292,,,Vietnam,,,,,,12/18/2014,,,,,,ABBVIE LOGISTICS (FORMERLY ABBOTT LOGISTICS BV),,Ritonavir,Norvir,100mg,,,,,,,,,,,,108-VN-T30,SCMS-268410,ASN-30672,PMO - US,Direct Drop,FCA,Air,12/5/2014,19-Mar-15,19-Mar-15,19-Mar-15,ARV,Adult,"Ritonavir 100mg [Norvir], film coated tablets, 30 Tabs",Tablet,30.0,128.0,2977.28,23.26,0.78,ABBVIE Ludwigshafen Germany,Yes,1232,2769.45,3.5,
3552,,Pre-PQ Process,,,Guyana,,,,,,12/11/2008,,,,,,"Orgenics, Ltd",,"HIV 1/2, Determine Complete HIV Kit",Determine,,,,,,,,,,,,,102-GY-T01,SCMS-35570,ASN-3511,PMO - US,Direct Drop,EXW,Air,Pre-PQ Process,17-Mar-09,17-Mar-09,17-Mar-09,HRDT,HIV test,"HIV 1/2, Determine Complete HIV Kit, 100 Tests",Test kit,100.0,213.0,15336.0,72.0,0.72,Inverness Japan,Yes,64,1083.36,30.06,
82285,,FPQ-4473,,,Mozambique,,,,,,N/A - From RDC,,,,,,SCMS from RDC,,Tenofovir Disoproxil Fumarate,Generic,300mg,,,,,,,,,,,,111-MZ-T30,SO-26422,DN-1608,PMO - US,From RDC,N/A - From RDC,Truck,2/26/2009,31-Mar-10,24-Mar-10,24-Mar-10,ARV,Adult,"Tenofovir Disoproxil Fumarate 300mg, tablets, 30 Tabs",Tablet,30.0,3040.0,25931.2,8.53,0.28,Mylan (formerly Matrix) Nashik,Yes,163,1236.13,50.83,
64208,108-VN-T30,FPQ-16194,SCMS-285500,ASN-33269,Vietnam,PMO - US,Direct Drop,EXW,Air,4/14/15,5/13/15,3-Sep-15,3-Sep-15,3-Sep-15,ARV,Adult,HETERO LABS LIMITED,"Efavirenz/Lamivudine/Tenofovir Disoproxil Fumarate 600/300/300mg, tablets, 30 Tabs",Efavirenz/Lamivudine/Tenofovir Disoproxil Fumarate,Generic,600/300/300mg,Tablet - FDC,30.0,13736.0,130492.0,9.5,0.32,Hetero Unit III Hyderabad IN,No,See ASN-33269 (ID#:25323),See ASN-33269 (ID#:25323),153.59,,,,,,,,,,,,,,,,,,,,,,,,,,
76459,161-ZA-T30,FPQ-6262,SCMS-83770,ASN-10253,South Africa,PMO - US,Direct Drop,DDP,Ocean,8/31/10,9/24/10,26-Apr-11,26-May-11,26-May-11,ARV,Adult,Aurobindo Pharma Limited,"Efavirenz 600mg, tablets, 30 Tabs",Efavirenz,Generic,600mg,Tablet,30.0,96721.0,438146.13,4.53,0.15,"Aurobindo Unit III, India",Yes,Weight Captured Separately,Freight Included in Commodity Cost,944.64,,,,,,,,,,,,,,,,,,,,,,,,,,
11995,,Pre-PQ Process,,,Zambia,,,,,,N/A - From RDC,,,,,,SCMS from RDC,,Efavirenz,Generic,600mg,,,,,,,,,,,,110-ZM-T01,SO-29050,DN-1327,PMO - US,From RDC,N/A - From RDC,Truck,Date Not Captured,4-Sep-09,4-Sep-09,4-Sep-09,ARV,Adult,"Efavirenz 600mg, tablets, 30 Tabs",Tablet,30.0,120000.0,960000.0,8.0,0.27,Mylan (formerly Matrix) Nashik,Yes,9022,4506.18,1881.6,
66123,161-ZA-T30,FPQ-6262,SCMS-84210,ASN-10109,South Africa,PMO - US,Direct Drop,DDP,Ocean,8/31/10,9/21/10,5-Apr-11,5-May-11,5-May-11,ARV,Adult,CIPLA LIMITED,"Nevirapine 200mg, tablets, 60 Tabs",Nevirapine,Generic,200mg,Tablet,60.0,48446.0,135164.34,2.79,0.05,"Cipla, Goa, India",Yes,Weight Captured Separately,Freight Included in Commodity Cost,291.41,,,,,,,,,,,,,,,,,,,,,,,,,,
85596,,,,,Nigeria,,,,,,N/A - From RDC,,,,,,SCMS from RDC,,Lamivudine/Nevirapine/Zidovudine,Generic,150/300/200mg,,,,,,,,,,,,151-NG-T30,SO-49935,DN-4260,PMO - US,From RDC,N/A - From RDC,Air Charter,9/19/2014,30-Jun-15,28-Apr-15,29-Apr-15,ARV,Adult,"Lamivudine/Nevirapine/Zidovudine 150/200/300mg, tablets, 60 Tabs",Tablet - FDC,60.0,234519.0,1810486.68,7.72,0.13,"Cipla, Goa, India",Yes,51833,107573.94,1861.18,FPQ-14989
28998,108-VN-T30,FPQ-11418,SCMS-176140,ASN-19490,Vietnam,PMO - US,Direct Drop,FCA,Air,1/29/13,2/11/13,3-Jun-13,3-Jun-13,3-Jun-13,ARV,Adult,ABBVIE LOGISTICS (FORMERLY ABBOTT LOGISTICS BV),"Lopinavir/Ritonavir 200/50mg [Aluvia], tablets, 120 Tabs",Lopinavir/Ritonavir,Aluvia,200/50mg,Tablet,120.0,3885.0,236285.7,60.82,0.51,ABBVIE Ludwigshafen Germany,Yes,930,8303.48,292.29,,,,,,,,,,,,,,,,,,,,,,,,,,
82535,104-CI-T30,FPQ-10626,SO-43270,DN-2974,Côte d'Ivoire,PMO - US,From RDC,N/A - From RDC,Truck,9/6/12,N/A - From RDC,10-Jan-13,27-Dec-12,27-Dec-12,ARV,Adult,SCMS from RDC,"Lamivudine/Tenofovir Disoproxil Fumarate 300/300mg, tablets, 30 Tabs",Lamivudine/Tenofovir Disoproxil Fumarate,Generic,300/300mg,Tablet - FDC,30.0,9767.0,52351.12,5.36,0.18,"Cipla, Kurkumbh, India",Yes,852,3026.61,73.4,,,,,,,,,,,,,,,,,,,,,,,,,,
54465,,,,,Mozambique,,,,,,11/6/2012,,,,,,"Orgenics, Ltd",,"HIV 1/2, Determine Complete HIV Kit",Determine,,,,,,,,,,,,,111-MZ-T30,SCMS-164000,ASN-18531,PMO - US,Direct Drop,EXW,Air,10/18/2012,20-Mar-13,20-Mar-13,20-Mar-13,HRDT,HIV test,"HIV 1/2, Determine Complete HIV Kit, 100 Tests",Test kit,100.0,2928.0,234240.0,80.0,0.8,"Alere Medical Co., Ltd.",Yes,1325,13303.36,289.75,FPQ-10880
84981,110-ZM-T30,FPQ-14575,SO-49281,DN-3943,Zambia,PMO - US,From RDC,N/A - From RDC,Truck,7/11/14,N/A - From RDC,30-Nov-14,23-Sep-14,17-Oct-14,ARV,Pediatric,SCMS from RDC,"Nevirapine 10mg/ml, oral suspension w/syringe, Bottle, 240 ml",Nevirapine,Generic,10mg/ml,Oral suspension,240.0,10000.0,13000.0,1.3,0.01,"Aurobindo Unit III, India",Yes,3731,4329.61,13.36,,,,,,,,,,,,,,,,,,,,,,,,,,
1889,107-RW-T01,Pre-PQ Process,SCMS-25520,ASN-2080,Rwanda,PMO - US,Direct Drop,CIP,Air,Pre-PQ Process,6/13/08,23-Jul-08,23-Jul-08,23-Jul-08,ARV,Adult,Aurobindo Pharma Limited,"Lamivudine/Nevirapine/Zidovudine 150/200/300mg, tablets, 60 Tabs",Lamivudine/Nevirapine/Zidovudine,Generic,150/300/200mg,Tablet - FDC,60.0,61021.0,725539.69,11.89,0.2,"Aurobindo Unit III, India",Yes,6768,38120.96,1160.86,,,,,,,,,,,,,,,,,,,,,,,,,,
4567,109-TZ-T01,Pre-PQ Process,SCMS-23611,ASN-2727,Tanzania,PMO - US,Direct Drop,CIP,Air,Pre-PQ Process,5/15/08,3-Nov-08,3-Nov-08,3-Nov-08,ARV,Adult,BRISTOL-MYERS SQUIBB,"Didanosine EC 400mg [Videx EC], delayed-release capsules, Blister 3 x 10 Caps",Didanosine EC,Videx EC,400mg,Delayed-release capsules - blister,30.0,2597.0,61470.99,23.67,0.79,"BMS Meymac, France",Yes,Weight Captured Separately,Freight Included in Commodity Cost,120.48,,,,,,,,,,,,,,,,,,,,,,,,,,
42655,102-KE-T30,FPQ-4591,SCMS-58381,ASN-7200,Kenya,PMO - US,Direct Drop,EXW,Air,11/18/09,12/2/09,7-Jul-10,8-Jul-10,8-Jul-10,HRDT,HIV test,"Orgenics, Ltd","HIV 1/2, Determine Complete HIV Kit, 100 Tests","HIV 1/2, Determine Complete HIV Kit",Determine,,Test kit,100.0,6636.0,530880.0,80.0,0.8,Inverness Japan,Yes,1036,11163.27,1144.58,,,,,,,,,,,,,,,,,,,,,,,,,,
84049,,FPQ-5688,,,Nigeria,,,,,,N/A - From RDC,,,,,,SCMS from RDC,,Lamivudine/Nevirapine/Stavudine,Generic,150/200/30mg,,,,,,,,,,,,151-NG-T30,SO-37500,DN-2025,PMO - US,From RDC,N/A - From RDC,Air,5/27/2010,22-Oct-10,10-Nov-10,10-Nov-10,ARV,Adult,"Lamivudine/Nevirapine/Stavudine 150/200/30mg, tablets, 60 Tabs",Tablet - FDC,60.0,2000.0,11460.0,5.73,0.1,"Cipla, Goa, India",No,See DN-2025 (ID#:83460),See DN-2025 (ID#:83460),24.71,
26558,,,,,Nigeria,,,,,,6/21/2011,,,,,,IDA FOUNDATION,,Sulfadoxine/Pyrimethamine,Generic,500/25mg,,,,,,,,,,,,123-NG-T30,SCMS-111230,ASN-11793,PMO - US,Direct Drop,EXW,Air,5/31/2011,13-Sep-11,13-Sep-11,13-Sep-11,ANTM,Malaria,"Sulfadoxine/Pyrimethamine 500/25mg, tablets, Blister 10 x 3 Tabs",Tablet - FDC + blister,30.0,300.0,330.0,1.1,0.04,"Remedica, Limassol, Cyprus",Yes,13,365.48,0.54,FPQ-7742
4311,,,,,Côte d'Ivoire,,,,,,2/29/2008,,,,,,"Orgenics, Ltd",,"HIV 1/2, Determine HIV Kit, without Lancets",Determine,,,,,,,,,,,,,104-CI-T01,SCMS-18460,ASN-2449,PMO - US,Direct Drop,EXW,Air,Pre-PQ Process,26-Sep-08,26-Sep-08,26-Sep-08,HRDT,HIV test,"HIV 1/2, Determine HIV Kit, without Lancets, 100 Tests",Test kit,100.0,1116.0,78120.0,70.0,0.7,Inverness Japan,Yes,256,4014.57,124.99,Pre-PQ Process
15738,,,,,Vietnam,,,,,,3/4/2015,,,,,,ABBVIE LOGISTICS (FORMERLY ABBOTT LOGISTICS BV),,Ritonavir,Norvir,100mg,,,,,,,,,,,,108-VN-T30,SCMS-277340,ASN-32255,PMO - US,Direct Drop,FCA,Air,2/13/2015,15-Jul-15,15-Jul-15,15-Jul-15,ARV,Adult,"Ritonavir 100mg [Norvir], film coated tablets, 30 Tabs",Tablet,30.0,400.0,9304.0,23.26,0.78,ABBVIE Ludwigshafen Germany,Yes,40,642.45,10.95,FPQ-15823
33701,,FPQ-13035,,,South Africa,,,,,,12/2/2013,,,,,,S. BUYS WHOLESALER,,Stavudine,Zerit,20mg,,,,,,,,,,,,116-ZA-T30,SCMS-215370,ASN-24415,PMO - US,Direct Drop,DDP,Truck,10/8/2013,6-Feb-14,6-Feb-14,6-Feb-14,ARV,Adult,"Stavudine 20mg [Zerit], capsules, 60 Caps",Capsule,60.0,8.0,38.34,4.79,0.08,Bristol-Myers Squibb Anagni IT,No,Weight Captured Separately,Freight Included in Commodity Cost,0.05,
10979,113-ZW-T01,Pre-PQ Process,SO-2502,DN-813,Zimbabwe,PMO - US,From RDC,N/A - From RDC,Truck,Pre-PQ Process,N/A - From RDC,26-Jul-08,26-Jul-08,26-Jul-08,ARV,Adult,SCMS from RDC,"Lamivudine/Nevirapine/Stavudine 150/200/30mg, tablets, 60 Tabs",Lamivudine/Nevirapine/Stavudine,Generic,150/200/30mg,Tablet - FDC,60.0,66268.0,490383.2,7.4,0.12,"Cipla, Goa, India",Yes,6606,22666.98,784.61,,,,,,,,,,,,,,,,,,,,,,,,,,
86003,,,,,Rwanda,,,,,,N/A - From RDC,,,,,,SCMS from RDC,,Abacavir/Lamivudine,Generic,600/300mg,,,,,,,,,,,,107-RW-T30,SO-46470,DN-3351,PMO - US,From RDC,N/A - From RDC,Air,8/2/2013,31-Oct-13,24-Oct-13,19-Nov-13,ARV,Adult,"Abacavir/Lamivudine 600/300mg, scored tablets, 30 Tabs",Tablet - FDC,30.0,3316.0,44832.32,13.52,0.45,Mylan (formerly Matrix) Nashik,Yes,292,2593.56,55.46,FPQ-12766
28031,,,,,Vietnam,,,,,,2/10/2010,,,,,,Aurobindo Pharma Limited,,Didanosine,Generic,250mg,,,,,,,,,,,,108-VN-T30,SCMS-65040,ASN-6209,PMO - US,Direct Drop,EXW,Air,2/10/2010,30-Mar-10,30-Mar-10,30-Mar-10,ARV,Adult,"Didanosine 250mg, delayed-release capsules, 30 Caps",Delayed-release capsules,30.0,84.0,1092.0,13.0,0.43,"Aurobindo Unit III, India",Yes,6,363.96,2.35,FPQ-5066
23842,,FPQ-12522,,,South Africa,,,,,,8/29/2014,,,,,,S. BUYS WHOLESALER,,Lopinavir/Ritonavir,Aluvia,200/50mg,,,,,,,,,,,,116-ZA-T30,SCMS-199289,ASN-28034,PMO - US,Direct Drop,DDP,Truck,7/11/2013,29-Aug-14,29-Aug-14,29-Aug-14,ARV,Adult,"Lopinavir/Ritonavir 200/50mg [Aluvia], tablets, 120 Tabs",Tablet,120.0,101.0,2601.73,25.76,0.21,ABBVIE Ludwigshafen Germany,No,Weight Captured Separately,Freight Included in Commodity Cost,3.22,
17944,161-ZA-T30,FPQ-5303,SCMS-68720,ASN-7538,South Africa,PMO - US,Direct Drop,DDP,Air,3/18/10,3/19/10,19-Jul-10,29-Jul-10,29-Jul-10,ARV,Adult,CIPLA LIMITED,"Tenofovir Disoproxil Fumarate 300mg, tablets, 30 Tabs",Tenofovir Disoproxil Fumarate,Generic,300mg,Tablet,30.0,47625.0,372427.5,7.82,0.26,"Cipla, Goa, India",Yes,3243,1881.24,802.95,,,,,,,,,,,,,,,,,,,,,,,,,,
12247,,Pre-PQ Process,,,Haiti,,,,,,N/A - From RDC,,,,,,SCMS from RDC,,Stavudine,Generic,20mg,,,,,,,,,,,,106-HT-T01,SO-15930,DN-944,PMO - US,From RDC,N/A - From RDC,Air,Pre-PQ Process,4-Nov-08,4-Nov-08,4-Nov-08,ARV,Adult,"Stavudine 20mg, capsules, 60 Caps",Capsule,60.0,500.0,875.0,1.75,0.03,"Aurobindo Unit III, India",No,See DN-944 (ID#:11012),See DN-944 (ID#:11012),1.72,
83687,151-NG-T30,FPQ-11022,SO-43852,DN-3173,Nigeria,PMO - US,From RDC,N/A - From RDC,Air Charter,11/15/12,N/A - From RDC,4-Jun-13,10-May-13,10-May-13,ARV,Adult,SCMS from RDC,"Efavirenz 600mg, tablets, 30 Tabs",Efavirenz,Generic,600mg,Tablet,30.0,36390.0,121178.7,3.33,0.11,"Aurobindo Unit III, India",Yes,17455,20666.07,149.9,,,,,,,,,,,,,,,,,,,,,,,,,,
34103,,,,,Haiti,,,,,,2/19/2014,,,,,,"SHANGHAI KEHUA BIOENGINEERING CO.,LTD.  (KHB)",,"HIV 1/2, Colloidal Gold, Diagnostic Kit, Antibody",Colloidal Gold,,,,,,,,,,,,,106-HT-T30,SCMS-225422,ASN-27237,PMO - US,Direct Drop,EXW,Air,1/21/2014,28-Aug-14,28-Aug-14,28-Aug-14,HRDT,HIV test,"HIV 1/2, SKB Colloidal Gold, Diagnostic Kit, Antibody, 50 Tests",Test kit,1.0,450.0,11025.0,24.5,24.5,"KHB Test Kit Facility, Shanghai China",Yes,300,3446.68,11.33,FPQ-13494
66073,161-ZA-T30,FPQ-7400,SCMS-104220,ASN-12743,South Africa,PMO - US,Direct Drop,DDP,Ocean,3/11/11,3/30/11,9-Jan-12,9-Jan-12,9-Jan-12,ARV,Pediatric,GLAXOSMITHKLINE EXPORT LIMITED,"Abacavir 20mg/ml [Ziagen], oral solution, Bottle, 240 ml",Abacavir,Ziagen,20mg/ml,Oral solution,240.0,2244.0,20824.32,9.28,0.04,GSK Mississauga (Canada),Yes,870,3755.91,34.36,,,,,,,,,,,,,,,,,,,,,,,,,,
85254,,FPQ-8476,,,Zambia,,,,,,N/A - From RDC,,,,,,SCMS from RDC,,Zidovudine,Generic,300mg,,,,,,,,,,,,110-ZM-T30,SO-40955,DN-2624,PMO - US,From RDC,N/A - From RDC,Truck,9/27/2011,15-May-12,30-Apr-12,30-Apr-12,ARV,Adult,"Zidovudine 300mg, tablets, 60 Tabs",Tablet,60.0,136109.0,955485.18,7.02,0.12,Hetero Unit III Hyderabad IN,No,See DN-2624 (ID#:83584),See DN-2624 (ID#:83584),1576.55,
69659,,FPQ-14083,,,Haiti,,,,,,7/31/2014,,,,,,MYLAN LABORATORIES LTD (FORMERLY MATRIX LABORATORIES),,Lamivudine/Nevirapine/Zidovudine,Generic,30/50/60mg,,,,,,,,,,,,106-HT-T30,SCMS-240202,ASN-28246,PMO - US,Direct Drop,EXW,Ocean,5/11/2014,17-Nov-14,17-Nov-14,17-Nov-14,ARV,Pediatric,"Lamivudine/Nevirapine/Zidovudine 30/50/60mg, dispersible tablets, 60 Tabs",Chewable/dispersible tablet - FDC,60.0,1152.0,4147.2,3.6,0.06,Mylan (formerly Matrix) Nashik,No,See ASN-28246 (ID#:33379),See ASN-28246 (ID#:33379),4.26,
82907,,FPQ-5967,,,Ethiopia,,,,,,N/A - From RDC,,,,,,SCMS from RDC,,Lamivudine/Nevirapine/Stavudine,Generic,150/200/30mg,,,,,,,,,,,,117-ET-T30,SO-37102,DN-1952,PMO - US,From RDC,N/A - From RDC,Air,6/28/2010,21-Sep-10,14-Jul-10,14-Jul-10,ARV,Adult,"Lamivudine/Nevirapine/Stavudine 150/200/30mg, tablets, 60 Tabs",Tablet - FDC,60.0,561.0,3214.53,5.73,0.1,"Cipla, Goa, India",Yes,341,114.22,6.93,
5815,,Pre-PQ Process,,,Haiti,,,,,,5/20/2008,,,,,,"Trinity Biotech, Plc",,"HIV 1/2, Capillus HIV Kit",Capillus,,,,,,,,,,,,,106-HT-T01,SCMS-23800,ASN-2257,PMO - US,Direct Drop,EXW,Air,Pre-PQ Process,22-Aug-08,22-Aug-08,22-Aug-08,HRDT,HIV test,"HIV 1/2, Capillus HIV Kit, 100 Tests",Test kit,100.0,121.0,16819.0,139.0,1.39,"Trinity Biotech, Plc",Yes,100,1372.85,26.91,
10908,,Pre-PQ Process,,,Uganda,,,,,,N/A - From RDC,,,,,,SCMS from RDC,,Emtricitabine/Tenofovir Disoproxil Fumarate,Truvada,300/200mg,,,,,,,,,,,,114-UG-T01,SO-1300,DN-435,PMO - US,From RDC,N/A - From RDC,Air,Pre-PQ Process,10-Dec-07,10-Dec-07,10-Dec-07,ARV,Adult,"Emtricitabine/Tenofovir Disoproxil Fumarate 200/300mg [Truvada], tablets, 30 Tabs",Tablet - FDC,30.0,42.0,1102.5,26.25,0.88,Gilead(Nycomed) Oranienburg DE,Yes,464,3393,1.76,
21953,,FPQ-11382,,,South Sudan,,,,,,1/22/2013,,,,,,"Trinity Biotech, Plc",,"HIV 1/2, Uni-Gold HIV Kit",Uni-Gold,,,,,,,,,,,,,103-SS-T30,SCMS-173320,ASN-18203,PMO - US,Direct Drop,EXW,Air,1/4/2013,27-Mar-13,27-Mar-13,27-Mar-13,HRDT,HIV test,"HIV 1/2, Uni-Gold HIV Kit, 20 Tests",Test kit,20.0,324.0,10368.0,32.0,1.6,"Trinity Biotech, Plc",Yes,107,2231.97,12.83,
11594,,,,,Uganda,,,,,,N/A - From RDC,,,,,,SCMS from RDC,,Lamivudine/Nevirapine/Zidovudine,Generic,150/300/200mg,,,,,,,,,,,,114-UG-T01,SO-17440,DN-969,PMO - US,From RDC,N/A - From RDC,Air,Pre-PQ Process,4-Nov-08,4-Nov-08,4-Nov-08,ARV,Adult,"Lamivudine/Nevirapine/Zidovudine 150/200/300mg, tablets, 60 Tabs",Tablet - FDC,60.0,5919.0,69844.2,11.8,0.2,"Aurobindo Unit III, India",No,See DN-969 (ID#:11593),See DN-969 (ID#:11593),136.89,Pre-PQ Process
47221,,FPQ-15569,,,South Sudan,,,,,,2/20/2015,,,,,,"Trinity Biotech, Plc",,"HIV 1/2, Uni-Gold HIV Kit",Uni-Gold,,,,,,,,,,,,,105-SS-T30,SCMS-272140,ASN-31129,PMO - US,Direct Drop,EXW,Air,12/29/2014,8-May-15,8-May-15,11-May-15,HRDT,HIV test,"HIV 1/2, Uni-Gold HIV Kit, 20 Tests",Test kit,20.0,10.0,320.0,32.0,1.6,"Trinity Biotech, Plc",No,See ASN-31129 (ID#:40205),See ASN-31129 (ID#:40205),0.38,
49150,,,,,Ethiopia,,,,,,1/23/2012,,,,,,"CHEMBIO DIAGNOSTIC SYSTEMS, INC.",,"HIV 1/2, Stat-Pak HIV, Kit",Stat-Pak,,,,,,,,,,,,,117-ET-T30,SCMS-133370,ASN-14783,PMO - US,Direct Drop,EXW,Air,1/5/2012,9-May-12,9-May-12,9-May-12,HRDT,HIV test,"HIV 1/2, Stat-Pak HIV, Kit, 20 Tests",Test kit,20.0,44.0,1276.0,29.0,1.45,Chembio Diagnostics Sys. Inc.,Yes,Weight Captured Separately,Invoiced Separately,1.79,FPQ-9096
11868,110-ZM-T01,Pre-PQ Process,SO-2488,DN-767,Zambia,PMO - US,From RDC,N/A - From RDC,Truck,Pre-PQ Process,N/A - From RDC,17-Jun-08,17-Jun-08,17-Jun-08,ARV,Adult,SCMS from RDC,"Nevirapine 200mg, tablets, 60 Tabs",Nevirapine,Generic,200mg,Tablet,60.0,55560.0,188904.0,3.4,0.06,Hetero Unit III Hyderabad IN,Yes,3224,4217.45,302.25,,,,,,,,,,,,,,,,,,,,,,,,,,
82872,,,,,Nigeria,,,,,,N/A - From RDC,,,,,,SCMS from RDC,,Zidovudine,Generic,300mg,,,,,,,,,,,,151-NG-T30,SO-35092,DN-1695,PMO - US,From RDC,N/A - From RDC,Air Charter,11/6/2009,19-Apr-10,31-Mar-10,31-Mar-10,ARV,Adult,"Zidovudine 300mg, tablets, 60 Tabs",Tablet,60.0,1500.0,11250.0,7.5,0.12,Mylan (formerly Matrix) Nashik,Yes,120,Freight Included in Commodity Cost,24.26,FPQ-4537
3354,,Pre-PQ Process,,,Ethiopia,,,,,,8/22/2008,,,,,,"SHANGHAI KEHUA BIOENGINEERING CO.,LTD.  (KHB)",,"HIV 1/2, Colloidal Gold, Diagnostic Kit, Antibody",Colloidal Gold,,,,,,,,,,,,,117-ET-T01,SCMS-28690,ASN-2840,PMO - US,Direct Drop,EXW,Air,Pre-PQ Process,17-Nov-08,17-Nov-08,17-Nov-08,HRDT,HIV test,"HIV 1/2, SKB Colloidal Gold, Diagnostic Kit, Antibody, 50 Tests",Test kit,1.0,6998.0,160954.0,23.0,23.0,"KHB Test Kit Facility, Shanghai China",Yes,4913,46117.09,315.47,
83028,,FPQ-8364,,,Nigeria,,,,,,N/A - From RDC,,,,,,SCMS from RDC,,Lamivudine/Nevirapine/Zidovudine,Generic,150/300/200mg,,,,,,,,,,,,151-NG-T30,SO-40660,DN-2630,PMO - US,From RDC,N/A - From RDC,Air Charter,8/29/2011,20-May-12,30-Apr-12,30-Apr-12,ARV,Adult,"Lamivudine/Nevirapine/Zidovudine 150/200/300mg, tablets, 60 Tabs",Tablet - FDC,60.0,48821.0,547771.62,11.22,0.19,Mylan (formerly Matrix) Nashik,Yes,6949,27441.22,903.82,
84832,,,,,Côte d'Ivoire,,,,,,N/A - From RDC,,,,,,SCMS from RDC,,Tenofovir Disoproxil Fumarate,Generic,300mg,,,,,,,,,,,,104-CI-T30,SO-44120,DN-3246,PMO - US,From RDC,N/A - From RDC,Truck,12/14/2012,1-Aug-13,23-Jul-13,23-Jul-13,ARV,Adult,"Tenofovir Disoproxil Fumarate 300mg, tablets, 30 Tabs",Tablet,30.0,3000.0,12120.0,4.04,0.13,Mylan (formerly Matrix) Nashik,Yes,188,1478.35,14.99,FPQ-11254
12610,,Pre-PQ Process,,,Tanzania,,,,,,N/A - From RDC,,,,,,SCMS from RDC,,Tenofovir Disoproxil Fumarate,Viread,300mg,,,,,,,,,,,,109-TZ-T01,SO-18750,DN-1431,PMO - US,From RDC,N/A - From RDC,Truck,Date Not Captured,25-Sep-09,25-Sep-09,25-Sep-09,ARV,Adult,"Tenofovir Disoproxil Fumarate 300mg [Viread], tablets, 30 Tabs",Tablet,30.0,536.0,9112.0,17.0,0.57,"Aspen-OSD, Port Elizabeth, SA",Yes,41,2233.61,17.86,
18862,,,,,Haiti,,,,,,5/21/2013,,,,,,"Orgenics, Ltd",,"HIV 1/2, Determine Complete HIV Kit",Determine,,,,,,,,,,,,,106-HT-T30,SCMS-189141,ASN-21848,PMO - US,Direct Drop,EXW,Air,4/26/2013,11-Nov-13,11-Nov-13,13-Nov-13,HRDT,HIV test,"HIV 1/2, Determine Complete HIV Kit, 100 Tests",Test kit,100.0,4000.0,400000.0,100.0,1.0,"Alere Medical Co., Ltd.",Yes,1624,16994.9,494.8,FPQ-12041
85243,,,,,Zambia,,,,,,N/A - From RDC,,,,,,SCMS from RDC,,Emtricitabine/Tenofovir Disoproxil Fumarate,Generic,200/300mg,,,,,,,,,,,,110-ZM-T30,SO-40952,DN-2587,PMO - US,From RDC,N/A - From RDC,Truck,9/27/2011,15-May-12,27-Feb-12,27-Feb-12,ARV,Adult,"Emtricitabine/Tenofovir Disoproxil Fumarate 200/300mg, tablets, 30 Tabs",Tablet - FDC,30.0,54850.0,492004.5,8.97,0.3,Mylan (formerly Matrix) Nashik,Yes,2236,5447.21,811.81,FPQ-8476
18708,,FPQ-13939,,,Zimbabwe,,,,,,5/26/2014,,,,,,Aurobindo Pharma Limited,,Lamivudine/Tenofovir Disoproxil Fumarate,Generic,300/300mg,,,,,,,,,,,,113-ZW-T30,SCMS-240580,ASN-27034,PMO - US,Direct Drop,EXW,Air Charter,4/1/2014,23-Jul-14,23-Jul-14,29-Jul-14,ARV,Adult,"Lamivudine/Tenofovir Disoproxil Fumarate 300/300mg, tablets, 30 Tabs",Tablet - FDC,30.0,35955.0,167190.75,4.65,0.16,"Aurobindo Unit VII, IN",Yes,3520,23014.35,171.87,
9366,,Pre-PQ Process,,,Vietnam,,,,,,7/4/2007,,,,,,Aurobindo Pharma Limited,,Didanosine,Generic,100mg,,,,,,,,,,,,108-VN-T01,SCMS-10980,ASN-1016,PMO - US,Direct Drop,EXW,Air,Pre-PQ Process,6-Dec-07,6-Dec-07,6-Dec-07,ARV,Pediatric,"Didanosine 100mg, chewable/dispersible tablets, 60 Tabs",Chewable/dispersible tablet,60.0,1300.0,10075.0,7.75,0.13,"Aurobindo Unit III, India",Yes,270,3850.43,16.12,
69202,101-CD-T30,FPQ-14722,SCMS-253310,ASN-29481,"Congo, DRC",PMO - US,Direct Drop,EXW,Air,8/11/14,8/27/14,19-May-15,19-May-15,26-May-15,HRDT,HIV test,"Orgenics, Ltd","HIV 1/2, DoubleCheck Gold Kit, 20 Tests","HIV 1/2, DoubleCheck Gold Kit",DoubleCheck,,Test kit,20.0,540.0,19720.8,36.52,1.83,"Alere Medical Co., Ltd.",Yes,Weight Captured Separately,Invoiced Separately,20.27,,,,,,,,,,,,,,,,,,,,,,,,,,
30942,161-ZA-T30,FPQ-5648,SCMS-75480,ASN-8380,South Africa,PMO - US,Direct Drop,DDP,Air,6/2/10,6/17/10,13-Dec-10,13-Dec-10,13-Dec-10,ARV,Pediatric,Aurobindo Pharma Limited,"Nevirapine 10mg/ml, oral suspension w/syringe, Bottle, 240 ml",Nevirapine,Generic,10mg/ml,Oral suspension,240.0,9630.0,30334.5,3.15,0.01,"Aurobindo Unit III, India",Yes,3732,4876.34,65.4,,,,,,,,,,,,,,,,,,,,,,,,,,
49694,,,,,South Africa,,,,,,9/24/2010,,,,,,Aurobindo Pharma Limited,,Zidovudine,Generic,300mg,,,,,,,,,,,,161-ZA-T30,SCMS-83770,ASN-9935,PMO - US,Direct Drop,DDP,Ocean,8/31/2010,7-Apr-11,7-Apr-11,7-Apr-11,ARV,Adult,"Zidovudine 300mg, tablets, 60 Tabs",Tablet,60.0,70030.0,513319.9,7.33,0.12,"Aurobindo Unit III, India",Yes,3534,17919.41,1106.72,FPQ-6262
61715,107-RW-T30,FPQ-8741,SCMS-129500,ASN-15287,Rwanda,PMO - US,Direct Drop,EXW,Air,11/30/11,3/14/12,29-Jun-12,29-Jun-12,29-Jun-12,ARV,Pediatric,CIPLA LIMITED,"Abacavir 20mg/ml, oral solution, Bottle, 240 ml",Abacavir,Generic,20mg/ml,Oral solution,240.0,4192.0,35632.0,8.5,0.04,"Cipla, Goa, India",Yes,1514,6072.8,49.96,,,,,,,,,,,,,,,,,,,,,,,,,,
10613,,,,,Ethiopia,,,,,,N/A - From RDC,,,,,,SCMS from RDC,,Zidovudine,Generic,10mg/ml,,,,,,,,,,,,117-ET-T01,SO-914,DN-332,PMO - US,From RDC,N/A - From RDC,,Pre-PQ Process,4-Sep-07,4-Sep-07,4-Sep-07,ARV,Pediatric,"Zidovudine 10mg/ml, oral solution, Bottle, 240 ml",Oral solution,240.0,13850.0,29777.5,2.15,0.01,"Aurobindo Unit III, India",Yes,35216,88801,47.64,Pre-PQ Process
61436,,,,,Uganda,,,,,,7/28/2015,,,,,,STRIDES ARCOLAB LIMITED,,Efavirenz,Generic,600mg,,,,,,,,,,,,114-UG-T30,SCMS-295010,ASN-33776,PMO - US,Direct Drop,EXW,Air,7/6/2015,28-Aug-15,28-Aug-15,31-Aug-15,ARV,Adult,"Efavirenz 600mg, tablets, 30 Tabs",Tablet,30.0,61751.0,194515.65,3.15,0.1,"Strides, Bangalore, India.",Yes,Weight Captured Separately,Invoiced Separately,228.94,FPQ-16569
10667,,,,,Côte d'Ivoire,,,,,,N/A - From RDC,,,,,,SCMS from RDC,,Stavudine,Generic,1mg/ml,,,,,,,,,,,,104-CI-T01,SO-1679,DN-581,PMO - US,From RDC,N/A - From RDC,Air,Pre-PQ Process,5-Feb-08,5-Feb-08,5-Feb-08,ARV,Pediatric,"Stavudine 1mg/ml, powder for oral solution, 200 ml",Oral solution,200.0,5900.0,8260.0,1.4,0.01,"Aurobindo Unit III, India",Yes,2093,5962.31,13.22,Pre-PQ Process
83158,111-MZ-T30,FPQ-11884,SO-44864,DN-3302,Mozambique,PMO - US,From RDC,N/A - From RDC,Truck,3/19/13,N/A - From RDC,30-Sep-13,12-Oct-13,27-Nov-13,ARV,Adult,SCMS from RDC,"Tenofovir Disoproxil Fumarate 300mg, tablets, 30 Tabs",Tenofovir Disoproxil Fumarate,Generic,300mg,Tablet,30.0,1000.0,4040.0,4.04,0.13,Mylan (formerly Matrix) Nashik,Yes,63,569,5.0,,,,,,,,,,,,,,,,,,,,,,,,,,
11070,151-NG-T01,Pre-PQ Process,SO-27824,DN-1443,Nigeria,PMO - US,From RDC,N/A - From RDC,Air Charter,Date Not Captured,N/A - From RDC,20-Oct-09,20-Oct-09,20-Oct-09,ARV,Adult,SCMS from RDC,"Emtricitabine/Tenofovir Disoproxil Fumarate 200/300mg, tablets, 30 Tabs",Emtricitabine/Tenofovir Disoproxil Fumarate,Generic,200/300mg,Tablet - FDC,30.0,441.0,5181.75,11.75,0.39,Mylan (formerly Matrix) Nashik,Yes,36,9341.49,10.16,,,,,,,,,,,,,,,,,,,,,,,,,,
12346,,Pre-PQ Process,,,Botswana,,,,,,N/A - From RDC,,,,,,SCMS from RDC,,"HIV 1/2, Uni-Gold HIV Kit",Uni-Gold,,,,,,,,,,,,,100-BW-T01,SO-424,DN-83,PMO - US,From RDC,N/A - From RDC,,Pre-PQ Process,27-Apr-07,27-Apr-07,27-Apr-07,HRDT,HIV test,"HIV 1/2, Uni-Gold HIV Kit, 20 Tests",Test kit,20.0,500.0,16000.0,32.0,1.6,"Trinity Biotech, Plc",Yes,164,1225.37,,
85376,,,,,Zimbabwe,,,,,,N/A - From RDC,,,,,,SCMS from RDC,,Nevirapine,Generic,200mg,,,,,,,,,,,,113-ZW-T30,SO-44340,DN-3231,PMO - US,From RDC,N/A - From RDC,Truck,1/24/2013,31-Jul-13,6-Aug-13,6-Aug-13,ARV,Adult,"Nevirapine 200mg, tablets, 60 Tabs",Tablet,60.0,10227.0,23113.02,2.26,0.04,Hetero Unit III Hyderabad IN,No,See DN-3231 (ID#:84831),See DN-3231 (ID#:84831),28.59,FPQ-11545
85567,,,,,Rwanda,,,,,,N/A - From RDC,,,,,,SCMS from RDC,,Lamivudine/Tenofovir Disoproxil Fumarate,Generic,300/300mg,,,,,,,,,,,,107-RW-T30,SO-48810,DN-4149,PMO - US,From RDC,N/A - From RDC,Truck,4/22/2014,31-Mar-15,24-Mar-15,24-Mar-15,ARV,Adult,"Lamivudine/Tenofovir Disoproxil Fumarate 300/300mg, tablets, 30 Tabs",Tablet - FDC,30.0,13653.0,62667.27,4.59,0.15,"Cipla, Kurkumbh, India",No,See DN-4149 (ID#:82782),See DN-4149 (ID#:82782),64.42,FPQ-14111
63273,,FPQ-10619,,,Tanzania,,,,,,10/4/2012,,,,,,"Orgenics, Ltd",,"HIV 1/2, Determine Complete HIV Kit",Determine,,,,,,,,,,,,,109-TZ-T30,SCMS-161830,ASN-17465,PMO - US,Direct Drop,EXW,Air,9/13/2012,31-Dec-12,31-Dec-12,31-Dec-12,HRDT,HIV test,"HIV 1/2, Determine Complete HIV Kit, 100 Tests",Test kit,100.0,2744.0,219520.0,80.0,0.8,"Alere Medical Co., Ltd.",Yes,1186,22067.21,307.77,
34564,102-BI-T30,FPQ-15186,SCMS-260830,ASN-30623,Burundi,PMO - US,Direct Drop,EXW,Air,10/17/14,11/12/14,21-Apr-15,21-Apr-15,21-Apr-15,HRDT,HIV test,"Orgenics, Ltd","HIV 1/2, Determine Complete HIV Kit, 100 Tests","HIV 1/2, Determine Complete HIV Kit",Determine,,Test kit,100.0,1586.0,126880.0,80.0,0.8,"Alere Medical Co., Ltd.",Yes,972,14419.91,149.34,,,,,,,,,,,,,,,,,,,,,,,,,,
51034,,,,,Nigeria,,,,,,7/10/2013,,,,,,"Orgenics, Ltd",,"HIV 1/2, Determine Complete HIV Kit",Determine,,,,,,,,,,,,,133-NG-T30,SCMS-196561,ASN-22345,PMO - US,Direct Drop,EXW,Air,6/10/2013,7-Nov-13,7-Nov-13,17-Nov-13,HRDT,HIV test,"HIV 1/2, Determine Complete HIV Kit, 100 Tests",Test kit,100.0,898.0,79922.0,89.0,0.89,"Alere Medical Co., Ltd.",Yes,364,6522.64,98.86,FPQ-12456
11247,,Pre-PQ Process,,,Kenya,,,,,,N/A - From RDC,,,,,,SCMS from RDC,,"HIV 1/2, Determine HIV Kit, without Lancets",Determine,,,,,,,,,,,,,102-KE-T01,SO-1975,DN-675,PMO - US,From RDC,N/A - From RDC,Truck,Pre-PQ Process,5-Mar-08,5-Mar-08,5-Mar-08,HRDT,HIV test,"HIV 1/2, Determine HIV Kit, without Lancets, 100 Tests",Test kit,100.0,1550.0,123984.5,79.99,0.8,Inverness Japan,Yes,Weight Captured Separately,Invoiced Separately,198.38,
47302,,,,,Guyana,,,,,,3/6/2013,,,,,,Aurobindo Pharma Limited,,Zidovudine,Generic,100mg,,,,,,,,,,,,105-GY-T30,SCMS-180000,ASN-18805,PMO - US,Direct Drop,EXW,Air,2/7/2013,18-Apr-13,18-Apr-13,18-Apr-13,ARV,Pediatric,"Zidovudine 100mg, capsules, 100 Caps",Capsule,100.0,218.0,1002.8,4.6,0.05,"Aurobindo Unit III, India",No,See ASN-18805 (ID#:18997),See ASN-18805 (ID#:18997),1.24,FPQ-11562
84101,,,,,Zimbabwe,,,,,,N/A - From RDC,,,,,,SCMS from RDC,,Lamivudine/Nevirapine/Stavudine,Generic,150/200/30mg,,,,,,,,,,,,113-ZW-T30,SO-37841,DN-2282,PMO - US,From RDC,N/A - From RDC,Truck,10/13/2010,15-Aug-11,11-Aug-11,11-Aug-11,ARV,Adult,"Lamivudine/Nevirapine/Stavudine 150/200/30mg, tablets, 60 Tabs",Tablet - FDC,60.0,36997.0,199043.86,5.38,0.09,"Cipla, Goa, India",No,See DN-2282 (ID#:82389),See DN-2282 (ID#:82389),429.14,FPQ-6470
1307,102-NG-T01,Pre-PQ Process,SCMS-343,ASN-259,Nigeria,PMO - US,Direct Drop,EXW,Air,Pre-PQ Process,Date Not Captured,15-Mar-07,30-Mar-07,30-Mar-07,HRDT,HIV test,BIO-RAD LABORATORIES (FRANCE),"#108853** HIV, Genie II HIV-1/HIV-2 Kit, 40 Tests","HIV, Genie II HIV-1/HIV-2 Kit",Genie,,Test kit,40.0,375.0,28500.0,76.0,1.9,Bio-Rad Laboratories,Yes,402,4445.75,,,,,,,,,,,,,,,,,,,,,,,,,,,
26591,,FPQ-5303,,,South Africa,,,,,,3/19/2010,,,,,,Aurobindo Pharma Limited,,Efavirenz,Generic,600mg,,,,,,,,,,,,161-ZA-T30,SCMS-68860,ASN-6932,PMO - US,Direct Drop,DDP,Air,3/18/2010,1-Jun-10,4-Jun-10,4-Jun-10,ARV,Adult,"Efavirenz 600mg, tablets, 30 Tabs",Tablet,30.0,53954.0,251965.18,4.67,0.16,"Aurobindo Unit III, India",Yes,4564,6105.79,543.24,
11943,106-HT-T01,Pre-PQ Process,SO-15950,DN-945,Haiti,PMO - US,From RDC,N/A - From RDC,Air,Pre-PQ Process,N/A - From RDC,27-Oct-08,27-Oct-08,27-Oct-08,ARV,Adult,SCMS from RDC,"Lamivudine/Zidovudine 150/300mg, tablets, 60 Tabs",Lamivudine/Zidovudine,Generic,150/300mg,Tablet - FDC,60.0,93000.0,869550.0,9.35,0.16,"Aurobindo Unit III, India",No,See DN-945 (ID#:11018),See DN-945 (ID#:11018),1391.28,,,,,,,,,,,,,,,,,,,,,,,,,,
82531,151-NG-T30,FPQ-9968,SO-43435,DN-2946,Nigeria,PMO - US,From RDC,N/A - From RDC,Air,5/23/12,N/A - From RDC,4-Dec-12,4-Dec-12,4-Dec-12,ARV,Adult,SCMS from RDC,"Nevirapine 200mg, tablets, 60 Tabs",Nevirapine,Generic,200mg,Tablet,60.0,16870.0,40825.4,2.42,0.04,"Strides, Bangalore, India.",Yes,7973,51090,57.24,,,,,,,,,,,,,,,,,,,,,,,,,,
10578,100-ZW-T01,Pre-PQ Process,SO-702,DN-212,Zimbabwe,PMO - US,From RDC,N/A - From RDC,Truck,Pre-PQ Process,N/A - From RDC,4-Jul-07,4-Jul-07,4-Jul-07,ARV,Adult,SCMS from RDC,"Lamivudine/Nevirapine/Stavudine 150/200/30mg, tablets, 60 Tabs",Lamivudine/Nevirapine/Stavudine,Generic,150/200/30mg,Tablet - FDC,60.0,8694.0,64335.6,7.4,0.12,"Cipla, Goa, India",Yes,819,3135,102.94,,,,,,,,,,,,,,,,,,,,,,,,,,
86325,151-NG-T30,FPQ-5688,SO-36935,DN-1979,Nigeria,PMO - US,From RDC,N/A - From RDC,Air Charter,5/27/10,N/A - From RDC,31-Aug-10,17-Aug-10,17-Aug-10,ARV,Adult,SCMS from RDC,"Lamivudine/Nevirapine/Zidovudine 150/200/300mg, tablets, 60 Tabs",Lamivudine/Nevirapine/Zidovudine,Generic,150/300/200mg,Tablet - FDC,60.0,1700.0,19074.0,11.22,0.19,"Aurobindo Unit III, India",Yes,224,6147.18,41.12,,,,,,,,,,,,,,,,,,,,,,,,,,
11309,,,,,Uganda,,,,,,N/A - From RDC,,,,,,SCMS from RDC,,Lopinavir/Ritonavir,Aluvia,200/50mg,,,,,,,,,,,,114-UG-T01,SO-2676,DN-915,PMO - US,From RDC,N/A - From RDC,Air,Pre-PQ Process,8-Oct-08,8-Oct-08,8-Oct-08,ARV,Adult,"Lopinavir/Ritonavir 200/50mg [Aluvia], tablets, 120 Tabs",Tablet,120.0,80.0,3288.0,41.1,0.34,ABBVIE Ludwigshafen Germany,Yes,18,418.75,5.26,Pre-PQ Process
31363,,FPQ-13035,,,South Africa,,,,,,12/2/2013,,,,,,S. BUYS WHOLESALER,,Lamivudine,Generic,10mg/ml,,,,,,,,,,,,116-ZA-T30,SCMS-215370,ASN-24415,PMO - US,Direct Drop,DDP,Truck,10/8/2013,6-Feb-14,6-Feb-14,6-Feb-14,ARV,Pediatric,"Lamivudine 10mg/ml, oral solution, Bottle, 240 ml",Oral solution,240.0,4.0,27.35,6.84,0.03,"Cipla, Goa, India",No,Weight Captured Separately,Freight Included in Commodity Cost,0.03,
2808,,,,,Ethiopia,,,,,,10/3/2007,,,,,,Aurobindo Pharma Limited,,Stavudine,Generic,30mg,,,,,,,,,,,,117-ET-T01,SCMS-11071,ASN-1039,PMO - US,Direct Drop,EXW,Air,Pre-PQ Process,20-Nov-07,24-Dec-07,24-Dec-07,ARV,Adult,"Stavudine 30mg, capsules, 60 Caps",Capsule,60.0,35065.0,54350.75,1.55,0.03,"Aurobindo Unit III, India",Yes,2318,6755.81,86.96,Pre-PQ Process
41878,127-KE-T30,FPQ-7684,SCMS-109250,ASN-11401,Kenya,PMO - US,Direct Drop,EXW,Air,5/5/11,5/19/11,9-Aug-11,9-Aug-11,9-Aug-11,HRDT,HIV test,"Orgenics, Ltd","HIV 1/2, Determine Complete HIV Kit, 100 Tests","HIV 1/2, Determine Complete HIV Kit",Determine,,Test kit,100.0,7263.0,646407.0,89.0,0.89,Inverness Japan,Yes,2069,14307.97,1066.57,,,,,,,,,,,,,,,,,,,,,,,,,,
11238,111-MZ-T01,Pre-PQ Process,SO-1310,DN-688,Mozambique,PMO - US,From RDC,N/A - From RDC,Air,Pre-PQ Process,N/A - From RDC,30-Jun-08,30-Jun-08,30-Jun-08,ARV,Adult,SCMS from RDC,"Lamivudine/Nevirapine/Stavudine 150/200/30mg, tablets, 60 Tabs",Lamivudine/Nevirapine/Stavudine,Generic,150/200/30mg,Tablet - FDC,60.0,90955.0,673067.0,7.4,0.12,"Cipla, Goa, India",Yes,16579,8654.7,1076.91,,,,,,,,,,,,,,,,,,,,,,,,,,
25749,,FPQ-6834,,,Haiti,,,,,,1/12/2011,,,,,,Orasure Technologies Inc.,,"HIV 1/2, OraQuick Advance HIV Rapid Antibody Kit",OraQuick,,,,,,,,,,,,,106-HT-T30,SCMS-96430,ASN-9759,Haiti Field Office,Direct Drop,EXW,Air,12/14/2010,11-Mar-11,11-Mar-11,11-Mar-11,HRDT,HIV test,"HIV 1/2, OraQuick Advance HIV Rapid Antibody Kit, 100 Tests",Test kit,100.0,127.0,44450.0,350.0,3.5,"Orasure Technologies, Inc",Yes,22,4625.81,73.34,
53650,,FPQ-5630,,,South Africa,,,,,,5/5/2010,,,,,,S. BUYS WHOLESALER,,Abacavir,Ziagen,20mg/ml,,,,,,,,,,,,116-ZA-T30,SCMS-72760,ASN-7116,PMO - US,Direct Drop,DDP,Truck,4/30/2010,14-May-10,14-May-10,14-May-10,ARV,Pediatric,"Abacavir 20mg/ml [Ziagen], oral solution, Bottle, 240 ml",Oral solution,240.0,40.0,656.64,16.42,0.07,GSK Mississauga (Canada),Yes,Weight Captured Separately,Freight Included in Commodity Cost,1.42,
10571,113-ZW-T01,Pre-PQ Process,SO-278,DN-141,Zimbabwe,PMO - US,From RDC,N/A - From RDC,,Pre-PQ Process,N/A - From RDC,20-May-07,20-May-07,20-May-07,ARV,Adult,SCMS from RDC,"Efavirenz 600mg, tablets, 30 Tabs",Efavirenz,Generic,600mg,Tablet,30.0,6000.0,97500.0,16.25,0.54,"Aurobindo Unit III, India",Yes,553,1956.93,,,,,,,,,,,,,,,,,,,,,,,,,,,
6081,,,,,Vietnam,,,,,,10/21/2008,,,,,,Aurobindo Pharma Limited,,Lamivudine,Generic,150mg,,,,,,,,,,,,108-VN-T01,SCMS-31720,ASN-3312,PMO - US,Direct Drop,EXW,Air,Pre-PQ Process,27-Feb-09,27-Feb-09,27-Feb-09,ARV,Adult,"Lamivudine 150mg, tablets, 60 Tabs",Tablet,60.0,6966.0,16718.4,2.4,0.04,"Aurobindo Unit III, India",Yes,1068,3894.21,32.77,Pre-PQ Process
6405,,Pre-PQ Process,,,South Africa,,,,,,Date Not Captured,,,,,,S. BUYS WHOLESALER,,Zidovudine,Retrovir,300mg,,,,,,,,,,,,116-ZA-T01,SCMS-41190,ASN-3732,PMO - US,Direct Drop,DDP,Air,Pre-PQ Process,30-Mar-09,21-Jan-09,21-Jan-09,ARV,Adult,"Zidovudine 300mg [Retrovir], tablets, 60 Tabs",Tablet,60.0,800.0,9856.0,12.32,0.21,GSK Aranda,No,Weight Captured Separately,Freight Included in Commodity Cost,19.32,
10710,,Pre-PQ Process,,,Nigeria,,,,,,N/A - From RDC,,,,,,SCMS from RDC,,Stavudine,Generic,30mg,,,,,,,,,,,,123-NG-T01,SO-19071,DN-1045,PMO - US,From RDC,N/A - From RDC,Truck,Pre-PQ Process,19-Jan-09,19-Jan-09,19-Jan-09,ARV,Adult,"Stavudine 30mg, capsules, 60 Caps",Capsule,60.0,858.0,1329.9,1.55,0.03,"Aurobindo Unit III, India",Yes,58,7363.73,2.61,
12561,,,,,Zambia,,,,,,N/A - From RDC,,,,,,SCMS from RDC,,Didanosine,Generic,100mg,,,,,,,,,,,,110-ZM-T01,SO-2478,DN-981,PMO - US,From RDC,N/A - From RDC,Truck,Pre-PQ Process,7-Nov-08,7-Nov-08,7-Nov-08,ARV,Pediatric,"Didanosine 100mg, chewable/dispersible tablets, 60 Tabs",Chewable/dispersible tablet,60.0,4200.0,32550.0,7.75,0.13,"Aurobindo Unit III, India",Yes,867,2938.92,63.8,Pre-PQ Process
82706,,,,,South Sudan,,,,,,N/A - From RDC,,,,,,SCMS from RDC,,Lamivudine/Zidovudine,Generic,150/300mg,,,,,,,,,,,,103-SS-T30,SO-49120,DN-3842,PMO - US,From RDC,N/A - From RDC,Air,6/5/2014,1-Sep-14,1-Sep-14,2-Sep-14,ARV,Adult,"Lamivudine/Zidovudine 150/300mg, tablets, 60 Tabs",Tablet - FDC,60.0,396.0,2581.92,6.52,0.11,Hetero Unit III Hyderabad IN,Yes,410,4708,2.65,FPQ-14409
84766,,FPQ-10780,,,Uganda,,,,,,N/A - From RDC,,,,,,SCMS from RDC,,Abacavir,Generic,300mg,,,,,,,,,,,,114-UG-T30,SO-43510,DN-2926,PMO - US,From RDC,N/A - From RDC,Air,10/10/2012,20-Dec-12,28-Nov-12,28-Nov-12,ARV,Adult,"Abacavir 300mg, tablets, 60 Tabs",Tablet,60.0,2067.0,26788.32,12.96,0.22,Mylan (formerly Matrix) Nashik,Yes,220,1616.45,37.56,
10908,,,,,Uganda,,,,,,N/A - From RDC,,,,,,SCMS from RDC,,Emtricitabine/Tenofovir Disoproxil Fumarate,Truvada,300/200mg,,,,,,,,,,,,114-UG-T01,SO-1300,DN-435,PMO - US,From RDC,N/A - From RDC,Air,Pre-PQ Process,10-Dec-07,10-Dec-07,10-Dec-07,ARV,Adult,"Emtricitabine/Tenofovir Disoproxil Fumarate 200/300mg [Truvada], tablets, 30 Tabs",Tablet - FDC,30.0,42.0,1102.5,26.25,0.88,Gilead(Nycomed) Oranienburg DE,Yes,464,3393,1.76,Pre-PQ Process
20245,102-SZ-T30,FPQ-10537,SCMS-159081,ASN-19430,Swaziland,PMO - US,Direct Drop,EXW,Air,8/23/12,9/12/12,21-May-13,21-May-13,21-May-13,HRDT,HIV test,"Trinity Biotech, Plc","HIV 1/2, Uni-Gold HIV Kit, 20 Tests","HIV 1/2, Uni-Gold HIV Kit",Uni-Gold,,Test kit,20.0,150.0,4800.0,32.0,1.6,"Trinity Biotech, Plc",Yes,58,642.05,6.73,,,,,,,,,,,,,,,,,,,,,,,,,,
57493,104-CI-T30,FPQ-5544,SCMS-71910,ASN-7323,Côte d'Ivoire,PMO - US,Direct Drop,CIP,Air,4/19/10,4/26/10,6-Jul-10,6-Jul-10,6-Jul-10,ARV,Pediatric,BRISTOL-MYERS SQUIBB,"Didanosine 50mg [Videx], chewable tablets, 60 Tabs",Didanosine,Videx,50mg,Chewable/dispersible tablet,60.0,2000.0,19000.0,9.5,0.16,"BMS Meymac, France",Yes,391,830.05,40.96,,,,,,,,,,,,,,,,,,,,,,,,,,
47979,108-VN-T30,FPQ-15823,SCMS-277350,ASN-32256,Vietnam,PMO - US,Direct Drop,FCA,Air,2/13/15,3/4/15,9-Jul-15,9-Jul-15,10-Jul-15,ARV,Adult,ABBVIE LOGISTICS (FORMERLY ABBOTT LOGISTICS BV),"Ritonavir 100mg [Norvir], film coated tablets, 30 Tabs",Ritonavir,Norvir,100mg,Tablet,30.0,300.0,6978.0,23.26,0.78,ABBVIE Ludwigshafen Germany,Yes,Weight Captured Separately,Invoiced Separately,8.21,,,,,,,,,,,,,,,,,,,,,,,,,,
50438,116-ZA-T30,FPQ-14942,SCMS-259073,ASN-30671,South Africa,PMO - US,Direct Drop,DDP,Truck,9/11/14,2/12/15,12-Feb-15,12-Feb-15,12-Feb-15,ARV,Adult,PHARMACY DIRECT,"Didanosine 400mg, delayed-release capsules, 30 Caps",Didanosine,Generic,400mg,Delayed-release capsules,30.0,6.0,85.3,14.22,0.47,"Aurobindo Unit III, India",No,Weight Captured Separately,Freight Included in Commodity Cost,0.09,,,,,,,,,,,,,,,,,,,,,,,,,,
21755,,,,,South Africa,,,,,,11/4/2014,,,,,,PHARMACY DIRECT,,Etravirine,Intelence,100mg,,,,,,,,,,,,116-ZA-T30,SCMS-238555,ASN-29255,PMO - US,Direct Drop,DDP,Truck,4/30/2014,5-Nov-14,5-Nov-14,5-Nov-14,ARV,Adult,"Etravirine 100mg [Intelence], tablets, 120 Tabs",Tablet,120.0,12.0,424.25,35.35,0.29,"Janssen-Cilag, Latina, IT",No,Weight Captured Separately,Freight Included in Commodity Cost,0.44,FPQ-13973
82308,,,,,Nigeria,,,,,,N/A - From RDC,,,,,,SCMS from RDC,,Lamivudine/Zidovudine,Generic,150/300mg,,,,,,,,,,,,151-NG-T30,SO-35057,DN-1735,PMO - US,From RDC,N/A - From RDC,Air Charter,11/6/2009,19-Apr-10,31-Mar-10,31-Mar-10,ARV,Adult,"Lamivudine/Zidovudine 150/300mg, tablets, 60 Tabs",Tablet - FDC,60.0,80.0,700.8,8.76,0.15,"Aurobindo Unit III, India",Yes,8,Freight Included in Commodity Cost,1.51,FPQ-4537
11675,104-CI-T01,Pre-PQ Process,SO-32830,DN-1387,Côte d'Ivoire,PMO - US,From RDC,N/A - From RDC,Air,Date Not Captured,N/A - From RDC,25-Aug-09,25-Aug-09,25-Aug-09,ARV,Pediatric,SCMS from RDC,"Zidovudine 100mg, capsules, 100 Caps",Zidovudine,Generic,100mg,Capsule,100.0,3612.0,18060.0,5.0,0.05,"Aurobindo Unit III, India",No,See DN-1387 (ID#:11674),See DN-1387 (ID#:11674),35.4,,,,,,,,,,,,,,,,,,,,,,,,,,
20462,,,,,Côte d'Ivoire,,,,,,6/7/2010,,,,,,"Orgenics, Ltd",,"HIV 1/2, Determine HIV Kit, without Lancets",Determine,,,,,,,,,,,,,104-CI-T30,SCMS-75381,ASN-7842,PMO - US,Direct Drop,EXW,Air,2/25/2010,8-Sep-10,8-Sep-10,8-Sep-10,HRDT,HIV test,"HIV 1/2, Determine HIV Kit, without Lancets, 100 Tests",Test kit,100.0,3000.0,233100.0,77.7,0.78,Inverness Japan,Yes,680,11463.46,502.56,FPQ-5209
62603,,,,,South Africa,,,,,,5/11/2015,,,,,,PHARMACY DIRECT,,Darunavir,Prezista,600mg,,,,,,,,,,,,116-ZA-T30,SCMS-259075,ASN-32121,PMO - US,Direct Drop,DDP,Truck,9/11/2014,12-May-15,12-May-15,12-May-15,ARV,Adult,"Darunavir 600mg [Prezista], tablets, 60 Tabs",Tablet,60.0,1.0,47.13,47.13,0.79,"Janssen-Cilag, Latina, IT",No,Weight Captured Separately,Freight Included in Commodity Cost,0.05,FPQ-14942
85817,101-CD-T30,FPQ-8840,SO-41135,DN-2497,"Congo, DRC",PMO - US,From RDC,N/A - From RDC,Air,11/21/11,N/A - From RDC,16-Mar-12,14-Feb-12,14-Feb-12,ARV,Adult,SCMS from RDC,"Lamivudine/Zidovudine 150/300mg, tablets, 60 Tabs",Lamivudine/Zidovudine,Generic,150/300mg,Tablet - FDC,60.0,41.0,338.66,8.26,0.14,"Aurobindo Unit III, India",No,See DN-2497 (ID#:82435),See DN-2497 (ID#:82435),0.47,,,,,,,,,,,,,,,,,,,,,,,,,,
85173,,FPQ-6243,,,Nigeria,,,,,,N/A - From RDC,,,,,,SCMS from RDC,,Stavudine,Generic,30mg,,,,,,,,,,,,151-NG-T30,SO-38320,DN-2090,PMO - US,From RDC,N/A - From RDC,Air Charter,8/25/2010,22-Feb-11,16-Feb-11,16-Feb-11,ARV,Adult,"Stavudine 30mg, capsules, 60 Caps",Capsule,60.0,200.0,280.0,1.4,0.02,"Aurobindo Unit III, India",No,See DN-2090 (ID#:82366),See DN-2090 (ID#:82366),0.6,
12100,,Pre-PQ Process,,,Rwanda,,,,,,N/A - From RDC,,,,,,SCMS from RDC,,"HIV 1/2, Uni-Gold HIV Kit",Uni-Gold,,,,,,,,,,,,,107-RW-T01,SO-833,DN-361,PMO - US,From RDC,N/A - From RDC,Air,Pre-PQ Process,16-Oct-07,16-Oct-07,16-Oct-07,HRDT,HIV test,"HIV 1/2, Uni-Gold HIV Kit, 20 Tests",Test kit,20.0,1883.0,60256.0,32.0,1.6,"Trinity Biotech, Plc",Yes,627,7670.04,96.41,
34010,,,,,Uganda,,,,,,11/25/2014,,,,,,EMCURE PHARMACEUTICALS LTD,,Atazanavir/Ritonavir,Generic,300/100mg,,,,,,,,,,,,114-UG-T30,SCMS-264961,ASN-32047,PMO - US,Direct Drop,EXW,Air,11/11/2014,26-May-15,26-May-15,1-Jun-15,ARV,Adult,"Atazanavir/Ritonavir 300/100mg, tablets, 30 Tabs",Tablet,30.0,1000.0,18000.0,18.0,0.6,"Emcure Plot No.P-2, I.T-B.T. Park, Phase II, MIDC, Hinjwadi, Pune, India",Yes,132,1329.99,21.19,FPQ-15303
84065,105-GY-T30,FPQ-7128,SO-38840,DN-2129,Guyana,PMO - US,From RDC,N/A - From RDC,Air,2/4/11,N/A - From RDC,31-Mar-11,25-Mar-11,25-Mar-11,ARV,Adult,SCMS from RDC,"Zidovudine 300mg, tablets, 60 Tabs",Zidovudine,Generic,300mg,Tablet,60.0,1827.0,13172.67,7.21,0.12,"Aurobindo Unit III, India",No,See DN-2129 (ID#:83488),See DN-2129 (ID#:83488),21.73,,,,,,,,,,,,,,,,,,,,,,,,,,
12059,,,,,Mozambique,,,,,,N/A - From RDC,,,,,,SCMS from RDC,,Abacavir/Lamivudine/Zidovudine,Trizivir,300/150/300mg,,,,,,,,,,,,111-MZ-T01,SO-379,DN-183,PMO - US,From RDC,N/A - From RDC,Air,Pre-PQ Process,4-Jul-07,4-Jul-07,4-Jul-07,ARV,Adult,"Abacavir/Lamivudine/Zidovudine 300/150/300mg [Trizivir], tablets, 60 Tabs",Tablet - FDC,60.0,1019.0,71330.0,70.0,1.17,GSK Ware (UK),Yes,138,439.17,,Pre-PQ Process
53532,,,,,Tanzania,,,,,,10/4/2012,,,,,,"Orgenics, Ltd",,"HIV 1/2, Determine Complete HIV Kit",Determine,,,,,,,,,,,,,900-TZ-T30,SCMS-157661,ASN-17082,PMO - US,Direct Drop,EXW,Air,7/31/2012,7-Dec-12,7-Dec-12,7-Dec-12,HRDT,HIV test,"HIV 1/2, Determine Complete HIV Kit, 100 Tests",Test kit,100.0,2744.0,219520.0,80.0,0.8,"Alere Medical Co., Ltd.",Yes,1303,22223.95,307.77,FPQ-10396
79128,,FPQ-9365,,,Uganda,,,,,,4/4/2012,,,,,,MERCK SHARP & DOHME IDEA GMBH (FORMALLY MERCK SHARP & DOHME B.V.),,Raltegravir,Isentress,400mg,,,,,,,,,,,,114-UG-T30,SCMS-142230,ASN-14835,PMO - US,Direct Drop,CIP,Air,3/15/2012,21-May-12,21-May-12,21-May-12,ARV,Adult,"Raltegravir 400mg [Isentress], tablets, 60 Tabs",Tablet,60.0,180.0,9990.0,55.5,0.92,"MSD, Haarlem, NL",No,See ASN-14835 (ID#:77780),See ASN-14835 (ID#:77780),14.01,
85193,100-GH-T30,FPQ-7799,SO-39950,DN-2274,Ghana,PMO - US,From RDC,N/A - From RDC,Air,6/6/11,N/A - From RDC,4-Jul-11,20-Jul-11,20-Jul-11,ARV,Adult,SCMS from RDC,"Tenofovir Disoproxil Fumarate 300mg, tablets, 30 Tabs",Tenofovir Disoproxil Fumarate,Generic,300mg,Tablet,30.0,10914.0,70067.88,6.42,0.21,Mylan (formerly Matrix) Nashik,Yes,611,226.25,115.61,,,,,,,,,,,,,,,,,,,,,,,,,,
84176,109-TZ-T30,FPQ-9271,SO-41581,DN-2718,Tanzania,PMO - US,From RDC,N/A - From RDC,Truck,1/31/12,N/A - From RDC,1-Aug-12,25-Jul-12,25-Jul-12,ARV,Adult,SCMS from RDC,"Tenofovir Disoproxil Fumarate 300mg, tablets, 30 Tabs",Tenofovir Disoproxil Fumarate,Generic,300mg,Tablet,30.0,80.0,440.0,5.5,0.18,Mylan (formerly Matrix) Nashik,Yes,841,3549.9,0.62,,,,,,,,,,,,,,,,,,,,,,,,,,
84746,,FPQ-9355,,,Uganda,,,,,,N/A - From RDC,,,,,,SCMS from RDC,,Lamivudine/Zidovudine,Generic,150/300mg,,,,,,,,,,,,114-UG-T30,SO-41594,DN-2815,PMO - US,From RDC,N/A - From RDC,Truck,2/20/2012,30-Oct-12,30-Oct-12,30-Oct-12,ARV,Adult,"Lamivudine/Zidovudine 150/300mg, tablets, 60 Tabs",Tablet - FDC,60.0,5154.0,39788.88,7.72,0.13,Hetero Unit III Hyderabad IN,Yes,429,3293.34,55.78,
84435,,FPQ-14811,,,Rwanda,,,,,,N/A - From RDC,,,,,,SCMS from RDC,,Lamivudine/Nevirapine/Zidovudine,Generic,30/50/60mg,,,,,,,,,,,,107-RW-T30,SO-49960,DN-4044,PMO - US,From RDC,N/A - From RDC,Truck,10/15/2014,31-Jan-15,24-Dec-14,31-Dec-14,ARV,Pediatric,"Lamivudine/Nevirapine/Zidovudine 30/50/60mg, dispersible tablets, 60 Tabs",Chewable/dispersible tablet - FDC,60.0,2196.0,7905.6,3.6,0.06,"Cipla, Goa, India",Yes,192,2232.42,8.13,
86483,,FPQ-8464,,,Zimbabwe,,,,,,N/A - From RDC,,,,,,SCMS from RDC,,Nevirapine,Generic,200mg,,,,,,,,,,,,113-ZW-T30,SO-40883,DN-2693,PMO - US,From RDC,N/A - From RDC,Truck,10/4/2011,14-Aug-12,27-Jun-12,27-Jun-12,ARV,Adult,"Nevirapine 200mg, tablets, 60 Tabs",Tablet,60.0,49037.0,119650.28,2.44,0.04,Hetero Unit III Hyderabad IN,No,See DN-2693 (ID#:82481),See DN-2693 (ID#:82481),197.42,
86266,114-UG-T30,FPQ-4325,SO-35650,DN-1645,Uganda,PMO - US,From RDC,N/A - From RDC,Air,9/23/09,N/A - From RDC,19-Mar-10,26-Feb-10,26-Feb-10,ARV,Adult,SCMS from RDC,"Zidovudine 300mg, tablets, 60 Tabs",Zidovudine,Generic,300mg,Tablet,60.0,744.0,5602.32,7.53,0.13,"Aurobindo Unit III, India",Yes,41,1152.14,10.98,,,,,,,,,,,,,,,,,,,,,,,,,,
82985,,FPQ-7053,,,Mozambique,,,,,,N/A - From RDC,,,,,,SCMS from RDC,,Nevirapine,Generic,10mg/ml,,,,,,,,,,,,111-MZ-T30,SO-38642,DN-2392,PMO - US,From RDC,N/A - From RDC,Truck,1/24/2011,14-Dec-11,14-Dec-11,14-Dec-11,ARV,Pediatric,"Nevirapine 10mg/ml, oral suspension, Bottle, 240 ml",Oral suspension,240.0,2047.0,3684.6,1.8,0.01,"Aurobindo Unit III, India",No,See DN-2392 (ID#:82413),See DN-2392 (ID#:82413),6.08,
11119,,Pre-PQ Process,,,Côte d'Ivoire,,,,,,N/A - From RDC,,,,,,SCMS from RDC,,Indinavir,Crixivan,400mg,,,,,,,,,,,,104-CI-T01,SO-625,DN-166,PMO - US,From RDC,N/A - From RDC,,Pre-PQ Process,21-Jun-07,21-Jun-07,21-Jun-07,ARV,Adult,"Indinavir 400mg [Crixivan], capsules, 180 Caps",Capsule,180.0,4402.0,220100.0,50.0,0.28,MSD Elkton USA,Yes,994,3501,,
84003,111-MZ-T30,FPQ-4711,SO-35730,DN-1832,Mozambique,PMO - US,From RDC,N/A - From RDC,Truck,12/23/09,N/A - From RDC,30-Jun-10,14-Jun-10,14-Jun-10,ARV,Adult,SCMS from RDC,"Lamivudine/Nevirapine/Zidovudine 150/200/300mg, tablets, 60 Tabs",Lamivudine/Nevirapine/Zidovudine,Generic,150/300/200mg,Tablet - FDC,60.0,46000.0,516120.0,11.22,0.19,Mylan (formerly Matrix) Nashik,No,See DN-1832 (ID#:82321),See DN-1832 (ID#:82321),1112.75,,,,,,,,,,,,,,,,,,,,,,,,,,
84731,,FPQ-8464,,,Zimbabwe,,,,,,N/A - From RDC,,,,,,SCMS from RDC,,Lamivudine/Nevirapine/Zidovudine,Generic,150/300/200mg,,,,,,,,,,,,113-ZW-T30,SO-40891,DN-2694,PMO - US,From RDC,N/A - From RDC,Truck,10/4/2011,16-Oct-12,27-Jun-12,27-Jun-12,ARV,Adult,"Lamivudine/Nevirapine/Zidovudine 150/200/300mg, tablets, 60 Tabs",Tablet - FDC,60.0,11574.0,119096.46,10.29,0.17,Mylan (formerly Matrix) Nashik,No,See DN-2694 (ID#:82483),See DN-2694 (ID#:82483),196.51,
62990,,,,,Vietnam,,,,,,11/9/2012,,,,,,Aurobindo Pharma Limited,,Zidovudine,Generic,10mg/ml,,,,,,,,,,,,108-VN-T30,SCMS-166120,ASN-17672,PMO - US,Direct Drop,EXW,Air,10/15/2012,29-Jan-13,29-Jan-13,29-Jan-13,ARV,Pediatric,"Zidovudine 10mg/ml, oral solution w/syringe, Bottle, 240 ml",Oral solution,240.0,691.0,1451.1,2.1,0.01,"Aurobindo Unit III, India",No,See ASN-17672 (ID#:15352),See ASN-17672 (ID#:15352),1.8,FPQ-10811
12311,,Pre-PQ Process,,,Uganda,,,,,,N/A - From RDC,,,,,,SCMS from RDC,,Lamivudine/Zidovudine,Generic,150/300mg,,,,,,,,,,,,114-UG-T01,SO-32950,DN-1399,PMO - US,From RDC,N/A - From RDC,Air,Date Not Captured,28-Aug-09,28-Aug-09,28-Aug-09,ARV,Adult,"Lamivudine/Zidovudine 150/300mg, tablets, 60 Tabs",Tablet - FDC,60.0,24000.0,210240.0,8.76,0.15,Mylan (formerly Matrix) Nashik,Yes,5748,38957.51,412.07,
17800,,,,,Haiti,,,,,,2/5/2013,,,,,,ABBVIE LOGISTICS (FORMERLY ABBOTT LOGISTICS BV),,Lopinavir/Ritonavir,Kaletra,80/20mg/ml,,,,,,,,,,,,106-HT-T30,SCMS-176290,ASN-19068,PMO - US,Direct Drop,FCA,Air,1/16/2013,4-Jun-13,4-Jun-13,4-Jun-13,ARV,Pediatric,"Lopinavir/Ritonavir 80/20mg/ml [Kaletra], oral solution, cool, Bottle 5 x 60 ml",Oral solution,300.0,100.0,3082.0,30.82,0.1,ABBVIE (Abbott) Logis. UK,Yes,164,2419.33,3.81,FPQ-11286
86138,,FPQ-14162,,,Zambia,,,,,,N/A - From RDC,,,,,,SCMS from RDC,,Nevirapine,Generic,200mg,,,,,,,,,,,,110-ZM-T30,SO-48670,DN-3937,PMO - US,From RDC,N/A - From RDC,Truck,4/24/2014,30-Sep-14,19-Sep-14,17-Oct-14,ARV,Adult,"Nevirapine 200mg, tablets, 60 Tabs",Tablet,60.0,319150.0,705321.5,2.21,0.04,Hetero Unit III Hyderabad IN,Yes,19661,21149.81,725.07,
56637,,,,,Côte d'Ivoire,,,,,,1/15/2013,,,,,,"CHEMBIO DIAGNOSTIC SYSTEMS, INC.",,"HIV 1/2, Stat-Pak HIV, Kit",Stat-Pak,,,,,,,,,,,,,104-CI-T30,SCMS-173120,ASN-19921,PMO - US,Direct Drop,EXW,Air,12/14/2012,24-Jun-13,24-Jun-13,24-Jun-13,HRDT,HIV test,"HIV 1/2, Stat-Pak HIV, Kit, 20 Tests",Test kit,20.0,2000.0,58000.0,29.0,1.45,Chembio Diagnostics Sys. Inc.,Yes,576,7168.62,71.75,FPQ-11294
12602,,Pre-PQ Process,,,Uganda,,,,,,N/A - From RDC,,,,,,SCMS from RDC,,Nevirapine,Generic,200mg,,,,,,,,,,,,114-UG-T01,SO-31460,DN-1300,PMO - US,From RDC,N/A - From RDC,Air,Date Not Captured,15-Sep-09,15-Sep-09,15-Sep-09,ARV,Adult,"Nevirapine 200mg, tablets, 60 Tabs",Tablet,60.0,2250.0,6525.0,2.9,0.05,"Aurobindo Unit III, India",No,See DN-1300 (ID#:11669),See DN-1300 (ID#:11669),12.79,
85331,,,,,"Congo, DRC",,,,,,N/A - From RDC,,,,,,SCMS from RDC,,Lamivudine/Zidovudine,Generic,150/300mg,,,,,,,,,,,,101-CD-T30,SO-43750,DN-3017,PMO - US,From RDC,N/A - From RDC,Air,11/20/2012,18-Mar-13,8-Aug-13,8-Aug-13,ARV,Adult,"Lamivudine/Zidovudine 150/300mg, tablets, 60 Tabs",Tablet - FDC,60.0,1296.0,9421.92,7.27,0.12,Mylan (formerly Matrix) Nashik,No,See DN-3017 (ID#:83108),See DN-3017 (ID#:83108),11.65,FPQ-11096
12323,104-CI-T01,Pre-PQ Process,SO-32830,DN-1451,Côte d'Ivoire,PMO - US,From RDC,N/A - From RDC,Air,Date Not Captured,N/A - From RDC,25-Aug-09,7-Oct-09,7-Oct-09,ARV,Pediatric,SCMS from RDC,"Nevirapine 10mg/ml, oral suspension, Bottle, 240 ml",Nevirapine,Generic,10mg/ml,Oral suspension,240.0,1547.0,2970.24,1.92,0.01,"Aurobindo Unit III, India",Yes,581,1234.9,5.82,,,,,,,,,,,,,,,,,,,,,,,,,,
2796,,,,,Namibia,,,,,,7/31/2007,,,,,,"Orgenics, Ltd",,"HIV 1/2, Clearview Complete Kit",Clearview,,,,,,,,,,,,,119-NA-T01,SCMS-10360,ASN-658,PMO - US,Direct Drop,EXW,Air,Pre-PQ Process,29-Aug-07,29-Aug-07,29-Aug-07,HRDT,HIV test,"HIV 1/2, Clearview Complete Kit, 25 Tests",Test kit,25.0,150.0,11250.0,75.0,3.0,Not Applicable,Yes,Weight Captured Separately,Invoiced Separately,18.0,Pre-PQ Process
32499,161-ZA-T30,FPQ-7175,SCMS-103470,ASN-11200,South Africa,PMO - US,Direct Drop,DDP,Ocean,3/10/11,3/24/11,2-Sep-11,2-Sep-11,2-Sep-11,ARV,Pediatric,Aurobindo Pharma Limited,"Efavirenz 50mg, capsule, 30 Caps",Efavirenz,Generic,50mg,Capsule,30.0,50000.0,122000.0,2.44,0.08,"Aurobindo Unit III, India",Yes,2953,6409.91,201.3,,,,,,,,,,,,,,,,,,,,,,,,,,
85115,,,,,Côte d'Ivoire,,,,,,N/A - From RDC,,,,,,SCMS from RDC,,Zidovudine,Generic,100mg,,,,,,,,,,,,104-CI-T30,SO-35560,DN-1799,PMO - US,From RDC,N/A - From RDC,Air,12/8/2009,10-May-10,7-May-10,7-May-10,ARV,Pediatric,"Zidovudine 100mg, capsules, 100 Caps",Capsule,100.0,6636.0,32118.24,4.84,0.05,"Aurobindo Unit III, India",No,See DN-1799 (ID#:84560),See DN-1799 (ID#:84560),69.25,FPQ-4659
16901,108-VN-T30,FPQ-8428,SCMS-123600,ASN-13410,Vietnam,PMO - US,Direct Drop,EXW,Air,9/21/11,10/4/11,18-Feb-12,18-Feb-12,18-Feb-12,ARV,Adult,Aurobindo Pharma Limited,"Abacavir 300mg, tablets, 60 Tabs",Abacavir,Generic,300mg,Tablet,60.0,112.0,1618.4,14.45,0.24,"Aurobindo Unit III, India",Yes,1701,4288.83,2.67,,,,,,,,,,,,,,,,,,,,,,,,,,
74786,,,,,Côte d'Ivoire,,,,,,1/17/2012,,,,,,"Orgenics, Ltd",,"HIV 1/2, Determine Complete HIV Kit",Determine,,,,,,,,,,,,,104-CI-T30,SCMS-131890,ASN-14091,PMO - US,Direct Drop,EXW,Air,12/8/2011,27-Mar-12,27-Mar-12,27-Mar-12,HRDT,HIV test,"HIV 1/2, Determine Complete HIV Kit, 100 Tests",Test kit,100.0,2070.0,165600.0,80.0,0.8,"Alere Medical Co., Ltd.",Yes,988,19368.23,232.17,FPQ-8929
86179,,FPQ-14156,,,Nigeria,,,,,,N/A - From RDC,,,,,,SCMS from RDC,,Lamivudine/Zidovudine,Generic,150/300mg,,,,,,,,,,,,151-NG-T30,SO-51030,DN-4170,PMO - US,From RDC,N/A - From RDC,Air Charter,4/25/2014,2-Mar-15,10-Mar-15,17-Mar-15,ARV,Adult,"Lamivudine/Zidovudine 150/300mg, tablets, 60 Tabs",Tablet - FDC,60.0,148569.0,968669.88,6.52,0.11,"Aurobindo Unit III, India",No,See DN-4170 (ID#:85020),See DN-4170 (ID#:85020),995.79,
10791,,Pre-PQ Process,,,Côte d'Ivoire,,,,,,N/A - From RDC,,,,,,SCMS from RDC,,Zidovudine,Generic,300mg,,,,,,,,,,,,104-CI-T01,SO-32840,DN-1388,PMO - US,From RDC,N/A - From RDC,Air,Date Not Captured,28-Sep-09,28-Sep-09,28-Sep-09,ARV,Adult,"Zidovudine 300mg, tablets, 60 Tabs",Tablet,60.0,7000.0,52710.0,7.53,0.13,Hetero Unit III Hyderabad IN,Yes,396,6087.84,103.31,
12808,,,,,Uganda,,,,,,N/A - From RDC,,,,,,SCMS from RDC,,Nevirapine,Generic,10mg/ml,,,,,,,,,,,,114-UG-T01,SO-1995,DN-683,PMO - US,From RDC,N/A - From RDC,Air,Pre-PQ Process,17-Apr-08,17-Apr-08,17-Apr-08,ARV,Pediatric,"Nevirapine 10mg/ml, oral suspension, Bottle, 240 ml",Oral suspension,240.0,127.0,243.84,1.92,0.01,"Aurobindo Unit III, India",Yes,46,740.34,0.39,Pre-PQ Process
84849,103-ZW-T30,FPQ-12086,SO-45131,DN-3319,Zimbabwe,PMO - US,From RDC,N/A - From RDC,Truck,4/19/13,N/A - From RDC,30-Sep-13,20-Sep-13,20-Sep-13,ARV,Pediatric,SCMS from RDC,"Abacavir 20mg/ml, oral solution w/syringe, Bottle, 240 ml",Abacavir,Generic,20mg/ml,Oral solution,240.0,435.0,5254.8,12.08,0.05,"Aurobindo Unit III, India",Yes,116,3100,6.5,,,,,,,,,,,,,,,,,,,,,,,,,,
48623,,,,,Uganda,,,,,,6/26/2012,,,,,,MYLAN LABORATORIES LTD (FORMERLY MATRIX LABORATORIES),,Atazanavir/Ritonavir,Generic,300/100mg,,,,,,,,,,,,114-UG-T30,SCMS-149970,ASN-16318,PMO - US,Direct Drop,EXW,Air,5/28/2012,21-Sep-12,21-Sep-12,21-Sep-12,ARV,Adult,"Atazanavir/Ritonavir 300/100mg, tablets, 30 Tabs",Tablet,30.0,1558.0,35055.0,22.5,0.75,Mylan (formerly Matrix) Nashik,Yes,195,3387.72,49.15,FPQ-9923
11045,100-GH-T01,Pre-PQ Process,SO-30700,DN-1235,Ghana,PMO - US,From RDC,N/A - From RDC,Truck,Date Not Captured,N/A - From RDC,12-Aug-09,12-Aug-09,12-Aug-09,ARV,Adult,SCMS from RDC,"Stavudine 15mg, capsules, 60 Caps",Stavudine,Generic,15mg,Capsule,60.0,150.0,1.5,0.01,0.0,"Aurobindo Unit III, India",No,See DN-1235 (ID#:10769),See DN-1235 (ID#:10769),0.0,,,,,,,,,,,,,,,,,,,,,,,,,,
83509,,,,,Ghana,,,,,,N/A - From RDC,,,,,,SCMS from RDC,,Tenofovir Disoproxil Fumarate,Generic,300mg,,,,,,,,,,,,100-GH-T30,SO-39940,DN-2259,PMO - US,From RDC,N/A - From RDC,Air,6/6/2011,4-Jul-11,15-Jul-11,15-Jul-11,ARV,Adult,"Tenofovir Disoproxil Fumarate 300mg, tablets, 30 Tabs",Tablet,30.0,2110.0,13546.2,6.42,0.21,Mylan (formerly Matrix) Nashik,No,See DN-2259 (ID#:82958),See DN-2259 (ID#:82958),22.35,FPQ-7799
81132,,FPQ-11263,,,Côte d'Ivoire,,,,,,1/24/2013,,,,,,ABBVIE LOGISTICS (FORMERLY ABBOTT LOGISTICS BV),,Lopinavir/Ritonavir,Kaletra,80/20mg/ml,,,,,,,,,,,,104-CI-T30,SCMS-174540,ASN-18253,PMO - US,Direct Drop,FCA,Air,12/14/2012,27-Feb-13,27-Feb-13,27-Feb-13,ARV,Pediatric,"Lopinavir/Ritonavir 80/20mg/ml [Kaletra], oral solution, cool, Bottle 5 x 60 ml",Oral solution,300.0,320.0,9862.4,30.82,0.1,ABBVIE (Abbott) Logis. UK,Yes,326,3852.86,12.2,
45968,108-VN-T30,FPQ-4081,SCMS-51470,ASN-4801,Vietnam,PMO - US,Direct Drop,FCA,Air,8/10/09,8/12/09,29-Sep-09,29-Sep-09,29-Sep-09,ARV,Adult,ABBVIE LOGISTICS (FORMERLY ABBOTT LOGISTICS BV),"Lopinavir/Ritonavir 200/50mg [Aluvia], tablets, 120 Tabs",Lopinavir/Ritonavir,Aluvia,200/50mg,Tablet,120.0,320.0,26304.0,82.2,0.68,ABBVIE Ludwigshafen Germany,Yes,88,823.94,51.56,,,,,,,,,,,,,,,,,,,,,,,,,,
11851,,,,,Tanzania,,,,,,N/A - From RDC,,,,,,SCMS from RDC,,Lopinavir/Ritonavir,Aluvia,200/50mg,,,,,,,,,,,,109-TZ-T01,SO-1648,DN-559,PMO - US,From RDC,N/A - From RDC,Air,Pre-PQ Process,25-Feb-08,25-Feb-08,25-Feb-08,ARV,Adult,"Lopinavir/Ritonavir 200/50mg [Aluvia], tablets, 120 Tabs",Tablet,120.0,2580.0,106038.0,41.1,0.34,ABBVIE (Abbott) Logis. UK,No,See DN-559 (ID#:10940),See DN-559 (ID#:10940),169.66,Pre-PQ Process
27421,109-TZ-T30,FPQ-10809,SCMS-162860,ASN-17469,Tanzania,PMO - US,Direct Drop,EXW,Air,10/11/12,10/18/12,31-Dec-12,31-Dec-12,31-Dec-12,HRDT,HIV test,"Orgenics, Ltd","HIV 1/2, Determine Complete HIV Kit, 100 Tests","HIV 1/2, Determine Complete HIV Kit",Determine,,Test kit,100.0,762.0,60960.0,80.0,0.8,"Alere Medical Co., Ltd.",Yes,362,7060.97,75.41,,,,,,,,,,,,,,,,,,,,,,,,,,
14440,,,,,South Africa,,,,,,11/19/2010,,,,,,ASPEN PHARMACARE,,Abacavir,Ziagen,20mg/ml,,,,,,,,,,,,161-ZA-T30,SCMS-91340,ASN-9807,PMO - US,Direct Drop,DDP,Air,8/31/2010,9-Feb-11,9-Feb-11,9-Feb-11,ARV,Pediatric,"Abacavir 20mg/ml [Ziagen], oral solution, Bottle, 240 ml",Oral solution,240.0,28000.0,280560.0,10.02,0.04,GSK Mississauga (Canada),Yes,Weight Captured Separately,Freight Included in Commodity Cost,604.89,FPQ-6262
70131,108-VN-T30,FPQ-15292,SCMS-268450,ASN-30674,Vietnam,PMO - US,Direct Drop,FCA,Air,12/5/14,12/18/14,31-Mar-15,31-Mar-15,31-Mar-15,ARV,Adult,ABBVIE LOGISTICS (FORMERLY ABBOTT LOGISTICS BV),"Ritonavir 100mg [Norvir], film coated tablets, 30 Tabs",Ritonavir,Norvir,100mg,Tablet,30.0,572.0,13304.72,23.26,0.78,ABBVIE Ludwigshafen Germany,No,See ASN-30674 (ID#:54100),See ASN-30674 (ID#:54100),15.66,,,,,,,,,,,,,,,,,,,,,,,,,,
43480,,,,,South Africa,,,,,,6/17/2010,,,,,,Aurobindo Pharma Limited,,Nevirapine,Generic,10mg/ml,,,,,,,,,,,,161-ZA-T30,SCMS-75480,ASN-8340,PMO - US,Direct Drop,DDP,Air,6/2/2010,13-Dec-10,13-Dec-10,13-Dec-10,ARV,Pediatric,"Nevirapine 10mg/ml, oral suspension w/syringe, Bottle, 240 ml",Oral suspension,240.0,19098.0,60158.7,3.15,0.01,"Aurobindo Unit III, India",Yes,7367,3444.28,129.7,FPQ-5648
82432,101-CD-T30,FPQ-8840,SO-41131,DN-2493,"Congo, DRC",PMO - US,From RDC,N/A - From RDC,Air,11/21/11,N/A - From RDC,16-Mar-12,14-Feb-12,14-Feb-12,ARV,Adult,SCMS from RDC,"Lamivudine/Zidovudine 150/300mg, tablets, 60 Tabs",Lamivudine/Zidovudine,Generic,150/300mg,Tablet - FDC,60.0,97.0,801.22,8.26,0.14,"Aurobindo Unit III, India",Yes,46,456.17,1.12,,,,,,,,,,,,,,,,,,,,,,,,,,
81639,116-ZA-T30,FPQ-12522,SCMS-199283,ASN-27976,South Africa,PMO - US,Direct Drop,DDP,Truck,7/11/13,8/27/14,27-Aug-14,27-Aug-14,27-Aug-14,ARV,Pediatric,S. BUYS WHOLESALER,"Abacavir 20mg/ml, oral solution w/syringe, Bottle, 240 ml",Abacavir,Generic,20mg/ml,Oral solution,240.0,35.0,959.72,27.42,0.11,"Aurobindo Unit III, India",No,Weight Captured Separately,Freight Included in Commodity Cost,1.19,,,,,,,,,,,,,,,,,,,,,,,,,,
1080,,Pre-PQ Process,,,South Africa,,,,,,6/15/2009,,,,,,S. BUYS WHOLESALER,,Stavudine,Zerit,15mg,,,,,,,,,,,,116-ZA-T01,SCMS-41480,ASN-5055,PMO - US,Direct Drop,DDP,Truck,Pre-PQ Process,19-Aug-09,19-Aug-09,19-Aug-09,ARV,Adult,"Stavudine 15mg [Zerit], capsules, 60 Caps",Capsule,60.0,2700.0,10665.0,3.95,0.07,"BMS Meymac, France",Yes,Weight Captured Separately,Freight Included in Commodity Cost,20.9,
10787,,Pre-PQ Process,,,Tanzania,,,,,,N/A - From RDC,,,,,,SCMS from RDC,,Abacavir,Generic,300mg,,,,,,,,,,,,109-TZ-T01,SO-31280,DN-1368,PMO - US,From RDC,N/A - From RDC,Truck,Date Not Captured,20-Aug-09,20-Aug-09,20-Aug-09,ARV,Adult,"Abacavir 300mg, tablets, 60 Tabs",Tablet,60.0,4794.0,122007.3,25.45,0.42,Mylan (formerly Matrix) Nashik,Yes,475,3588.34,239.13,
83088,,FPQ-10641,,,Cameroon,,,,,,N/A - From RDC,,,,,,SCMS from RDC,,Efavirenz/Lamivudine/Tenofovir Disoproxil Fumarate,Generic,600/300/300mg,,,,,,,,,,,,900-CM-T30,SO-43381,DN-2898,PMO - US,From RDC,N/A - From RDC,Air Charter,9/19/2012,7-Nov-12,17-Oct-12,17-Oct-12,ARV,Adult,"Efavirenz/Lamivudine/Tenofovir Disoproxil Fumarate 600/300/300mg, tablets, 30 Tabs",Tablet - FDC,30.0,20000.0,265400.0,13.27,0.44,Mylan (formerly Matrix) Nashik,Yes,3943,67732.55,372.09,
84041,,FPQ-5623,,,Côte d'Ivoire,,,,,,N/A - From RDC,,,,,,SCMS from RDC,,Nevirapine,Generic,200mg,,,,,,,,,,,,104-CI-T30,SO-36881,DN-2012,PMO - US,From RDC,N/A - From RDC,Truck,5/7/2010,19-Oct-10,25-Sep-10,25-Sep-10,ARV,Adult,"Nevirapine 200mg, tablets, 60 Tabs",Tablet,60.0,12100.0,32186.0,2.66,0.04,Hetero Unit III Hyderabad IN,No,See DN-2012 (ID#:84040),See DN-2012 (ID#:84040),69.39,
58111,161-ZA-T30,FPQ-6262,SCMS-83790,ASN-8904,South Africa,PMO - US,Direct Drop,DDP,Ocean,8/31/10,9/24/10,6-Jan-11,6-Jan-11,6-Jan-11,ARV,Pediatric,Aurobindo Pharma Limited,"Nevirapine 10mg/ml, oral suspension w/syringe, Bottle, 240 ml",Nevirapine,Generic,10mg/ml,Oral suspension,240.0,10702.0,22688.24,2.12,0.01,"Aurobindo Unit III, India",Yes,3967,8169.7,48.92,,,,,,,,,,,,,,,,,,,,,,,,,,
86493,,FPQ-8787,,,Côte d'Ivoire,,,,,,N/A - From RDC,,,,,,SCMS from RDC,,Lamivudine/Nevirapine/Zidovudine,Generic,150/300/200mg,,,,,,,,,,,,104-CI-T30,SO-41172,DN-2753,PMO - US,From RDC,N/A - From RDC,Air,11/11/2011,31-Jul-12,31-Jul-12,31-Jul-12,ARV,Adult,"Lamivudine/Nevirapine/Zidovudine 150/200/300mg, tablets, 60 Tabs",Tablet - FDC,60.0,50000.0,490500.0,9.81,0.16,"Strides, Bangalore, India.",Yes,5625,11702.27,687.68,
79701,,,,,Tanzania,,,,,,7/16/2013,,,,,,Aurobindo Pharma Limited,,Lamivudine/Nevirapine/Zidovudine,Generic,150/300/200mg,,,,,,,,,,,,109-TZ-T30,SCMS-198780,ASN-20861,PMO - US,Direct Drop,EXW,Air,7/3/2013,24-Sep-13,27-Sep-13,27-Sep-13,ARV,Adult,"Lamivudine/Nevirapine/Zidovudine 150/200/300mg, tablets, 60 Tabs",Tablet - FDC,60.0,7255.0,58983.15,8.13,0.14,"Aurobindo Unit III, India",Yes,917,4676.61,72.96,FPQ-12540
4020,,,,,Vietnam,,,,,,7/3/2007,,,,,,Aurobindo Pharma Limited,,Abacavir,Generic,300mg,,,,,,,,,,,,108-VN-T01,SCMS-749,ASN-737,PMO - US,Direct Drop,EXW,Air,Pre-PQ Process,2-Oct-07,2-Oct-07,2-Oct-07,ARV,Adult,"Abacavir 300mg, tablets, 60 Tabs",Tablet,60.0,1500.0,41475.0,27.65,0.46,"Aurobindo Unit III, India",No,See ASN-737 (ID#:2765),See ASN-737 (ID#:2765),66.36,Pre-PQ Process
11316,,Pre-PQ Process,,,Nigeria,,,,,,N/A - From RDC,,,,,,SCMS from RDC,,Lamivudine/Nevirapine/Zidovudine,Generic,150/300/200mg,,,,,,,,,,,,151-NG-T01,SO-22529,DN-1211,PMO - US,From RDC,N/A - From RDC,Air,Pre-PQ Process,14-May-09,14-May-09,14-May-09,ARV,Adult,"Lamivudine/Nevirapine/Zidovudine 150/200/300mg, tablets, 60 Tabs",Tablet - FDC,60.0,9483.0,108106.2,11.4,0.19,"Aurobindo Unit III, India",Yes,1079,10823.52,211.89,
11899,,Pre-PQ Process,,,Haiti,,,,,,N/A - From RDC,,,,,,SCMS from RDC,,Lamivudine,Generic,10mg/ml,,,,,,,,,,,,106-HT-T01,SO-2055,DN-690,PMO - US,From RDC,N/A - From RDC,Air,Pre-PQ Process,14-Apr-08,14-Apr-08,14-Apr-08,ARV,Pediatric,"Lamivudine 10mg/ml, oral solution, Bottle, 240 ml",Oral solution,240.0,2135.0,4205.95,1.97,0.01,"Aurobindo Unit III, India",No,See DN-690 (ID#:10706),See DN-690 (ID#:10706),6.73,
84152,900-SS-T30,FPQ-8624,SO-41080,DN-2581,South Sudan,PMO - US,From RDC,N/A - From RDC,Air,11/4/11,N/A - From RDC,21-Mar-12,8-Mar-12,8-Mar-12,ARV,Adult,SCMS from RDC,"Lamivudine 150mg, tablets, 60 Tabs",Lamivudine,Generic,150mg,Tablet,60.0,200.0,466.0,2.33,0.04,Macleods Daman Plant INDIA,No,See DN-2581 (ID#:82457),See DN-2581 (ID#:82457),0.65,,,,,,,,,,,,,,,,,,,,,,,,,,
12865,112-NG-T01,Pre-PQ Process,SO-20960,DN-1124,Nigeria,PMO - US,From RDC,N/A - From RDC,Air Charter,Pre-PQ Process,N/A - From RDC,19-Mar-09,19-Mar-09,19-Mar-09,ARV,Adult,SCMS from RDC,"Lamivudine/Zidovudine 150/300mg, tablets, 60 Tabs",Lamivudine/Zidovudine,Generic,150/300mg,Tablet - FDC,60.0,3231.0,28303.56,8.76,0.15,"Aurobindo Unit III, India",No,See DN-1124 (ID#:11620),See DN-1124 (ID#:11620),55.47,,,,,,,,,,,,,,,,,,,,,,,,,,
10504,,,,,Namibia,,,,,,6/4/2009,,,,,,"Trinity Biotech, Plc",,"HIV 1/2, Uni-Gold HIV Kit",Uni-Gold,,,,,,,,,,,,,119-NA-T01,SCMS-47150,ASN-4310,PMO - US,Direct Drop,EXW,Air,Pre-PQ Process,29-Jun-09,29-Jun-09,29-Jun-09,HRDT,HIV test,"HIV 1/2, Uni-Gold HIV Kit, 20 Tests",Test kit,20.0,120.0,3840.0,32.0,1.6,"Trinity Biotech, Plc",Yes,41,1862.27,7.53,Pre-PQ Process
84497,,,,,Nigeria,,,,,,N/A - From RDC,,,,,,SCMS from RDC,,Zidovudine,Generic,300mg,,,,,,,,,,,,154-NG-T30,SO-32270,DN-1311,PMO - US,From RDC,N/A - From RDC,Air Charter,5/26/2009,30-Jul-09,4-Aug-09,4-Aug-09,ARV,Adult,"Zidovudine 300mg, tablets, 60 Tabs",Tablet,60.0,98.0,737.94,7.53,0.13,"Aurobindo Unit III, India",No,See DN-1311 (ID#:82837),See DN-1311 (ID#:82837),1.45,FPQ-3815
83845,101-CD-T30,FPQ-14576,SO-49300,DN-3927,"Congo, DRC",PMO - US,From RDC,N/A - From RDC,Air,7/14/14,N/A - From RDC,30-Oct-14,27-Oct-14,12-Nov-14,ARV,Adult,SCMS from RDC,"Abacavir 300mg, tablets, 60 Tabs",Abacavir,Generic,300mg,Tablet,60.0,715.0,8029.45,11.23,0.19,Mylan (formerly Matrix) Nashik,Yes,116,891,8.25,,,,,,,,,,,,,,,,,,,,,,,,,,
83274,,,,,Nigeria,,,,,,N/A - From RDC,,,,,,SCMS from RDC,,Lamivudine/Zidovudine,Generic,150/300mg,,,,,,,,,,,,151-NG-T30,SO-48320,DN-3918,PMO - US,From RDC,N/A - From RDC,Air Charter,2/13/2014,30-Sep-14,3-Sep-14,5-Sep-14,ARV,Adult,"Lamivudine/Zidovudine 150/300mg, tablets, 60 Tabs",Tablet - FDC,60.0,194265.0,1307403.45,6.73,0.11,Hetero Unit III Hyderabad IN,Yes,19976,67504,1344.01,FPQ-13704
19359,,,,,Zimbabwe,,,,,,8/4/2014,,,,,,ABBVIE LOGISTICS (FORMERLY ABBOTT LOGISTICS BV),,Lopinavir/Ritonavir,Kaletra,80/20mg/ml,,,,,,,,,,,,103-ZW-T30,SCMS-248220,ASN-27913,PMO - US,Direct Drop,EXW,Air,7/1/2014,18-Sep-14,18-Sep-14,19-Sep-14,ARV,Pediatric,"Lopinavir/Ritonavir 80/20mg/ml [Kaletra], oral solution, cool, Bottle 5 x 60 ml",Oral solution,300.0,2025.0,62410.5,30.82,0.1,ABBVIE (Abbott) Logis. UK,Yes,1902,16777.24,64.16,FPQ-14477
74610,,,,,Vietnam,,,,,,7/8/2011,,,,,,HETERO LABS LIMITED,,Lamivudine/Zidovudine,Generic,150/300mg,,,,,,,,,,,,108-VN-T30,SCMS-113670,ASN-12274,PMO - US,Direct Drop,EXW,Air,6/27/2011,24-Oct-11,24-Oct-11,24-Oct-11,ARV,Adult,"Lamivudine/Zidovudine 150/300mg, tablets, 60 Tabs",Tablet - FDC,60.0,11755.0,96391.0,8.2,0.14,Hetero Unit III Hyderabad IN,Yes,1083,9046.76,159.05,FPQ-7898
83062,,,,,Uganda,,,,,,N/A - From RDC,,,,,,SCMS from RDC,,Lopinavir/Ritonavir,Generic,200/50mg,,,,,,,,,,,,900-UG-T30,SO-42581,DN-2782,PMO - US,From RDC,N/A - From RDC,Air,6/6/2012,30-Oct-12,30-Oct-12,30-Oct-12,ARV,Adult,"Lopinavir/Ritonavir 200/50mg, tablets, 120 Tabs",Tablet,120.0,5000.0,148400.0,29.68,0.25,"Aurobindo Unit III, India",Yes,1199,7070,208.06,FPQ-10048
86532,151-NG-T30,FPQ-9968,SO-42680,DN-2947,Nigeria,PMO - US,From RDC,N/A - From RDC,Air,5/23/12,N/A - From RDC,4-Dec-12,4-Dec-12,4-Dec-12,ARV,Adult,SCMS from RDC,"Lamivudine/Nevirapine/Zidovudine 150/200/300mg, tablets, 60 Tabs",Lamivudine/Nevirapine/Zidovudine,Generic,150/300/200mg,Tablet - FDC,60.0,138508.0,1332446.96,9.62,0.16,Mylan (formerly Matrix) Nashik,No,See DN-2947 (ID#:83642),See DN-2947 (ID#:83642),1868.09,,,,,,,,,,,,,,,,,,,,,,,,,,
83514,,,,,Zimbabwe,,,,,,N/A - From RDC,,,,,,SCMS from RDC,,Lamivudine/Stavudine,Generic,150/30mg,,,,,,,,,,,,113-ZW-T30,SO-37842,DN-2285,PMO - US,From RDC,N/A - From RDC,Truck,10/13/2010,15-Aug-11,11-Aug-11,11-Aug-11,ARV,Adult,"Lamivudine/Stavudine 150/30mg, tablets, 60 Tabs",Tablet - FDC,60.0,4669.0,15314.32,3.28,0.05,"Cipla, Goa, India",Yes,357,2143.49,33.02,FPQ-6470
2477,,Pre-PQ Process,,,Guyana,,,,,,3/31/2009,,,,,,"Orgenics, Ltd",,"HIV 1/2, Determine Complete HIV Kit",Determine,,,,,,,,,,,,,102-GY-T01,SCMS-42290,ASN-3987,PMO - US,Direct Drop,EXW,Air,Pre-PQ Process,5-Jun-09,5-Jun-09,5-Jun-09,HRDT,HIV test,"HIV 1/2, Determine Complete HIV Kit, 100 Tests",Test kit,100.0,425.0,38250.0,90.0,0.9,Inverness Japan,Yes,130,1859.79,74.97,
72572,,,,,Botswana,,,,,,12/9/2010,,,,,,"SHANGHAI KEHUA BIOENGINEERING CO.,LTD.  (KHB)",,"HIV 1/2, Colloidal Gold, Diagnostic Kit, Antibody",Colloidal Gold,,,,,,,,,,,,,102-BW-T30,SCMS-93790,ASN-9739,PMO - US,Direct Drop,EXW,Air,11/19/2010,14-Mar-11,14-Mar-11,14-Mar-11,HRDT,HIV test,"HIV 1/2, SKB Colloidal Gold, Diagnostic Kit, Antibody, 50 Tests",Test kit,1.0,20.0,460.0,23.0,23.0,"KHB Test Kit Facility, Shanghai China",Yes,16,486.18,0.76,FPQ-6652
84853,111-MZ-T30,FPQ-11884,SO-44865,DN-3318,Mozambique,PMO - US,From RDC,N/A - From RDC,Truck,3/19/13,N/A - From RDC,31-Oct-13,31-Oct-13,12-Nov-13,ARV,Adult,SCMS from RDC,"Lamivudine/Nevirapine/Stavudine 150/200/30mg, tablets, 60 Tabs",Lamivudine/Nevirapine/Stavudine,Generic,150/200/30mg,Tablet - FDC,60.0,87707.0,378894.24,4.32,0.07,"Strides, Bangalore, India.",No,See DN-3318 (ID#:83716),See DN-3318 (ID#:83716),468.69,,,,,,,,,,,,,,,,,,,,,,,,,,
40490,,,,,South Sudan,,,,,,7/1/2014,,,,,,"Trinity Biotech, Plc",,"HIV 1/2, Uni-Gold HIV Kit",Uni-Gold,,,,,,,,,,,,,105-SS-T30,SCMS-245230,ASN-27241,PMO - US,Direct Drop,EXW,Air,6/17/2014,29-Sep-14,29-Sep-14,30-Sep-14,HRDT,HIV test,"HIV 1/2, Uni-Gold HIV Kit, 20 Tests",Test kit,20.0,450.0,14400.0,32.0,1.6,"Trinity Biotech, Plc",No,See ASN-27241 (ID#:23488),See ASN-27241 (ID#:23488),14.8,FPQ-14470
67917,161-ZA-T30,FPQ-5648,SCMS-75460,ASN-8900,South Africa,PMO - US,Direct Drop,DDP,Ocean,6/2/10,6/17/10,4-Mar-11,6-Jan-11,6-Jan-11,ARV,Adult,Aurobindo Pharma Limited,"Lamivudine 150mg, tablets, 60 Tabs",Lamivudine,Generic,150mg,Tablet,60.0,19172.0,46396.24,2.42,0.04,"Aurobindo Unit III, India",Yes,Weight Captured Separately,Freight Included in Commodity Cost,100.03,,,,,,,,,,,,,,,,,,,,,,,,,,
10800,,,,,Côte d'Ivoire,,,,,,N/A - From RDC,,,,,,SCMS from RDC,,Lamivudine,Generic,10mg/ml,,,,,,,,,,,,104-CI-T01,SO-34070,DN-1492,PMO - US,From RDC,N/A - From RDC,Air,Date Not Captured,27-Oct-09,27-Oct-09,27-Oct-09,ARV,Pediatric,"Lamivudine 10mg/ml, oral solution, Bottle, 240 ml",Oral solution,240.0,3535.0,6716.5,1.9,0.01,"Aurobindo Unit III, India",Yes,1224,2298.61,14.48,Pre-PQ Process
64319,,,,,Nigeria,,,,,,8/13/2012,,,,,,"Orgenics, Ltd",,"HIV 1/2, Determine Complete HIV Kit",Determine,,,,,,,,,,,,,133-NG-T30,SCMS-155320,ASN-16927,PMO - US,Direct Drop,EXW,Air,7/17/2012,6-Nov-12,7-Nov-12,7-Nov-12,HRDT,HIV test,"HIV 1/2, Determine Complete HIV Kit, 100 Tests",Test kit,100.0,2835.0,252315.0,89.0,0.89,"Alere Medical Co., Ltd.",Yes,1352,30726.22,353.75,FPQ-10349
86000,,FPQ-11864,,,Nigeria,,,,,,N/A - From RDC,,,,,,SCMS from RDC,,Lamivudine/Nevirapine/Zidovudine,Generic,30/50/60mg,,,,,,,,,,,,151-NG-T30,SO-44925,DN-3323,PMO - US,From RDC,N/A - From RDC,Air Charter,3/14/2013,20-Sep-13,12-Sep-13,12-Sep-13,ARV,Pediatric,"Lamivudine/Nevirapine/Zidovudine 30/50/60mg, dispersible tablets, 60 Tabs",Chewable/dispersible tablet - FDC,60.0,46050.0,179134.5,3.89,0.06,Mylan (formerly Matrix) Nashik,Yes,2847,5703.06,221.59,
10576,,,,,Côte d'Ivoire,,,,,,N/A - From RDC,,,,,,SCMS from RDC,,"HIV 1/2, Determine Complete HIV Kit",Determine,,,,,,,,,,,,,104-CI-T01,SO-781,DN-245,PMO - US,From RDC,N/A - From RDC,,Pre-PQ Process,31-Jul-07,31-Jul-07,31-Jul-07,HRDT,HIV test,"HIV 1/2, Determine Complete HIV Kit, 100 Tests",Test kit,100.0,2.0,160.0,80.0,0.8,ABBVIE GmbH & Co.KG Wiesbaden,Yes,1,9789.07,0.26,Pre-PQ Process
84430,104-CI-T30,FPQ-13628,SO-47912,DN-4024,Côte d'Ivoire,PMO - US,From RDC,N/A - From RDC,Truck,1/29/14,N/A - From RDC,30-Jan-15,11-Feb-15,16-Feb-15,ARV,Adult,SCMS from RDC,"Lopinavir/Ritonavir 200/50mg, tablets, 120 Tabs",Lopinavir/Ritonavir,Generic,200/50mg,Tablet,120.0,10275.0,213720.0,20.8,0.17,"Aurobindo Unit III, India",No,See DN-4024 (ID#:82756),See DN-4024 (ID#:82756),219.7,,,,,,,,,,,,,,,,,,,,,,,,,,
86111,,,,,Côte d'Ivoire,,,,,,N/A - From RDC,,,,,,SCMS from RDC,,Abacavir/Lamivudine,Generic,60/30mg,,,,,,,,,,,,104-CI-T30,SO-47120,DN-3789,PMO - US,From RDC,N/A - From RDC,Truck,10/22/2013,30-Jun-14,9-Jul-14,7-Aug-14,ARV,Pediatric,"Abacavir/Lamivudine 60/30mg, tablets, 60 Tabs",Tablet - FDC,60.0,10000.0,40900.0,4.09,0.07,Mylan (formerly Matrix) Nashik,Yes,365,2436.32,42.05,FPQ-13142
21044,,FPQ-12539,,,Vietnam,,,,,,8/2/2013,,,,,,MYLAN LABORATORIES LTD (FORMERLY MATRIX LABORATORIES),,Lamivudine/Zidovudine,Generic,150/300mg,,,,,,,,,,,,108-VN-T30,SCMS-199800,ASN-22999,PMO - US,Direct Drop,EXW,Air,7/11/2013,23-Dec-13,23-Dec-13,23-Dec-13,ARV,Adult,"Lamivudine/Zidovudine 150/300mg, tablets, 60 Tabs",Tablet - FDC,60.0,1652.0,10721.48,6.49,0.11,Mylan (formerly Matrix) Nashik,Yes,146,746.89,13.26,
54957,,,,,Vietnam,,,,,,4/30/2014,,,,,,ABBVIE LOGISTICS (FORMERLY ABBOTT LOGISTICS BV),,Ritonavir,Norvir,100mg,,,,,,,,,,,,108-VN-T30,SCMS-235630,ASN-28049,PMO - US,Direct Drop,FCA,Air,4/8/2014,7-Oct-14,7-Oct-14,8-Oct-14,ARV,Adult,"Ritonavir 100mg [Norvir], film coated tablets, 30 Tabs",Tablet,30.0,100.0,2326.0,23.26,0.78,ABBVIE Ludwigshafen Germany,Yes,Weight Captured Separately,Invoiced Separately,2.39,FPQ-13976
84738,,FPQ-9432,,,Nigeria,,,,,,N/A - From RDC,,,,,,SCMS from RDC,,Lamivudine/Zidovudine,Generic,150/300mg,,,,,,,,,,,,151-NG-T30,SO-42930,DN-2791,PMO - US,From RDC,N/A - From RDC,Air Charter,3/1/2012,20-Aug-12,14-Aug-12,14-Aug-12,ARV,Adult,"Lamivudine/Zidovudine 150/300mg, tablets, 60 Tabs",Tablet - FDC,60.0,12616.0,100928.0,8.0,0.13,Hetero Unit III Hyderabad IN,No,See DN-2791 (ID#:83064),See DN-2791 (ID#:83064),141.5,
42195,,,,,South Africa,,,,,,Date Not Captured,,,,,,S. BUYS WHOLESALER,,Tenofovir Disoproxil Fumarate,Generic,300mg,,,,,,,,,,,,116-ZA-T30,SCMS-183950,ASN-19166,South Africa Field Office,Direct Drop,DDP,Truck,3/18/2013,16-Apr-13,16-Apr-13,16-Apr-13,ARV,Adult,"Tenofovir Disoproxil Fumarate 300mg, tablets, 30 Tabs",Tablet,30.0,6304.0,129614.89,20.56,0.69,"Cipla, Goa, India",No,Weight Captured Separately,Freight Included in Commodity Cost,160.33,FPQ-11828
80138,,,,,South Africa,,,,,,4/21/2010,,,,,,S. BUYS WHOLESALER,,Didanosine EC,Videx EC,400mg,,,,,,,,,,,,116-ZA-T30,SCMS-71370,ASN-7373,PMO - US,Direct Drop,DDP,Truck,4/19/2010,31-May-10,31-May-10,31-May-10,ARV,Adult,"Didanosine EC 400mg [Videx EC], delayed-release capsules, Blister 3 x 10 Caps",Delayed-release capsules - blister,30.0,140.0,4039.16,28.85,0.96,"BMS Meymac, France",No,Weight Captured Separately,Freight Included in Commodity Cost,8.71,FPQ-5535
86527,,,,,Zambia,,,,,,N/A - From RDC,,,,,,SCMS from RDC,,Emtricitabine/Tenofovir Disoproxil Fumarate,Generic,200/300mg,,,,,,,,,,,,110-ZM-T30,SO-41990,DN-2919,PMO - US,From RDC,N/A - From RDC,Truck,4/27/2012,17-Dec-12,17-Dec-12,17-Dec-12,ARV,Adult,"Emtricitabine/Tenofovir Disoproxil Fumarate 200/300mg, tablets, 30 Tabs",Tablet - FDC,30.0,132175.0,871033.25,6.59,0.22,Mylan (formerly Matrix) Nashik,No,See DN-2919 (ID#:84201),See DN-2919 (ID#:84201),1221.19,FPQ-9773
82496,,FPQ-8952,,,Nigeria,,,,,,N/A - From RDC,,,,,,SCMS from RDC,,Lamivudine,Generic,150mg,,,,,,,,,,,,151-NG-T30,SO-41260,DN-2774,PMO - US,From RDC,N/A - From RDC,Air Charter,12/8/2011,31-Jul-12,24-Jul-12,24-Jul-12,ARV,Adult,"Lamivudine 150mg, tablets, 60 Tabs",Tablet,60.0,9980.0,23253.4,2.33,0.04,Hetero Unit III Hyderabad IN,Yes,642,16532.5,32.6,
84019,109-TZ-T30,FPQ-5173,SO-36030,DN-1927,Tanzania,PMO - US,From RDC,N/A - From RDC,Air,2/23/10,N/A - From RDC,19-Jul-10,4-Aug-10,4-Aug-10,ARV,Adult,SCMS from RDC,"Abacavir 300mg, tablets, 60 Tabs",Abacavir,Generic,300mg,Tablet,60.0,23358.0,400356.12,17.14,0.29,Mylan (formerly Matrix) Nashik,Yes,2344,9309.52,863.17,,,,,,,,,,,,,,,,,,,,,,,,,,
83832,,,,,Côte d'Ivoire,,,,,,N/A - From RDC,,,,,,SCMS from RDC,,Efavirenz,Generic,600mg,,,,,,,,,,,,104-CI-T30,SO-43360,DN-3850,PMO - US,From RDC,N/A - From RDC,Truck,9/11/2012,29-Aug-14,18-Aug-14,5-Sep-14,ARV,Adult,"Efavirenz 600mg, tablets, 30 Tabs",Tablet,30.0,29804.0,95670.84,3.21,0.11,"Strides, Bangalore, India.",Yes,1766,7481.81,134.13,FPQ-10633
46177,,,,,South Africa,,,,,,8/29/2014,,,,,,S. BUYS WHOLESALER,,Nevirapine,Generic,200mg,,,,,,,,,,,,116-ZA-T30,SCMS-199289,ASN-28033,PMO - US,Direct Drop,DDP,Truck,7/11/2013,29-Aug-14,29-Aug-14,29-Aug-14,ARV,Adult,"Nevirapine 200mg, tablets, 60 Tabs",Tablet,60.0,104.0,2036.11,19.58,0.33,"Aurobindo Unit III, India",No,Weight Captured Separately,Freight Included in Commodity Cost,2.52,FPQ-12522
83417,,FPQ-4809,,,Zambia,,,,,,N/A - From RDC,,,,,,SCMS from RDC,,Abacavir,Generic,300mg,,,,,,,,,,,,110-ZM-T30,SO-36400,DN-1774,PMO - US,From RDC,N/A - From RDC,Truck,1/6/2010,21-Jul-10,16-Apr-10,16-Apr-10,ARV,Adult,"Abacavir 300mg, tablets, 60 Tabs",Tablet,60.0,9455.0,202526.1,21.42,0.36,Mylan (formerly Matrix) Nashik,Yes,944,8022.59,436.65,
12191,,Pre-PQ Process,,,Namibia,,,,,,N/A - From RDC,,,,,,SCMS from RDC,,"HIV 1/2, Clearview Complete Kit",Clearview,,,,,,,,,,,,,119-NA-T01,SO-1970,DN-680,PMO - US,From RDC,N/A - From RDC,Air,Pre-PQ Process,19-Mar-08,19-Mar-08,19-Mar-08,HRDT,HIV test,"HIV 1/2, Clearview Complete Kit, 25 Tests",Test kit,25.0,229.0,17175.0,75.0,3.0,Inverness USA,Yes,140,1286.7,27.48,
83274,151-NG-T30,FPQ-13704,SO-48320,DN-3918,Nigeria,PMO - US,From RDC,N/A - From RDC,Air Charter,2/13/14,N/A - From RDC,30-Sep-14,3-Sep-14,5-Sep-14,ARV,Adult,SCMS from RDC,"Lamivudine/Zidovudine 150/300mg, tablets, 60 Tabs",Lamivudine/Zidovudine,Generic,150/300mg,Tablet - FDC,60.0,194265.0,1307403.45,6.73,0.11,Hetero Unit III Hyderabad IN,Yes,19976,67504,1344.01,,,,,,,,,,,,,,,,,,,,,,,,,,
38312,114-UG-T30,FPQ-4373,SCMS-58230,ASN-6154,Uganda,PMO - US,Direct Drop,FCA,Air,11/25/09,12/2/09,10-Mar-10,10-Mar-10,10-Mar-10,ARV,Adult,ABBVIE LOGISTICS (FORMERLY ABBOTT LOGISTICS BV),"Ritonavir 100mg [Norvir], capsules, cool, 4 x 84 Caps",Ritonavir,Norvir,100mg,Capsule,336.0,21.0,805.56,38.36,0.11,ABBVIE (Abbott) Logis. UK,Yes,58,776.62,1.58,,,,,,,,,,,,,,,,,,,,,,,,,,
83187,,,,,Mozambique,,,,,,N/A - From RDC,,,,,,SCMS from RDC,,Abacavir,Generic,300mg,,,,,,,,,,,,111-MZ-T30,SO-45893,DN-3428,PMO - US,From RDC,N/A - From RDC,Truck,6/28/2013,29-Nov-13,30-Jan-14,17-Feb-14,ARV,Adult,"Abacavir 300mg, tablets, 60 Tabs",Tablet,60.0,6275.0,71911.5,11.46,0.19,Mylan (formerly Matrix) Nashik,No,See DN-3428 (ID#:83186),See DN-3428 (ID#:83186),88.95,FPQ-12416
26655,,,,,South Africa,,,,,,10/3/2014,,,,,,PHARMACY DIRECT,,Nevirapine,Generic,200mg,,,,,,,,,,,,116-ZA-T30,SCMS-238554,ASN-28627,PMO - US,Direct Drop,DDP,Truck,4/30/2014,3-Oct-14,3-Oct-14,3-Oct-14,ARV,Adult,"Nevirapine 200mg, tablets, 60 Tabs",Tablet,60.0,12.0,212.96,17.75,0.3,"Aurobindo Unit III, India",No,Weight Captured Separately,Freight Included in Commodity Cost,0.22,FPQ-13973
47979,,FPQ-15823,,,Vietnam,,,,,,3/4/2015,,,,,,ABBVIE LOGISTICS (FORMERLY ABBOTT LOGISTICS BV),,Ritonavir,Norvir,100mg,,,,,,,,,,,,108-VN-T30,SCMS-277350,ASN-32256,PMO - US,Direct Drop,FCA,Air,2/13/2015,9-Jul-15,9-Jul-15,10-Jul-15,ARV,Adult,"Ritonavir 100mg [Norvir], film coated tablets, 30 Tabs",Tablet,30.0,300.0,6978.0,23.26,0.78,ABBVIE Ludwigshafen Germany,Yes,Weight Captured Separately,Invoiced Separately,8.21,
23666,,,,,South Africa,,,,,,12/2/2013,,,,,,S. BUYS WHOLESALER,,Lamivudine,Generic,10mg/ml,,,,,,,,,,,,116-ZA-T30,SCMS-215410,ASN-23875,PMO - US,Direct Drop,DDP,Truck,11/14/2013,13-Jan-14,13-Jan-14,13-Jan-14,ARV,Pediatric,"Lamivudine 10mg/ml, oral solution w/syringe, Bottle, 240 ml",Oral solution,240.0,54.0,382.47,7.08,0.03,"Aurobindo Unit III, India",No,Weight Captured Separately,Freight Included in Commodity Cost,0.39,FPQ-13214
11612,110-ZM-T01,Pre-PQ Process,SO-2489,DN-865,Zambia,PMO - US,From RDC,N/A - From RDC,Truck,Pre-PQ Process,N/A - From RDC,27-Aug-08,27-Aug-08,27-Aug-08,ARV,Adult,SCMS from RDC,"Nevirapine 200mg, tablets, 60 Tabs",Nevirapine,Generic,200mg,Tablet,60.0,44440.0,151096.0,3.4,0.06,"Aurobindo Unit III, India",Yes,8276,6120.06,241.75,,,,,,,,,,,,,,,,,,,,,,,,,,
10927,,,,,Mozambique,,,,,,N/A - From RDC,,,,,,SCMS from RDC,,Abacavir/Lamivudine/Zidovudine,Trizivir,300/150/300mg,,,,,,,,,,,,111-MZ-T01,SO-1039,DN-628,PMO - US,From RDC,N/A - From RDC,Air,Pre-PQ Process,8-Apr-08,5-Apr-08,5-Apr-08,ARV,Adult,"Abacavir/Lamivudine/Zidovudine 300/150/300mg [Trizivir], tablets, 60 Tabs",Tablet - FDC,60.0,213.0,14910.0,70.0,1.17,GSK Ware (UK),No,See DN-628 (ID#:10654),See DN-628 (ID#:10654),23.86,Pre-PQ Process
73818,104-CI-T30,FPQ-6037,SCMS-80630,ASN-8532,Côte d'Ivoire,PMO - US,Direct Drop,EXW,Air,7/14/10,7/30/10,10-Nov-10,10-Nov-10,10-Nov-10,HRDT,HIV test,"Orgenics, Ltd","HIV 1/2, Determine HIV Kit, without Lancets, 100 Tests","HIV 1/2, Determine HIV Kit, without Lancets",Determine,,Test kit,100.0,5408.0,420201.6,77.7,0.78,Inverness Japan,Yes,1229,17085.16,905.95,,,,,,,,,,,,,,,,,,,,,,,,,,
55814,,,,,Sudan,,,,,,9/14/2011,,,,,,"Orgenics, Ltd",,"HIV 1/2, Determine Complete HIV Kit",Determine,,,,,,,,,,,,,102-SD-T30,SCMS-120441,ASN-12834,PMO - US,Direct Drop,EXW,Air,8/29/2011,6-Jan-12,6-Jan-12,6-Jan-12,HRDT,HIV test,"HIV 1/2, Determine Complete HIV Kit, 100 Tests",Test kit,100.0,129.0,11481.0,89.0,0.89,"Alere Medical Co., Ltd.",Yes,60,1133.17,18.94,FPQ-8261
85472,109-TZ-T30,FPQ-13566,SO-47651,DN-3674,Tanzania,PMO - US,From RDC,N/A - From RDC,Truck,1/15/14,N/A - From RDC,30-Jun-14,24-Jun-14,21-Aug-14,ARV,Adult,SCMS from RDC,"Efavirenz/Emtricitabine/Tenofovir Disoproxil Fumarate 600/200/300mg, tablets, 30 Tabs",Efavirenz/Emtricitabine/Tenofovir Disoproxil Fumarate,Generic,600/200/300mg,Tablet - FDC,30.0,50000.0,594500.0,11.89,0.4,"Cipla, Goa, India",Yes,5446,27804.65,611.15,,,,,,,,,,,,,,,,,,,,,,,,,,
27820,,FPQ-7617,,,Uganda,,,,,,5/12/2011,,,,,,ASPEN PHARMACARE,,Etravirine,Intelence,100mg,,,,,,,,,,,,114-UG-T30,SCMS-109060,ASN-11530,PMO - US,Direct Drop,DDP,Air,4/29/2011,22-Jul-11,22-Jul-11,22-Jul-11,ARV,Adult,"Etravirine 100mg [Intelence], tablets, 120 Tabs",Tablet,120.0,93.0,7839.9,84.3,0.7,"Janssen-Cilag, Latina, IT",Yes,22,140,12.94,
82881,,FPQ-4537,,,Nigeria,,,,,,N/A - From RDC,,,,,,SCMS from RDC,,Efavirenz,Generic,600mg,,,,,,,,,,,,151-NG-T30,SO-36001,DN-1785,PMO - US,From RDC,N/A - From RDC,Air Charter,11/6/2009,31-May-10,18-May-10,18-May-10,ARV,Adult,"Efavirenz 600mg, tablets, 30 Tabs",Tablet,30.0,14600.0,69350.0,4.75,0.16,"Aurobindo Unit III, India",Yes,1288,9736.1,149.52,
12148,114-UG-T01,Pre-PQ Process,SO-1302,DN-489,Uganda,PMO - US,From RDC,N/A - From RDC,Air,Pre-PQ Process,N/A - From RDC,15-Jan-08,15-Jan-08,15-Jan-08,ARV,Adult,SCMS from RDC,"Lamivudine/Zidovudine 150/300mg, tablets, 60 Tabs",Lamivudine/Zidovudine,Generic,150/300mg,Tablet - FDC,60.0,16.0,152.0,9.5,0.16,"Cipla, Goa, India",No,See DN-489 (ID#:11516),See DN-489 (ID#:11516),0.24,,,,,,,,,,,,,,,,,,,,,,,,,,
11596,,Pre-PQ Process,,,Tanzania,,,,,,N/A - From RDC,,,,,,SCMS from RDC,,Lamivudine/Zidovudine,Generic,150/300mg,,,,,,,,,,,,109-TZ-T01,SO-1697,DN-893,PMO - US,From RDC,N/A - From RDC,,Pre-PQ Process,15-Sep-08,15-Sep-08,15-Sep-08,ARV,Adult,"Lamivudine/Zidovudine 150/300mg, tablets, 60 Tabs",Tablet - FDC,60.0,58086.0,551817.0,9.5,0.16,"Aurobindo Unit III, India",Yes,8343,9001.03,882.91,
86243,104-CI-T30,FPQ-3964,SO-34500,DN-1523,Côte d'Ivoire,PMO - US,From RDC,N/A - From RDC,Air,7/24/09,N/A - From RDC,1-Dec-09,2-Dec-09,2-Dec-09,ARV,Adult,SCMS from RDC,"Efavirenz 600mg, tablets, 30 Tabs",Efavirenz,Generic,600mg,Tablet,30.0,30464.0,176081.92,5.78,0.19,"Aurobindo Unit III, India",No,See DN-1523 (ID#:83961),See DN-1523 (ID#:83961),345.12,,,,,,,,,,,,,,,,,,,,,,,,,,
10841,,,,,Angola,,,,,,N/A - From RDC,,,,,,SCMS from RDC,,"HIV 1/2, Determine Complete HIV Kit",Determine,,,,,,,,,,,,,120-AO-T01,SO-780,DN-256,PMO - US,From RDC,N/A - From RDC,Truck,Pre-PQ Process,15-Oct-07,15-Oct-07,15-Oct-07,HRDT,HIV test,"HIV 1/2, Determine Complete HIV Kit, 100 Tests",Test kit,100.0,150.0,12000.0,80.0,0.8,ABBVIE GmbH & Co.KG Wiesbaden,Yes,49,1012.59,19.2,Pre-PQ Process
84245,111-MZ-T30,FPQ-11882,SO-44820,DN-3109,Mozambique,PMO - US,From RDC,N/A - From RDC,Air,3/19/13,N/A - From RDC,4-Jul-13,4-Jul-13,4-Jul-13,ARV,Adult,SCMS from RDC,"Tenofovir Disoproxil Fumarate 300mg, tablets, 30 Tabs",Tenofovir Disoproxil Fumarate,Generic,300mg,Tablet,30.0,1800.0,7272.0,4.04,0.13,Mylan (formerly Matrix) Nashik,Yes,108,832.5,9.0,,,,,,,,,,,,,,,,,,,,,,,,,,
85385,,FPQ-12473,,,Uganda,,,,,,N/A - From RDC,,,,,,SCMS from RDC,,Lamivudine/Nevirapine/Zidovudine,Generic,150/300/200mg,,,,,,,,,,,,114-UG-T30,SO-45870,DN-3267,PMO - US,From RDC,N/A - From RDC,Air,6/11/2013,29-Aug-13,13-Sep-13,13-Sep-13,ARV,Adult,"Lamivudine/Nevirapine/Zidovudine 150/200/300mg, tablets, 60 Tabs",Tablet - FDC,60.0,100000.0,858000.0,8.58,0.14,"Cipla, Goa, India",No,See DN-3267 (ID#:83708),See DN-3267 (ID#:83708),1061.35,
32963,,,,,Côte d'Ivoire,,,,,,12/9/2013,,,,,,ABBVIE LOGISTICS (FORMERLY ABBOTT LOGISTICS BV),,Lopinavir/Ritonavir,Generic,100/25mg,,,,,,,,,,,,104-CI-T30,SCMS-206521,ASN-24427,PMO - US,Direct Drop,FCA,Air,8/9/2013,17-Mar-14,17-Mar-14,18-Mar-14,ARV,Pediatric,"Lopinavir/Ritonavir 100/25mg [Aluvia], tablets, 60 Tabs",Tablet,60.0,5900.0,35046.0,5.94,0.1,ABBVIE Ludwigshafen Germany,Yes,701,7008.1,43.35,FPQ-12806
84858,,FPQ-11884,,,Mozambique,,,,,,N/A - From RDC,,,,,,SCMS from RDC,,Lamivudine/Zidovudine,Generic,150/300mg,,,,,,,,,,,,111-MZ-T30,SO-44870,DN-3339,PMO - US,From RDC,N/A - From RDC,Truck,3/19/2013,31-Oct-13,13-Nov-13,2-Dec-13,ARV,Adult,"Lamivudine/Zidovudine 150/300mg, tablets, 60 Tabs",Tablet - FDC,60.0,21984.0,159823.68,7.27,0.12,"Aurobindo Unit III, India",No,See DN-3339 (ID#:83718),See DN-3339 (ID#:83718),197.7,
84697,101-CD-T30,FPQ-8840,SO-41134,DN-2496,"Congo, DRC",PMO - US,From RDC,N/A - From RDC,Air,11/21/11,N/A - From RDC,16-Mar-12,14-Feb-12,14-Feb-12,ARV,Adult,SCMS from RDC,"Nevirapine 200mg, tablets, 60 Tabs",Nevirapine,Generic,200mg,Tablet,60.0,40.0,103.2,2.58,0.04,"Strides, Bangalore, India.",No,See DN-2496 (ID#:82434),See DN-2496 (ID#:82434),0.14,,,,,,,,,,,,,,,,,,,,,,,,,,
25085,,FPQ-6608,,,Ethiopia,,,,,,11/24/2010,,,,,,"Trinity Biotech, Plc",,"HIV 1/2, Uni-Gold HIV Kit",Uni-Gold,,,,,,,,,,,,,117-ET-T30,SCMS-92050,ASN-10239,PMO - US,Direct Drop,EXW,Air,11/9/2010,8-Apr-11,8-Apr-11,8-Apr-11,HRDT,HIV test,"HIV 1/2, Uni-Gold HIV Kit, 20 Tests",Test kit,20.0,336.0,10752.0,32.0,1.6,"Trinity Biotech, Plc",Yes,Weight Captured Separately,1921.14,17.74,
21983,,FPQ-4770,,,South Africa,,,,,,12/23/2009,,,,,,S. BUYS WHOLESALER,,Zidovudine,Retrovir,300mg,,,,,,,,,,,,116-ZA-T30,SCMS-60170,ASN-5933,PMO - US,Direct Drop,DDP,Truck,12/17/2009,29-Dec-09,29-Dec-09,29-Dec-09,ARV,Adult,"Zidovudine 300mg [Retrovir], tablets, 60 Tabs",Tablet,60.0,500.0,7451.43,14.9,0.25,GSK Ware (UK),No,Weight Captured Separately,Freight Included in Commodity Cost,16.07,
10833,,,,,Nigeria,,,,,,N/A - From RDC,,,,,,SCMS from RDC,,Nevirapine,Generic,200mg,,,,,,,,,,,,112-NG-T01,SO-557,DN-172,PMO - US,From RDC,N/A - From RDC,,Pre-PQ Process,26-Jun-07,26-Jun-07,26-Jun-07,ARV,Adult,"Nevirapine 200mg, tablets, 60 Tabs",Tablet,60.0,1198.0,4276.86,3.57,0.06,"Strides, Bangalore, India.",No,See DN-172 (ID#:10566),See DN-172 (ID#:10566),,Pre-PQ Process
12006,,,,,Zimbabwe,,,,,,N/A - From RDC,,,,,,SCMS from RDC,,Lamivudine/Nevirapine/Stavudine,Generic,150/200/30mg,,,,,,,,,,,,113-ZW-T01,SO-21020,DN-1411,PMO - US,From RDC,N/A - From RDC,Truck,Date Not Captured,22-Sep-09,22-Sep-09,22-Sep-09,ARV,Adult,"Lamivudine/Nevirapine/Stavudine 150/200/30mg, tablets, 60 Tabs",Tablet - FDC,60.0,76000.0,541120.0,7.12,0.12,"Cipla, Goa, India",No,See DN-1411 (ID#:11352),See DN-1411 (ID#:11352),1060.6,Pre-PQ Process
12089,,Pre-PQ Process,,,Mozambique,,,,,,N/A - From RDC,,,,,,SCMS from RDC,,Abacavir,Generic,300mg,,,,,,,,,,,,111-MZ-T01,SO-298,DN-304,PMO - US,From RDC,N/A - From RDC,Air,Pre-PQ Process,21-Sep-07,21-Sep-07,21-Sep-07,ARV,Adult,"Abacavir 300mg, tablets, 60 Tabs",Tablet,60.0,960.0,34080.0,35.5,0.59,"Aurobindo Unit III, India",No,See DN-304 (ID#:10589),See DN-304 (ID#:10589),54.53,
35299,,FPQ-13214,,,South Africa,,,,,,12/2/2013,,,,,,S. BUYS WHOLESALER,,Stavudine,Generic,30mg,,,,,,,,,,,,116-ZA-T30,SCMS-215410,ASN-23875,PMO - US,Direct Drop,DDP,Truck,11/14/2013,13-Jan-14,13-Jan-14,13-Jan-14,ARV,Adult,"Stavudine 30mg, capsules, 60 Caps",Capsule,60.0,440.0,1734.76,3.94,0.07,"Aurobindo Unit III, India",No,Weight Captured Separately,Freight Included in Commodity Cost,1.78,
19873,116-ZA-T30,FPQ-14942,SCMS-259078,ASN-33470,South Africa,PMO - US,Direct Drop,DDP,Truck,9/11/14,10/9/14,24-Jul-15,24-Jul-15,24-Jul-15,ARV,Adult,PHARMACY DIRECT,"Nevirapine 200mg, tablets, 60 Tabs",Nevirapine,Generic,200mg,Tablet,60.0,23.0,315.96,13.74,0.23,"Aurobindo Unit III, India",No,Weight Captured Separately,Freight Included in Commodity Cost,0.32,,,,,,,,,,,,,,,,,,,,,,,,,,
35896,108-VN-T30,FPQ-12051,SCMS-188670,ASN-23622,Vietnam,PMO - US,Direct Drop,EXW,Air,5/3/13,5/17/13,22-Jan-14,22-Jan-14,22-Jan-14,ARV,Adult,Aurobindo Pharma Limited,"Lamivudine/Nevirapine/Zidovudine 150/200/300mg, tablets, 60 Tabs",Lamivudine/Nevirapine/Zidovudine,Generic,150/300/200mg,Tablet - FDC,60.0,26598.0,216773.7,8.15,0.14,"Aurobindo Unit III, India",Yes,3301,5764.28,268.15,,,,,,,,,,,,,,,,,,,,,,,,,,
22670,,,,,Nigeria,,,,,,6/2/2014,,,,,,"Orgenics, Ltd",,"HIV 1/2, Determine Complete HIV Kit",Determine,,,,,,,,,,,,,133-NG-T30,SCMS-240830,ASN-27474,PMO - US,Direct Drop,EXW,Air,5/16/2014,19-Aug-14,5-Sep-14,17-Sep-14,HRDT,HIV test,"HIV 1/2, Determine Complete HIV Kit, 100 Tests",Test kit,100.0,4177.0,371753.0,89.0,0.89,"Alere Medical Co., Ltd.",Yes,2755,25709.5,382.16,FPQ-14305
85716,104-CI-T30,FPQ-5925,SO-37120,DN-2033,Côte d'Ivoire,PMO - US,From RDC,N/A - From RDC,Truck,6/23/10,N/A - From RDC,28-Oct-10,23-Nov-10,23-Nov-10,ARV,Adult,SCMS from RDC,"Abacavir 300mg, tablets, 60 Tabs",Abacavir,Generic,300mg,Tablet,60.0,5070.0,80562.3,15.89,0.26,Mylan (formerly Matrix) Nashik,No,See DN-2033 (ID#:82922),See DN-2033 (ID#:82922),173.69,,,,,,,,,,,,,,,,,,,,,,,,,,
84380,,FPQ-13628,,,Côte d'Ivoire,,,,,,N/A - From RDC,,,,,,SCMS from RDC,,Lamivudine/Zidovudine,Generic,30/60mg,,,,,,,,,,,,104-CI-T30,SO-47871,DN-3897,PMO - US,From RDC,N/A - From RDC,Truck,1/29/2014,30-Sep-14,8-Sep-14,19-Sep-14,ARV,Pediatric,"Lamivudine/Zidovudine 30/60mg, dispersible tablets, 60 Tabs",Chewable/dispersible tablet - FDC,60.0,697.0,1387.03,1.99,0.03,"Cipla, Goa, India",Yes,47,270.74,1.43,
12587,,Pre-PQ Process,,,Uganda,,,,,,N/A - From RDC,,,,,,SCMS from RDC,,Lamivudine/Nevirapine/Zidovudine,Generic,150/300/200mg,,,,,,,,,,,,114-UG-T01,SO-30110,DN-1256,PMO - US,From RDC,N/A - From RDC,Air,Pre-PQ Process,24-Jun-09,24-Jun-09,24-Jun-09,ARV,Adult,"Lamivudine/Nevirapine/Zidovudine 150/200/300mg, tablets, 60 Tabs",Tablet - FDC,60.0,1155.0,13109.25,11.35,0.19,Mylan (formerly Matrix) Nashik,Yes,147,1848.59,25.69,
21061,111-MZ-T30,FPQ-4108,SCMS-52430,ASN-5474,Mozambique,PMO - US,Direct Drop,FCA,Air,8/20/09,9/3/09,23-Nov-09,23-Nov-09,23-Nov-09,ARV,Adult,Hoffmann-La Roche ltd Basel,"Saquinavir 200mg [Invirase], capsules, 270 Caps",Saquinavir,Invirase,200mg,Capsule,270.0,168.0,15864.66,94.43,0.35,Roche Basel,Yes,86,1242.33,31.09,,,,,,,,,,,,,,,,,,,,,,,,,,
12508,,,,,Zimbabwe,,,,,,N/A - From RDC,,,,,,SCMS from RDC,,Zidovudine,Generic,300mg,,,,,,,,,,,,113-ZW-T01,SO-1922,DN-644,PMO - US,From RDC,N/A - From RDC,Truck,Pre-PQ Process,12-Mar-08,12-Mar-08,12-Mar-08,ARV,Adult,"Zidovudine 300mg, tablets, 60 Tabs",Tablet,60.0,6295.0,51304.25,8.15,0.14,"Aurobindo Unit III, India",No,See DN-644 (ID#:11894),See DN-644 (ID#:11894),82.09,Pre-PQ Process
83193,110-ZM-T30,FPQ-12066,SO-45070,DN-3448,Zambia,PMO - US,From RDC,N/A - From RDC,Truck,4/19/13,N/A - From RDC,25-Mar-14,25-Mar-14,2-Apr-14,ARV,Pediatric,SCMS from RDC,"Lamivudine/Nevirapine/Zidovudine 30/50/60mg, dispersible tablets, 60 Tabs",Lamivudine/Nevirapine/Zidovudine,Generic,30/50/60mg,Chewable/dispersible tablet - FDC,60.0,37979.0,147738.31,3.89,0.06,"Strides, Bangalore, India.",Yes,1628,3526.69,182.75,,,,,,,,,,,,,,,,,,,,,,,,,,
83551,111-MZ-T30,FPQ-8157,SO-40321,DN-2480,Mozambique,PMO - US,From RDC,N/A - From RDC,Truck,8/4/11,N/A - From RDC,29-Feb-12,22-Feb-12,22-Feb-12,ARV,Adult,SCMS from RDC,"Lamivudine/Nevirapine/Zidovudine 150/200/300mg, tablets, 60 Tabs",Lamivudine/Nevirapine/Zidovudine,Generic,150/300/200mg,Tablet - FDC,60.0,275.0,3085.5,11.22,0.19,Mylan (formerly Matrix) Nashik,Yes,36,3470,5.09,,,,,,,,,,,,,,,,,,,,,,,,,,
61286,,,,,Nigeria,,,,,,7/10/2013,,,,,,"Orgenics, Ltd",,"HIV 1/2, Determine Complete HIV Kit",Determine,,,,,,,,,,,,,133-NG-T30,SCMS-196561,ASN-22354,PMO - US,Direct Drop,EXW,Air,6/10/2013,7-Nov-13,13-Nov-13,17-Nov-13,HRDT,HIV test,"HIV 1/2, Determine Complete HIV Kit, 100 Tests",Test kit,100.0,3076.0,273764.0,89.0,0.89,"Alere Medical Co., Ltd.",Yes,1249,21084.84,338.65,FPQ-12456
85035,104-CI-T30,FPQ-14370,SO-49090,DN-4177,Côte d'Ivoire,PMO - US,From RDC,N/A - From RDC,Truck,5/23/14,N/A - From RDC,29-May-15,29-May-15,18-Jun-15,ARV,Adult,SCMS from RDC,"Tenofovir Disoproxil Fumarate 300mg, tablets, 30 Tabs",Tenofovir Disoproxil Fumarate,Generic,300mg,Tablet,30.0,7500.0,26625.0,3.55,0.12,Mylan (formerly Matrix) Nashik,No,See DN-4177 (ID#:82804),See DN-4177 (ID#:82804),27.37,,,,,,,,,,,,,,,,,,,,,,,,,,
12044,,,,,Côte d'Ivoire,,,,,,N/A - From RDC,,,,,,SCMS from RDC,,Lamivudine/Zidovudine,Generic,150/300mg,,,,,,,,,,,,100-CI-T01,SO-411,DN-60,PMO - US,From RDC,N/A - From RDC,,Pre-PQ Process,4-May-07,4-May-07,4-May-07,ARV,Adult,"Lamivudine/Zidovudine 150/300mg, tablets, 60 Tabs",Tablet - FDC,60.0,1000.0,10250.0,10.25,0.17,"Aurobindo Unit III, India",Yes,114,1470,,Pre-PQ Process
25393,,FPQ-10128,,,Cameroon,,,,,,7/16/2012,,,,,,Orasure Technologies Inc.,,"HIV 1/2, OraQuick Advance HIV Rapid Antibody Kit",OraQuick,,,,,,,,,,,,,103-CM-T30,SCMS-151590,ASN-15819,PMO - US,Direct Drop,EXW,Air,6/22/2012,17-Aug-12,17-Aug-12,17-Aug-12,HRDT,HIV test,"HIV 1/2, OraQuick Advance HIV Rapid Antibody Kit, 100 Tests",Test kit,100.0,30.0,10500.0,350.0,3.5,"Pacific Biotech, Thailand",Yes,72,1765.54,14.72,
81700,,,,,South Africa,,,,,,3/19/2010,,,,,,Aurobindo Pharma Limited,,Efavirenz,Generic,600mg,,,,,,,,,,,,161-ZA-T30,SCMS-68940,ASN-8125,PMO - US,Direct Drop,DDP,Air,3/18/2010,7-Sep-10,20-Sep-10,20-Sep-10,ARV,Adult,"Efavirenz 600mg, tablets, 30 Tabs",Tablet,30.0,31875.0,148856.25,4.67,0.16,"Aurobindo Unit III, India",Yes,3005,4263.07,320.93,FPQ-5303
2506,123-NG-T01,Pre-PQ Process,SCMS-36892,ASN-4206,Nigeria,PMO - US,Direct Drop,FCA,Air,Pre-PQ Process,4/7/09,14-Jul-09,14-Jul-09,14-Jul-09,ARV,Adult,ABBVIE LOGISTICS (FORMERLY ABBOTT LOGISTICS BV),"Lopinavir/Ritonavir 200/50mg [Aluvia], tablets, 120 Tabs",Lopinavir/Ritonavir,Aluvia,200/50mg,Tablet,120.0,2040.0,83844.0,41.1,0.34,ABBVIE Ludwigshafen Germany,Yes,309,3777.93,164.33,,,,,,,,,,,,,,,,,,,,,,,,,,
55890,,,,,South Africa,,,,,,Date Not Captured,,,,,,S. BUYS WHOLESALER,,Lamivudine/Zidovudine,Generic,150/300mg,,,,,,,,,,,,116-ZA-T30,SCMS-183950,ASN-19166,South Africa Field Office,Direct Drop,DDP,Truck,3/18/2013,16-Apr-13,16-Apr-13,16-Apr-13,ARV,Adult,"Lamivudine/Zidovudine 150/300mg, tablets, 60 Tabs",Tablet - FDC,60.0,1152.0,34884.66,30.28,0.5,"Cipla, Goa, India",No,Weight Captured Separately,Freight Included in Commodity Cost,43.15,FPQ-11828
68437,,,,,Mozambique,,,,,,1/12/2011,,,,,,"Trinity Biotech, Plc",,"HIV 1/2, Uni-Gold HIV Kit",Uni-Gold,,,,,,,,,,,,,111-MZ-T30,SCMS-93750,ASN-9835,PMO - US,Direct Drop,EXW,Air,11/16/2010,7-Apr-11,7-Apr-11,7-Apr-11,HRDT,HIV test,"HIV 1/2, Uni-Gold HIV Kit, 20 Tests",Test kit,20.0,108.0,3456.0,32.0,1.6,"Trinity Biotech, Plc",Yes,41,897.87,5.7,FPQ-6562
82838,,,,,Nigeria,,,,,,N/A - From RDC,,,,,,SCMS from RDC,,Nevirapine,Generic,10mg/ml,,,,,,,,,,,,154-NG-T30,SO-32270,DN-1311,PMO - US,From RDC,N/A - From RDC,Air Charter,5/26/2009,30-Jul-09,4-Aug-09,4-Aug-09,ARV,Pediatric,"Nevirapine 10mg/ml, oral suspension, Bottle, 240 ml",Oral suspension,240.0,36.0,69.12,1.92,0.01,"Aurobindo Unit III, India",No,See DN-1311 (ID#:82837),See DN-1311 (ID#:82837),0.14,FPQ-3815
84799,,,,,Mozambique,,,,,,N/A - From RDC,,,,,,SCMS from RDC,,Efavirenz/Lamivudine/Tenofovir Disoproxil Fumarate,Generic,600/300/300mg,,,,,,,,,,,,111-MZ-T30,SO-42860,DN-3063,PMO - US,From RDC,N/A - From RDC,Truck,6/28/2012,8-Apr-13,16-Apr-13,16-Apr-13,ARV,Adult,"Efavirenz/Lamivudine/Tenofovir Disoproxil Fumarate 600/300/300mg, tablets, 30 Tabs",Tablet - FDC,30.0,97351.0,1178920.61,12.11,0.4,Mylan (formerly Matrix) Nashik,Yes,11667,4120.7,1652.85,FPQ-10211
40923,161-ZA-T30,FPQ-6262,SCMS-83770,ASN-10212,South Africa,PMO - US,Direct Drop,DDP,Ocean,8/31/10,9/24/10,26-Apr-11,26-May-11,26-May-11,ARV,Adult,Aurobindo Pharma Limited,"Efavirenz 600mg, tablets, 30 Tabs",Efavirenz,Generic,600mg,Tablet,30.0,125247.0,567368.91,4.53,0.15,"Aurobindo Unit III, India",Yes,Weight Captured Separately,Freight Included in Commodity Cost,1223.25,,,,,,,,,,,,,,,,,,,,,,,,,,
58305,,FPQ-10809,,,Tanzania,,,,,,10/18/2012,,,,,,"Trinity Biotech, Plc",,"HIV 1/2, Uni-Gold HIV Kit",Uni-Gold,,,,,,,,,,,,,109-TZ-T30,SCMS-162830,ASN-17278,PMO - US,Direct Drop,EXW,Air,10/11/2012,2-Jan-13,2-Jan-13,2-Jan-13,HRDT,HIV test,"HIV 1/2, Uni-Gold HIV Kit, 20 Tests",Test kit,20.0,383.0,12256.0,32.0,1.6,"Trinity Biotech, Plc",Yes,125,1908.34,15.16,
85095,,FPQ-4537,,,Nigeria,,,,,,N/A - From RDC,,,,,,SCMS from RDC,,Lamivudine/Nevirapine/Zidovudine,Generic,150/300/200mg,,,,,,,,,,,,151-NG-T30,SO-35067,DN-1685,PMO - US,From RDC,N/A - From RDC,Air Charter,11/6/2009,19-Apr-10,31-Mar-10,31-Mar-10,ARV,Adult,"Lamivudine/Nevirapine/Zidovudine 150/200/300mg, tablets, 60 Tabs",Tablet - FDC,60.0,10000.0,112200.0,11.22,0.19,"Aurobindo Unit III, India",Yes,1169,Freight Included in Commodity Cost,241.9,
86662,113-ZW-T30,FPQ-12950,SO-46620,DN-3588,Zimbabwe,PMO - US,From RDC,N/A - From RDC,Truck,9/10/13,N/A - From RDC,6-May-14,21-Mar-14,17-Apr-14,ARV,Adult,SCMS from RDC,"Efavirenz/Lamivudine/Tenofovir Disoproxil Fumarate 600/300/300mg, tablets, 30 Tabs",Efavirenz/Lamivudine/Tenofovir Disoproxil Fumarate,Generic,600/300/300mg,Tablet - FDC,30.0,143023.0,1594706.45,11.15,0.37,Mylan (formerly Matrix) Nashik,No,See DN-3588 (ID#:83225),See DN-3588 (ID#:83225),1972.65,,,,,,,,,,,,,,,,,,,,,,,,,,
11669,,,,,Uganda,,,,,,N/A - From RDC,,,,,,SCMS from RDC,,Emtricitabine/Tenofovir Disoproxil Fumarate,Truvada,300/200mg,,,,,,,,,,,,114-UG-T01,SO-31460,DN-1300,PMO - US,From RDC,N/A - From RDC,Air,Date Not Captured,15-Sep-09,15-Sep-09,15-Sep-09,ARV,Adult,"Emtricitabine/Tenofovir Disoproxil Fumarate 200/300mg [Truvada], tablets, 30 Tabs",Tablet - FDC,30.0,1201.0,31526.25,26.25,0.88,"Aspen-OSD, Port Elizabeth, SA",Yes,327,2737.97,61.79,Pre-PQ Process
73079,109-TZ-T30,FPQ-10394,SCMS-156520,ASN-16038,Tanzania,PMO - US,Direct Drop,EXW,Air,7/26/12,8/9/12,27-Sep-12,4-Oct-12,4-Oct-12,ARV,Adult,Aurobindo Pharma Limited,"Lamivudine/Zidovudine 150/300mg, tablets, 60 Tabs",Lamivudine/Zidovudine,Generic,150/300mg,Tablet - FDC,60.0,39360.0,281424.0,7.15,0.12,"Aurobindo Unit III, India",Yes,3421,15241.75,394.56,,,,,,,,,,,,,,,,,,,,,,,,,,
84102,,FPQ-6801,,,Haiti,,,,,,N/A - From RDC,,,,,,SCMS from RDC,,Didanosine,Generic,200mg,,,,,,,,,,,,106-HT-T30,SO-38211,DN-2283,PMO - US,From RDC,N/A - From RDC,Air,12/14/2010,19-Jul-11,21-Jul-11,21-Jul-11,ARV,Pediatric,"Didanosine 200mg, chewable/dispersible tablets, 60 Tabs",Chewable/dispersible tablet,60.0,180.0,2700.0,15.0,0.25,"Aurobindo Unit III, India",Yes,38,1128.54,4.46,
23076,105-SS-T30,FPQ-11754,SCMS-181381,ASN-20235,South Sudan,PMO - US,Direct Drop,EXW,Air,2/22/13,4/1/13,12-Sep-13,12-Sep-13,12-Sep-13,HRDT,HIV test,"Trinity Biotech, Plc","HIV 1/2, Uni-Gold HIV Kit, 20 Tests","HIV 1/2, Uni-Gold HIV Kit",Uni-Gold,,Test kit,20.0,450.0,14400.0,32.0,1.6,"Trinity Biotech, Plc",Yes,165,2329.14,17.81,,,,,,,,,,,,,,,,,,,,,,,,,,
83487,,,,,Côte d'Ivoire,,,,,,N/A - From RDC,,,,,,SCMS from RDC,,Stavudine,Generic,30mg,,,,,,,,,,,,104-CI-T30,SO-38710,DN-2120,PMO - US,From RDC,N/A - From RDC,Air,12/21/2010,28-Feb-11,28-Feb-11,28-Feb-11,ARV,Adult,"Stavudine 30mg, capsules, 60 Caps",Capsule,60.0,2070.0,2898.0,1.4,0.02,"Aurobindo Unit III, India",Yes,176,1653.99,4.78,FPQ-6891
77268,,FPQ-9098,,,Ethiopia,,,,,,1/23/2012,,,,,,"CHEMBIO DIAGNOSTIC SYSTEMS, INC.",,"HIV 1/2, Stat-Pak HIV, Kit",Stat-Pak,,,,,,,,,,,,,117-ET-T30,SCMS-133550,ASN-14780,PMO - US,Direct Drop,EXW,Air,1/10/2012,8-May-12,8-May-12,8-May-12,HRDT,HIV test,"HIV 1/2, Stat-Pak HIV, Kit, 20 Tests",Test kit,20.0,340.0,9860.0,29.0,1.45,Chembio Diagnostics Sys. Inc.,Yes,Weight Captured Separately,Invoiced Separately,13.82,
85196,,FPQ-6484,,,Haiti,,,,,,N/A - From RDC,,,,,,SCMS from RDC,,Nevirapine,Generic,10mg/ml,,,,,,,,,,,,106-HT-T30,SO-37770,DN-2292,PMO - US,From RDC,N/A - From RDC,Air,10/13/2010,22-Jul-11,17-Jul-11,17-Jul-11,ARV,Pediatric,"Nevirapine 10mg/ml, oral suspension w/syringe, Bottle, 240 ml",Oral suspension,240.0,3100.0,6045.0,1.95,0.01,"Aurobindo Unit III, India",Yes,1156,14661.14,13.03,
62814,110-ZM-T30,FPQ-13084,SCMS-211060,ASN-22938,Zambia,PMO - US,Direct Drop,EXW,Air,10/11/13,10/21/13,13-Jan-14,13-Jan-14,30-Jan-14,ARV,Adult,Aurobindo Pharma Limited,"Lamivudine 150mg, tablets, 60 Tabs",Lamivudine,Generic,150mg,Tablet,60.0,20000.0,43000.0,2.15,0.04,"Aurobindo Unit III, India",Yes,980,6020.81,44.2,,,,,,,,,,,,,,,,,,,,,,,,,,
47413,,,,,Haiti,,,,,,10/25/2013,,,,,,MYLAN LABORATORIES LTD (FORMERLY MATRIX LABORATORIES),,Atazanavir/Ritonavir,Generic,300/100mg,,,,,,,,,,,,106-HT-T30,SCMS-210530,ASN-22712,PMO - US,Direct Drop,EXW,Air,8/21/2013,24-Jan-14,24-Jan-14,29-Jan-14,ARV,Adult,"Atazanavir/Ritonavir 300/100mg, tablets, 30 Tabs",Tablet,30.0,5000.0,100000.0,20.0,0.67,Mylan (formerly Matrix) Nashik,Yes,1189,7296.97,123.7,FPQ-12590
6439,,Pre-PQ Process,,,South Africa,,,,,,4/2/2009,,,,,,S. BUYS WHOLESALER,,Nevirapine,Generic,10mg/ml,,,,,,,,,,,,116-ZA-T01,SCMS-47500,ASN-4332,PMO - US,Direct Drop,DDP,Truck,Pre-PQ Process,15-May-09,23-Apr-09,23-Apr-09,ARV,Pediatric,"Nevirapine 10mg/ml, oral suspension, Bottle, 240 ml",Oral suspension,240.0,80.0,750.4,9.38,0.04,"Aurobindo Unit III, India",No,See ASN-4332 (ID#:1115),See ASN-4332 (ID#:1115),1.47,
83775,106-HT-T30,FPQ-13608,SO-47690,DN-3586,Haiti,PMO - US,From RDC,N/A - From RDC,Air,1/22/14,N/A - From RDC,30-Mar-14,24-Mar-14,6-May-14,ARV,Adult,SCMS from RDC,"Lopinavir/Ritonavir 200/50mg, tablets, 120 Tabs",Lopinavir/Ritonavir,Generic,200/50mg,Tablet,120.0,2000.0,40960.0,20.48,0.17,Mylan (formerly Matrix) Nashik,No,See DN-3586 (ID#:83224),See DN-3586 (ID#:83224),42.11,,,,,,,,,,,,,,,,,,,,,,,,,,
18494,,FPQ-9096,,,Ethiopia,,,,,,1/23/2012,,,,,,"SHANGHAI KEHUA BIOENGINEERING CO.,LTD.  (KHB)",,"HIV 1/2, Colloidal Gold, Diagnostic Kit, Antibody",Colloidal Gold,,,,,,,,,,,,,117-ET-T30,SCMS-133400,ASN-14924,PMO - US,Direct Drop,EXW,Air,1/5/2012,18-May-12,18-May-12,18-May-12,HRDT,HIV test,"HIV 1/2, SKB Colloidal Gold, Diagnostic Kit, Antibody, 50 Tests",Test kit,1.0,175.0,4287.5,24.5,24.5,"KHB Test Kit Facility, Shanghai China",Yes,128,1584.09,6.01,
84448,113-ZW-T30,FPQ-14458,SO-49170,DN-4112,Zimbabwe,PMO - US,From RDC,N/A - From RDC,Truck,6/13/14,N/A - From RDC,6-Mar-15,6-Feb-15,6-Feb-15,ARV,Adult,SCMS from RDC,"Efavirenz/Lamivudine/Tenofovir Disoproxil Fumarate 600/300/300mg, tablets, 30 Tabs",Efavirenz/Lamivudine/Tenofovir Disoproxil Fumarate,Generic,600/300/300mg,Tablet - FDC,30.0,400000.0,3904000.0,9.76,0.33,Hetero Unit III Hyderabad IN,Yes,75284,77960.08,4013.31,,,,,,,,,,,,,,,,,,,,,,,,,,
63106,,FPQ-12837,,,Cameroon,,,,,,8/23/2013,,,,,,Aurobindo Pharma Limited,,Lamivudine/Nevirapine/Zidovudine,Generic,150/300/200mg,,,,,,,,,,,,901-CM-T30,SCMS-204300,ASN-21704,PMO - US,Direct Drop,EXW,Air,8/19/2013,18-Oct-13,18-Oct-13,18-Oct-13,ARV,Adult,"Lamivudine/Nevirapine/Zidovudine 150/200/300mg, tablets, 60 Tabs",Tablet - FDC,60.0,38707.0,314687.91,8.13,0.14,"Aurobindo Unit III, India",Yes,4926,40227.6,389.27,
46867,114-UG-T30,FPQ-15314,SCMS-264750,ASN-31497,Uganda,PMO - US,Direct Drop,EXW,Air,11/11/14,12/4/14,5-May-15,5-May-15,5-May-15,HRDT,HIV test,"Orgenics, Ltd","HIV 1/2, Determine Complete HIV Kit, 100 Tests","HIV 1/2, Determine Complete HIV Kit",Determine,,Test kit,100.0,6118.0,489440.0,80.0,0.8,"Alere Medical Co., Ltd.",Yes,2477,19775.55,576.07,,,,,,,,,,,,,,,,,,,,,,,,,,
46897,,,,,Vietnam,,,,,,7/25/2013,,,,,,HETERO LABS LIMITED,,Tenofovir Disoproxil Fumarate,Generic,300mg,,,,,,,,,,,,108-VN-T30,SCMS-199840,ASN-23174,PMO - US,Direct Drop,EXW,Air,7/11/2013,8-Jan-14,8-Jan-14,8-Jan-14,ARV,Adult,"Tenofovir Disoproxil Fumarate 300mg, tablets, 30 Tabs",Tablet,30.0,12693.0,45060.15,3.55,0.12,Hetero Unit III Hyderabad IN,Yes,975,2048.91,55.74,FPQ-12539
84083,,FPQ-6482,,,Zambia,,,,,,N/A - From RDC,,,,,,SCMS from RDC,,Lamivudine/Zidovudine,Generic,150/300mg,,,,,,,,,,,,110-ZM-T30,SO-38960,DN-2183,PMO - US,From RDC,N/A - From RDC,Truck,10/15/2010,30-Apr-11,20-May-11,20-May-11,ARV,Adult,"Lamivudine/Zidovudine 150/300mg, tablets, 60 Tabs",Tablet - FDC,60.0,120000.0,1026000.0,8.55,0.14,"Aurobindo Unit III, India",Yes,11057,12049.4,2212.06,
11761,,,,,Zimbabwe,,,,,,N/A - From RDC,,,,,,SCMS from RDC,,"HIV 1/2, Determine Complete HIV Kit",Determine,,,,,,,,,,,,,113-ZW-T01,SO-892,DN-300,PMO - US,From RDC,N/A - From RDC,Truck,Pre-PQ Process,24-Aug-07,24-Aug-07,24-Aug-07,HRDT,HIV test,"HIV 1/2, Determine Complete HIV Kit, 100 Tests",Test kit,100.0,1500.0,120000.0,80.0,0.8,ABBVIE GmbH & Co.KG Wiesbaden,Yes,343,1645.12,192.0,Pre-PQ Process
6563,116-ZA-T01,Pre-PQ Process,SCMS-47051,ASN-4837,South Africa,PMO - US,Direct Drop,DDP,Truck,Pre-PQ Process,6/5/09,12-Oct-09,3-Aug-09,3-Aug-09,ARV,Pediatric,S. BUYS WHOLESALER,"Efavirenz 200mg, capsule, 90 Caps",Efavirenz,Generic,200mg,Capsule,90.0,140.0,3540.6,25.29,0.28,"Aurobindo Unit III, India",No,Weight Captured Separately,Freight Included in Commodity Cost,6.94,,,,,,,,,,,,,,,,,,,,,,,,,,
84415,,,,,Rwanda,,,,,,N/A - From RDC,,,,,,SCMS from RDC,,Abacavir/Lamivudine,Generic,60/30mg,,,,,,,,,,,,107-RW-T30,SO-48770,DN-3948,PMO - US,From RDC,N/A - From RDC,Air,4/22/2014,15-Oct-14,14-Oct-14,20-Oct-14,ARV,Pediatric,"Abacavir/Lamivudine 60/30mg, dispersible tablets, 60 Tabs",Chewable/dispersible tablet - FDC,60.0,8953.0,45570.77,5.09,0.08,"Cipla, Patalganga, India",Yes,805,6220.48,46.85,FPQ-14111
9243,104-CI-T01,Pre-PQ Process,SCMS-29,ASN-114,Côte d'Ivoire,PMO - US,Direct Drop,EXW,Air,Pre-PQ Process,Date Not Captured,10-Oct-06,10-Oct-06,10-Oct-06,HRDT,HIV test,BIO-RAD LABORATORIES (FRANCE),"#108853** HIV, Genie II HIV-1/HIV-2 Kit, 40 Tests","HIV, Genie II HIV-1/HIV-2 Kit",Genie,,Test kit,40.0,733.0,55231.55,75.35,1.88,Bio-Rad Laboratories,Yes,783,7079.25,,,,,,,,,,,,,,,,,,,,,,,,,,,
76881,,FPQ-16210,,,Cameroon,,,,,,6/2/2015,,,,,,Aurobindo Pharma Limited,,Nevirapine,Generic,50mg,,,,,,,,,,,,103-CM-T30,SCMS-289310,ASN-32567,PMO - US,Direct Drop,EXW,Air,4/28/2015,17-Jun-15,17-Jun-15,17-Jun-15,ARV,Pediatric,"Nevirapine 50mg, dispersible tablets (tablets for oral suspension), 30 Tabs",Chewable/dispersible tablet,30.0,4416.0,5520.0,1.25,0.04,"Aurobindo Unit III, India",Yes,Weight Captured Separately,Invoiced Separately,6.5,
83226,,FPQ-12950,,,Zimbabwe,,,,,,N/A - From RDC,,,,,,SCMS from RDC,,Efavirenz/Lamivudine/Tenofovir Disoproxil Fumarate,Generic,600/300/300mg,,,,,,,,,,,,113-ZW-T30,SO-46620,DN-3588,PMO - US,From RDC,N/A - From RDC,Truck,9/10/2013,6-May-14,21-Mar-14,17-Apr-14,ARV,Adult,"Efavirenz/Lamivudine/Tenofovir Disoproxil Fumarate 600/300/300mg, tablets, 30 Tabs",Tablet - FDC,30.0,360000.0,4014000.0,11.15,0.37,Hetero Unit III Hyderabad IN,No,See DN-3588 (ID#:83225),See DN-3588 (ID#:83225),4965.32,
85262,,,,,Côte d'Ivoire,,,,,,N/A - From RDC,,,,,,SCMS from RDC,,Abacavir/Lamivudine,Generic,600/300mg,,,,,,,,,,,,104-CI-T30,SO-41200,DN-2652,PMO - US,From RDC,N/A - From RDC,Air,11/11/2011,30-May-12,30-May-12,30-May-12,ARV,Adult,"Abacavir/Lamivudine 600/300mg, scored tablets, 30 Tabs",Tablet - FDC,30.0,1620.0,36450.0,22.5,0.75,Mylan (formerly Matrix) Nashik,No,See DN-2652 (ID#:82477),See DN-2652 (ID#:82477),51.1,FPQ-8790
83710,,,,,"Congo, DRC",,,,,,N/A - From RDC,,,,,,SCMS from RDC,,Lopinavir/Ritonavir,Generic,200/50mg,,,,,,,,,,,,101-CD-T30,SO-45020,DN-3268,PMO - US,From RDC,N/A - From RDC,Air,4/8/2013,27-Aug-13,8-Feb-14,11-Mar-14,ARV,Adult,"Lopinavir/Ritonavir 200/50mg, tablets, 120 Tabs",Tablet,120.0,378.0,8232.84,21.78,0.18,Mylan (formerly Matrix) Nashik,No,See DN-3268 (ID#:82595),See DN-3268 (ID#:82595),10.18,FPQ-12033
79885,,,,,Zimbabwe,,,,,,5/27/2014,,,,,,HETERO LABS LIMITED,,Lamivudine/Tenofovir Disoproxil Fumarate,Generic,300/300mg,,,,,,,,,,,,113-ZW-T30,SCMS-240570,ASN-27582,PMO - US,Direct Drop,EXW,Air Charter,4/1/2014,17-Sep-14,17-Sep-14,19-Sep-14,ARV,Adult,"Lamivudine/Tenofovir Disoproxil Fumarate 300/300mg, tablets, 30 Tabs",Tablet - FDC,30.0,27053.0,124984.86,4.62,0.15,Hetero Unit III Hyderabad IN,Yes,4598,25467.64,128.48,FPQ-13939
86309,,,,,Zambia,,,,,,N/A - From RDC,,,,,,SCMS from RDC,,Lamivudine/Zidovudine,Generic,150/300mg,,,,,,,,,,,,110-ZM-T30,SO-34130,DN-1865,PMO - US,From RDC,N/A - From RDC,Truck,9/25/2009,30-Jun-10,29-Jun-10,29-Jun-10,ARV,Adult,"Lamivudine/Zidovudine 150/300mg, tablets, 60 Tabs",Tablet - FDC,60.0,100000.0,876000.0,8.76,0.15,Hetero Unit III Hyderabad IN,Yes,8544,11054.56,1716.96,FPQ-4356
57779,,FPQ-15038,,,Haiti,,,,,,12/24/2014,,,,,,MYLAN LABORATORIES LTD (FORMERLY MATRIX LABORATORIES),,Lamivudine/Nevirapine/Zidovudine,Generic,150/300/200mg,,,,,,,,,,,,106-HT-T30,SCMS-262840,ASN-31820,PMO - US,Direct Drop,EXW,Ocean,10/22/2014,3-Jul-15,3-Jul-15,13-Jul-15,ARV,Adult,"Lamivudine/Nevirapine/Zidovudine 150/200/300mg, tablets, 60 Tabs",Tablet - FDC,60.0,60000.0,486000.0,8.1,0.13,Mylan (formerly Matrix) Nashik,No,See ASN-31820 (ID#:16098),See ASN-31820 (ID#:16098),499.61,
914,104-CI-T01,Pre-PQ Process,SCMS-35790,ASN-3242,Côte d'Ivoire,PMO - US,Direct Drop,EXW,Air,Pre-PQ Process,12/19/08,2-Mar-09,2-Mar-09,2-Mar-09,ANTM,Malaria,IDA FOUNDATION,"Quinine 600mg/2ml (as dihydrochloride), injection, 2ml x 100 Ampules",Quinine (as dihydrochloride),Generic,600mg/2ml,Injection,100.0,140.0,2731.4,19.51,0.2,Gland Pharma Ltd Pally Factory,Yes,5209,25405.22,5.35,,,,,,,,,,,,,,,,,,,,,,,,,,
37753,108-VN-T30,FPQ-11417,SCMS-174410,ASN-18761,Vietnam,PMO - US,Direct Drop,EXW,Air,1/10/13,1/22/13,5-Jun-13,5-Jun-13,5-Jun-13,ARV,Adult,HETERO LABS LIMITED,"Nevirapine 200mg, tablets, 60 Tabs",Nevirapine,Generic,200mg,Tablet,60.0,23003.0,50836.63,2.21,0.04,Hetero Unit III Hyderabad IN,Yes,1483,11346.48,62.88,,,,,,,,,,,,,,,,,,,,,,,,,,
52540,,FPQ-6976,,,Ethiopia,,,,,,2/1/2011,,,,,,Aurobindo Pharma Limited,,Didanosine,Generic,250mg,,,,,,,,,,,,117-ET-T30,SCMS-98310,ASN-10666,PMO - US,Direct Drop,EXW,Air,1/13/2011,4-May-11,4-May-11,4-May-11,ARV,Adult,"Didanosine 250mg, delayed-release capsules, 30 Caps",Delayed-release capsules,30.0,1625.0,21125.0,13.0,0.43,"Aurobindo Unit III, India",Yes,111,1206.62,34.86,
84795,,FPQ-10633,,,Côte d'Ivoire,,,,,,N/A - From RDC,,,,,,SCMS from RDC,,Tenofovir Disoproxil Fumarate,Generic,300mg,,,,,,,,,,,,104-CI-T30,SO-43340,DN-3046,PMO - US,From RDC,N/A - From RDC,Truck,9/11/2012,30-Apr-13,8-Mar-13,8-Mar-13,ARV,Adult,"Tenofovir Disoproxil Fumarate 300mg, tablets, 30 Tabs",Tablet,30.0,4500.0,18180.0,4.04,0.13,Mylan (formerly Matrix) Nashik,No,See DN-3046 (ID#:83119),See DN-3046 (ID#:83119),25.49,
37334,,,,,South Africa,,,,,,8/13/2013,,,,,,S. BUYS WHOLESALER,,Saquinavir,Invirase,200mg,,,,,,,,,,,,116-ZA-T30,SCMS-199310,ASN-29450,PMO - US,Direct Drop,DDP,Truck,7/12/2013,19-Nov-14,19-Nov-14,19-Nov-14,ARV,Adult,"Saquinavir 200mg [Invirase], capsules, 270 Caps",Capsule,270.0,30.0,2542.45,84.75,0.31,Roche Madrid,No,Weight Captured Separately,Freight Included in Commodity Cost,3.15,FPQ-12523
72836,105-GH-T30,FPQ-14052,SCMS-237810,ASN-28672,Ghana,PMO - US,Direct Drop,EXW,Air,4/12/14,5/23/14,10-Nov-14,10-Nov-14,12-Nov-14,ARV,Adult,Aurobindo Pharma Limited,"Lamivudine/Nevirapine/Zidovudine 150/200/300mg, tablets, 60 Tabs",Lamivudine/Nevirapine/Zidovudine,Generic,150/300/200mg,Tablet - FDC,60.0,29107.0,238677.4,8.2,0.14,"Aurobindo Unit III, India",Yes,3647,18545.17,245.36,,,,,,,,,,,,,,,,,,,,,,,,,,
74492,,FPQ-8742,,,Rwanda,,,,,,4/3/2012,,,,,,MYLAN LABORATORIES LTD (FORMERLY MATRIX LABORATORIES),,Efavirenz/Lamivudine/Tenofovir Disoproxil Fumarate,Generic,600/300/300mg,,,,,,,,,,,,107-RW-T30,SCMS-137540,ASN-14799,PMO - US,Direct Drop,EXW,Ocean,12/7/2011,16-Jul-12,16-Jul-12,16-Jul-12,ARV,Adult,"Efavirenz/Lamivudine/Tenofovir Disoproxil Fumarate 600/300/300mg, tablets, 30 Tabs",Tablet - FDC,30.0,39330.0,511290.0,13.0,0.43,Mylan (formerly Matrix) Nashik,Yes,4426,66916.5,716.83,
83951,,FPQ-3815,,,Nigeria,,,,,,N/A - From RDC,,,,,,SCMS from RDC,,Lamivudine/Nevirapine/Stavudine,Generic,150/200/30mg,,,,,,,,,,,,154-NG-T30,SO-32260,DN-1452,PMO - US,From RDC,N/A - From RDC,Air Charter,5/26/2009,30-Oct-09,20-Oct-09,20-Oct-09,ARV,Adult,"Lamivudine/Nevirapine/Stavudine 150/200/30mg, tablets, 60 Tabs",Tablet - FDC,60.0,63.0,441.0,7.0,0.12,"Strides, Bangalore, India.",No,See DN-1452 (ID#:82272),See DN-1452 (ID#:82272),0.86,
85474,109-TZ-T30,FPQ-12354,SO-45743,DN-3688,Tanzania,PMO - US,From RDC,N/A - From RDC,Truck,5/16/13,N/A - From RDC,1-Jun-14,5-Jun-14,12-Jun-14,ARV,Adult,SCMS from RDC,"Efavirenz/Lamivudine/Tenofovir Disoproxil Fumarate 600/300/300mg, tablets, 30 Tabs",Efavirenz/Lamivudine/Tenofovir Disoproxil Fumarate,Generic,600/300/300mg,Tablet - FDC,30.0,151208.0,1590708.16,10.52,0.35,Hetero Unit III Hyderabad IN,Yes,20501,13765.17,1967.71,,,,,,,,,,,,,,,,,,,,,,,,,,
83074,,,,,Côte d'Ivoire,,,,,,N/A - From RDC,,,,,,SCMS from RDC,,Lamivudine/Nevirapine/Zidovudine,Generic,150/300/200mg,,,,,,,,,,,,104-CI-T30,SO-42382,DN-2837,PMO - US,From RDC,N/A - From RDC,Truck,4/19/2012,13-Nov-12,5-Sep-12,5-Sep-12,ARV,Adult,"Lamivudine/Nevirapine/Zidovudine 150/200/300mg, tablets, 60 Tabs",Tablet - FDC,60.0,75024.0,735985.44,9.81,0.16,Hetero Unit III Hyderabad IN,No,See DN-2837 (ID#:82507),See DN-2837 (ID#:82507),1031.85,FPQ-9749
82339,,,,,Nigeria,,,,,,N/A - From RDC,,,,,,SCMS from RDC,,Lamivudine/Tenofovir Disoproxil Fumarate,Generic,300/300mg,,,,,,,,,,,,151-NG-T30,SO-36472,DN-1936,PMO - US,From RDC,N/A - From RDC,Air,2/10/2010,15-Jul-10,28-Jun-10,28-Jun-10,ARV,Adult,"Lamivudine/Tenofovir Disoproxil Fumarate 300/300mg, tablets, 30 Tabs",Tablet - FDC,30.0,18522.0,185220.0,10.0,0.33,Mylan (formerly Matrix) Nashik,Yes,1668,Freight Included in Commodity Cost,399.33,FPQ-5023
28204,161-ZA-T30,FPQ-5648,SCMS-75980,ASN-8698,South Africa,PMO - US,Direct Drop,DDP,Ocean,6/2/10,6/17/10,20-Dec-10,20-Dec-10,20-Dec-10,ARV,Adult,Aurobindo Pharma Limited,"Tenofovir Disoproxil Fumarate 300mg, tablets, 30 Tabs",Tenofovir Disoproxil Fumarate,Generic,300mg,Tablet,30.0,88289.0,610076.99,6.91,0.23,"Aurobindo Unit III, India",Yes,7540,5460.48,1315.33,,,,,,,,,,,,,,,,,,,,,,,,,,
83092,,FPQ-10530,,,Zambia,,,,,,N/A - From RDC,,,,,,SCMS from RDC,,Lamivudine,Generic,150mg,,,,,,,,,,,,110-ZM-T30,SO-43151,DN-2931,PMO - US,From RDC,N/A - From RDC,Truck,8/21/2012,26-Dec-12,17-Dec-12,17-Dec-12,ARV,Adult,"Lamivudine 150mg, tablets, 60 Tabs",Tablet,60.0,15393.0,33248.88,2.16,0.04,Hetero Unit III Hyderabad IN,Yes,768,5213.54,46.61,
85626,154-NG-T30,FPQ-3815,SO-32270,DN-1311,Nigeria,PMO - US,From RDC,N/A - From RDC,Air Charter,5/26/09,N/A - From RDC,30-Jul-09,4-Aug-09,4-Aug-09,ARV,Adult,SCMS from RDC,"Nevirapine 200mg, tablets, 60 Tabs",Nevirapine,Generic,200mg,Tablet,60.0,253.0,733.7,2.9,0.05,"Aurobindo Unit III, India",No,See DN-1311 (ID#:82837),See DN-1311 (ID#:82837),1.44,,,,,,,,,,,,,,,,,,,,,,,,,,
11117,104-CI-T01,Pre-PQ Process,SO-586,DN-194,Côte d'Ivoire,PMO - US,From RDC,N/A - From RDC,,Pre-PQ Process,N/A - From RDC,28-Jun-07,28-Jun-07,28-Jun-07,ARV,Adult,SCMS from RDC,"Lopinavir/Ritonavir 200/50mg [Aluvia], tablets, 120 Tabs",Lopinavir/Ritonavir,Aluvia,200/50mg,Tablet,120.0,4000.0,164400.0,41.1,0.34,ABBVIE Ludwigshafen Germany,Yes,1015,3256,263.04,,,,,,,,,,,,,,,,,,,,,,,,,,
43805,,,,,Haiti,,,,,,5/5/2014,,,,,,HETERO LABS LIMITED,,Lamivudine/Zidovudine,Generic,150/300mg,,,,,,,,,,,,106-HT-T30,SCMS-234040,ASN-27086,PMO - US,Direct Drop,EXW,Ocean,3/20/2014,20-Oct-14,20-Oct-14,24-Oct-14,ARV,Adult,"Lamivudine/Zidovudine 150/300mg, tablets, 60 Tabs",Tablet - FDC,60.0,9227.0,60990.47,6.61,0.11,Hetero Unit III Hyderabad IN,Yes,813,1922.5,62.7,FPQ-13797
21380,,FPQ-6263,,,Zambia,,,,,,10/7/2010,,,,,,"Orgenics, Ltd",,"HIV 1/2, Determine Complete HIV Kit",Determine,,,,,,,,,,,,,110-ZM-T30,SCMS-87290,ASN-9000,PMO - US,Direct Drop,EXW,Air,9/8/2010,17-Dec-10,21-Dec-10,21-Dec-10,HRDT,HIV test,"HIV 1/2, Determine Complete HIV Kit, 100 Tests",Test kit,100.0,2415.0,193200.0,80.0,0.8,Inverness Japan,Yes,1167,19610.11,416.54,
48516,,FPQ-15038,,,Haiti,,,,,,12/24/2014,,,,,,Aurobindo Pharma Limited,,Zidovudine,Generic,100mg,,,,,,,,,,,,106-HT-T30,SCMS-262950,ASN-30813,PMO - US,Direct Drop,EXW,Air,10/22/2014,30-Mar-15,30-Mar-15,31-Mar-15,ARV,Pediatric,"Zidovudine 100mg, capsules, 100 Caps",Capsule,100.0,120.0,540.0,4.5,0.04,"Aurobindo Unit III, India",Yes,9,820.56,0.56,
16828,108-VN-T30,FPQ-4720,SCMS-62460,ASN-6355,Vietnam,PMO - US,Direct Drop,EXW,Air,1/4/09,1/12/10,29-Mar-10,29-Mar-10,29-Mar-10,ARV,Adult,MYLAN LABORATORIES LTD (FORMERLY MATRIX LABORATORIES),"Abacavir 300mg, tablets, 60 Tabs",Abacavir,Generic,300mg,Tablet,60.0,100.0,1750.0,17.5,0.29,Mylan (formerly Matrix) Nashik,Yes,2128,7784.92,3.77,,,,,,,,,,,,,,,,,,,,,,,,,,
84850,,FPQ-12015,,,Tanzania,,,,,,N/A - From RDC,,,,,,SCMS from RDC,,Lamivudine/Nevirapine/Zidovudine,Generic,30/50/60mg,,,,,,,,,,,,109-TZ-T30,SO-44984,DN-3316,PMO - US,From RDC,N/A - From RDC,Truck,4/2/2013,31-Oct-13,27-Sep-13,27-Sep-13,ARV,Pediatric,"Lamivudine/Nevirapine/Zidovudine 30/50/60mg, dispersible tablets, 60 Tabs",Chewable/dispersible tablet - FDC,60.0,80322.0,312452.58,3.89,0.06,Mylan (formerly Matrix) Nashik,No,See DN-3316 (ID#:83160),See DN-3316 (ID#:83160),386.5,
86662,,FPQ-12950,,,Zimbabwe,,,,,,N/A - From RDC,,,,,,SCMS from RDC,,Efavirenz/Lamivudine/Tenofovir Disoproxil Fumarate,Generic,600/300/300mg,,,,,,,,,,,,113-ZW-T30,SO-46620,DN-3588,PMO - US,From RDC,N/A - From RDC,Truck,9/10/2013,6-May-14,21-Mar-14,17-Apr-14,ARV,Adult,"Efavirenz/Lamivudine/Tenofovir Disoproxil Fumarate 600/300/300mg, tablets, 30 Tabs",Tablet - FDC,30.0,143023.0,1594706.45,11.15,0.37,Mylan (formerly Matrix) Nashik,No,See DN-3588 (ID#:83225),See DN-3588 (ID#:83225),1972.65,
50316,,,,,Nigeria,,,,,,8/7/2009,,,,,,"Orgenics, Ltd",,"HIV 1/2, Determine Complete HIV Kit",Determine,,,,,,,,,,,,,133-NG-T30,SCMS-51080,ASN-5104,PMO - US,Direct Drop,EXW,Air,8/3/2009,16-Nov-09,16-Nov-09,16-Nov-09,HRDT,HIV test,"HIV 1/2, Determine Complete HIV Kit, 100 Tests",Test kit,100.0,4817.0,385360.0,80.0,0.8,Inverness Japan,Yes,2305,43338.93,755.31,FPQ-4069
84968,109-TZ-T30,FPQ-13042,SO-46674,DN-3867,Tanzania,PMO - US,From RDC,N/A - From RDC,Truck,10/1/13,N/A - From RDC,29-Aug-14,29-Sep-14,6-Oct-14,ARV,Pediatric,SCMS from RDC,"Lamivudine/Nevirapine/Zidovudine 30/50/60mg, dispersible tablets, 60 Tabs",Lamivudine/Nevirapine/Zidovudine,Generic,30/50/60mg,Chewable/dispersible tablet - FDC,60.0,20000.0,74600.0,3.73,0.06,Mylan (formerly Matrix) Nashik,Yes,3431,19379.94,92.28,,,,,,,,,,,,,,,,,,,,,,,,,,
35808,,,,,South Africa,,,,,,3/19/2010,,,,,,CIPLA LIMITED,,Tenofovir Disoproxil Fumarate,Generic,300mg,,,,,,,,,,,,161-ZA-T30,SCMS-68750,ASN-8348,PMO - US,Direct Drop,DDP,Air,3/18/2010,13-Oct-10,27-Oct-10,27-Oct-10,ARV,Adult,"Tenofovir Disoproxil Fumarate 300mg, tablets, 30 Tabs",Tablet,30.0,51920.0,406014.4,7.82,0.26,"Cipla, Goa, India",Yes,3549,3646.13,875.37,FPQ-5303
83082,,,,,Uganda,,,,,,N/A - From RDC,,,,,,SCMS from RDC,,Lamivudine/Tenofovir Disoproxil Fumarate,Generic,300/300mg,,,,,,,,,,,,114-UG-T30,SO-42940,DN-2860,PMO - US,From RDC,N/A - From RDC,Air,7/24/2012,27-Oct-12,27-Oct-12,27-Oct-12,ARV,Adult,"Lamivudine/Tenofovir Disoproxil Fumarate 300/300mg, tablets, 30 Tabs",Tablet - FDC,30.0,11994.0,64287.84,5.36,0.18,"Cipla, Kurkumbh, India",Yes,1199,7918,90.13,FPQ-10395
8645,,,,,South Africa,,,,,,Date Not Captured,,,,,,S. BUYS WHOLESALER,,Efavirenz,Generic,600mg,,,,,,,,,,,,116-ZA-T01,SCMS-28830,ASN-2503,PMO - US,Direct Drop,DDP,Truck,Pre-PQ Process,25-Aug-08,14-Aug-08,14-Aug-08,ARV,Adult,"Efavirenz 600mg, tablets, 30 Tabs",Tablet,30.0,1500.0,24300.0,16.2,0.54,"Cipla, Goa, India",No,Weight Captured Separately,Freight Included in Commodity Cost,38.88,Pre-PQ Process
38266,,,,,"Congo, DRC",,,,,,5/8/2013,,,,,,"Orgenics, Ltd",,"HIV 1/2, Determine Complete HIV Kit",Determine,,,,,,,,,,,,,101-CD-T30,SCMS-186710,ASN-20472,PMO - US,Direct Drop,EXW,Air,4/12/2013,20-Sep-13,20-Sep-13,20-Sep-13,HRDT,HIV test,"HIV 1/2, Determine Complete HIV Kit, 100 Tests",Test kit,100.0,2917.0,233360.0,80.0,0.8,"Alere Medical Co., Ltd.",Yes,1361,24410.67,288.67,FPQ-12073
10967,102-KE-T01,Pre-PQ Process,SO-1390,DN-667,Kenya,PMO - US,From RDC,N/A - From RDC,Truck,Pre-PQ Process,N/A - From RDC,26-Mar-08,26-Mar-08,26-Mar-08,HRDT,HIV test - Ancillary,SCMS from RDC,"HIV, Lancet, Safety, for HIV Test kits, 100 Pcs","HIV, Lancet, Safety, for HIV Test kits, 100 Pcs",Generic,,Test kit - Ancillary,100.0,240.0,1200.0,5.0,0.05,Inverness Japan,Yes,751,190.06,1.92,,,,,,,,,,,,,,,,,,,,,,,,,,
10548,,,,,Nigeria,,,,,,N/A - From RDC,,,,,,SCMS from RDC,,Lamivudine/Zidovudine+Nevirapine,Generic,150/300+200mg,,,,,,,,,,,,112-NG-T01,SO-343,DN-118,PMO - US,From RDC,N/A - From RDC,,Pre-PQ Process,8-May-07,8-May-07,8-May-07,ARV,Adult,"Lamivudine/Zidovudine+Nevirapine 150/300+200mg, tablets, co-blister, 60+60 Tabs",Tablet - FDC + co-blister,120.0,5661.0,116050.5,20.5,0.17,"Aspen-OSD, Port Elizabeth, SA",Yes,725,4104.5,,Pre-PQ Process
86607,,FPQ-11884,,,Mozambique,,,,,,N/A - From RDC,,,,,,SCMS from RDC,,Lamivudine/Zidovudine,Generic,150/300mg,,,,,,,,,,,,111-MZ-T30,SO-44870,DN-3339,PMO - US,From RDC,N/A - From RDC,Truck,3/19/2013,31-Oct-13,13-Nov-13,2-Dec-13,ARV,Adult,"Lamivudine/Zidovudine 150/300mg, tablets, 60 Tabs",Tablet - FDC,60.0,39997.0,290778.19,7.27,0.12,Mylan (formerly Matrix) Nashik,No,See DN-3339 (ID#:83718),See DN-3339 (ID#:83718),359.69,
17764,,,,,South Africa,,,,,,8/27/2014,,,,,,S. BUYS WHOLESALER,,Lamivudine/Zidovudine,Generic,150/300mg,,,,,,,,,,,,116-ZA-T30,SCMS-199283,ASN-27978,PMO - US,Direct Drop,DDP,Truck,7/11/2013,27-Aug-14,27-Aug-14,27-Aug-14,ARV,Adult,"Lamivudine/Zidovudine 150/300mg, tablets, 60 Tabs",Tablet - FDC,60.0,46.0,1517.44,32.99,0.55,Hetero Unit III Hyderabad IN,No,Weight Captured Separately,Freight Included in Commodity Cost,1.88,FPQ-12522
74602,161-ZA-T30,FPQ-6262,SCMS-83910,ASN-9171,South Africa,PMO - US,Direct Drop,DDP,Ocean,8/31/10,9/28/10,14-Feb-11,14-Feb-11,14-Feb-11,ARV,Adult,CIPLA LIMITED,"Nevirapine 200mg, tablets, 60 Tabs",Nevirapine,Generic,200mg,Tablet,60.0,158000.0,440820.0,2.79,0.05,"Cipla, Goa, India",Yes,16768,23721.9,950.41,,,,,,,,,,,,,,,,,,,,,,,,,,
78026,,FPQ-13524,,,Vietnam,,,,,,3/10/2014,,,,,,HETERO LABS LIMITED,,Efavirenz/Lamivudine/Tenofovir Disoproxil Fumarate,Generic,600/300/300mg,,,,,,,,,,,,108-VN-T30,SCMS-226260,ASN-26929,PMO - US,Direct Drop,EXW,Air,2/6/2014,13-Aug-14,30-Jul-14,1-Aug-14,ARV,Adult,"Efavirenz/Lamivudine/Tenofovir Disoproxil Fumarate 600/300/300mg, tablets, 30 Tabs",Tablet - FDC,30.0,22752.0,238896.0,10.5,0.35,Hetero Unit III Hyderabad IN,Yes,3138,4964.6,245.59,
21230,109-TZ-T30,FPQ-12286,SCMS-193860,ASN-21926,Tanzania,PMO - US,Direct Drop,EXW,Air,5/16/13,6/11/13,21-Nov-13,21-Nov-13,21-Nov-13,ARV,Adult,HETERO LABS LIMITED,"Efavirenz/Lamivudine/Tenofovir Disoproxil Fumarate 600/300/300mg, tablets, 30 Tabs",Efavirenz/Lamivudine/Tenofovir Disoproxil Fumarate,Generic,600/300/300mg,Tablet - FDC,30.0,200000.0,2100000.0,10.5,0.35,Hetero Unit III Hyderabad IN,Yes,28168,127285.48,2597.7,,,,,,,,,,,,,,,,,,,,,,,,,,
29938,105-GH-T30,FPQ-13872,SCMS-235800,ASN-26464,Ghana,PMO - US,Direct Drop,EXW,Air,3/24/14,4/23/14,17-Jul-14,24-Jul-14,31-Jul-14,ARV,Adult,STRIDES ARCOLAB LIMITED,"Efavirenz 600mg, tablets, 30 Tabs",Efavirenz,Generic,600mg,Tablet,30.0,60000.0,191400.0,3.19,0.11,"Strides, Bangalore, India.",Yes,3862,31401.36,196.76,,,,,,,,,,,,,,,,,,,,,,,,,,
65049,,FPQ-4406,,,Haiti,,,,,,11/19/2009,,,,,,Aurobindo Pharma Limited,,Lopinavir/Ritonavir,Generic,200/50mg,,,,,,,,,,,,106-HT-T30,SCMS-57200,ASN-6418,PMO - US,Direct Drop,EXW,Air,10/23/2009,8-Apr-10,8-Apr-10,8-Apr-10,ARV,Adult,"Lopinavir/Ritonavir 200/50mg, tablets, 120 Tabs",Tablet,120.0,740.0,27750.0,37.5,0.31,"Aurobindo Unit III, India",Yes,183,2418.62,59.83,
84533,,FPQ-4384,,,Haiti,,,,,,N/A - From RDC,,,,,,SCMS from RDC,,Abacavir,Generic,20mg/ml,,,,,,,,,,,,106-HT-T30,SO-35920,DN-1667,PMO - US,From RDC,N/A - From RDC,Air,10/23/2009,10-Mar-10,3-Mar-10,3-Mar-10,ARV,Pediatric,"Abacavir 20mg/ml, oral solution, Bottle, 240 ml",Oral solution,240.0,288.0,3916.8,13.6,0.06,"Aurobindo Unit III, India",No,See DN-1667 (ID#:82861),See DN-1667 (ID#:82861),8.44,
74268,119-NA-T30,FPQ-4398,SCMS-54920,ASN-6026,Namibia,PMO - US,Direct Drop,EXW,Air,10/7/09,10/13/09,18-Feb-10,18-Feb-10,18-Feb-10,HRDT,HIV test,"Orgenics, Ltd","HIV 1/2, Determine HIV Kit, without Lancets, 100 Tests","HIV 1/2, Determine HIV Kit, without Lancets",Determine,,Test kit,100.0,200.0,14000.0,70.0,0.7,Inverness Japan,Yes,45,10486.42,30.18,,,,,,,,,,,,,,,,,,,,,,,,,,
56505,,,,,South Africa,,,,,,3/28/2011,,,,,,CIPLA LIMITED,,Nevirapine,Generic,200mg,,,,,,,,,,,,161-ZA-T30,SCMS-104060,ASN-11256,PMO - US,Direct Drop,DDP,Ocean,3/10/2011,6-Dec-11,6-Dec-11,6-Dec-11,ARV,Adult,"Nevirapine 200mg, tablets, 60 Tabs",Tablet,60.0,129183.0,351377.76,2.72,0.05,"Cipla, Goa, India",Yes,Weight Captured Separately,Freight Included in Commodity Cost,579.77,FPQ-7175
40044,,,,,South Africa,,,,,,8/13/2013,,,,,,S. BUYS WHOLESALER,,Etravirine,Intelence,100mg,,,,,,,,,,,,116-ZA-T30,SCMS-199310,ASN-29450,PMO - US,Direct Drop,DDP,Truck,7/12/2013,19-Nov-14,19-Nov-14,19-Nov-14,ARV,Adult,"Etravirine 100mg [Intelence], tablets, 120 Tabs",Tablet,120.0,39.0,1523.85,39.07,0.33,"Janssen-Cilag, Latina, IT",No,Weight Captured Separately,Freight Included in Commodity Cost,1.89,FPQ-12523
29036,114-UG-T30,FPQ-5772,SCMS-79750,ASN-7957,Uganda,PMO - US,Direct Drop,CIP,Air,6/25/10,7/20/10,7-Sep-10,7-Sep-10,7-Sep-10,ARV,Adult,MERCK SHARP & DOHME IDEA GMBH (FORMALLY MERCK SHARP & DOHME B.V.),"Raltegravir 400mg [Isentress], tablets, 60 Tabs",Raltegravir,Isentress,400mg,Tablet,60.0,63.0,5764.5,91.5,1.52,"MSD, Haarlem, NL",Yes,7,360,12.43,,,,,,,,,,,,,,,,,,,,,,,,,,
70207,,,,,Vietnam,,,,,,6/12/2012,,,,,,MYLAN LABORATORIES LTD (FORMERLY MATRIX LABORATORIES),,Lamivudine/Nevirapine/Zidovudine,Generic,150/300/200mg,,,,,,,,,,,,108-VN-T30,SCMS-145530,ASN-16123,PMO - US,Direct Drop,EXW,Air,4/11/2012,9-Oct-12,9-Oct-12,9-Oct-12,ARV,Adult,"Lamivudine/Nevirapine/Zidovudine 150/200/300mg, tablets, 60 Tabs",Tablet - FDC,60.0,12665.0,118417.75,9.35,0.16,Mylan (formerly Matrix) Nashik,No,See ASN-16123 (ID#:20371),See ASN-16123 (ID#:20371),166.02,FPQ-9577
74329,,,,,Cameroon,,,,,,9/15/2011,,,,,,"Orgenics, Ltd",,"HIV 1/2, Determine Kit without Lancets, Buffer or Capillary Tubes, 100 Tests",Determine,,,,,,,,,,,,,103-CM-T30,SCMS-122260,ASN-12662,PMO - US,Direct Drop,EXW,Air,9/13/2011,18-Nov-11,18-Nov-11,18-Nov-11,HRDT,HIV test,"HIV 1/2, Determine Kit without Lancets, Buffer or Caplillary Tubes, 100 Tests",Test kit,100.0,100.0,7215.0,72.15,0.72,Inverness Japan,Yes,18,1278.12,11.9,FPQ-8396
12435,114-UG-T01,Pre-PQ Process,SO-1300,DN-435,Uganda,PMO - US,From RDC,N/A - From RDC,Air,Pre-PQ Process,N/A - From RDC,10-Dec-07,10-Dec-07,10-Dec-07,ARV,Adult,SCMS from RDC,"Zidovudine 300mg, tablets, 60 Tabs",Zidovudine,Generic,300mg,Tablet,60.0,140.0,1141.0,8.15,0.14,"Aurobindo Unit III, India",No,See DN-435 (ID#:10908),See DN-435 (ID#:10908),1.83,,,,,,,,,,,,,,,,,,,,,,,,,,
43643,,,,,South Africa,,,,,,4/21/2010,,,,,,S. BUYS WHOLESALER,,Lamivudine,Epivir,10mg/ml,,,,,,,,,,,,116-ZA-T30,SCMS-71370,ASN-7373,PMO - US,Direct Drop,DDP,Truck,4/19/2010,31-May-10,31-May-10,31-May-10,ARV,Pediatric,"Lamivudine 10mg/ml [Epivir], oral solution, Bottle, 240 ml",Oral solution,240.0,500.0,3093.93,6.19,0.03,GSK Mississauga (Canada),No,Weight Captured Separately,Freight Included in Commodity Cost,6.67,FPQ-5535
11205,104-CI-T01,Pre-PQ Process,SO-1298,DN-451,Côte d'Ivoire,PMO - US,From RDC,N/A - From RDC,Air,Pre-PQ Process,N/A - From RDC,17-Jan-08,17-Jan-08,17-Jan-08,ARV,Adult,SCMS from RDC,"Lopinavir/Ritonavir 200/50mg [Aluvia], tablets, 120 Tabs",Lopinavir/Ritonavir,Aluvia,200/50mg,Tablet,120.0,993.0,40812.3,41.1,0.34,ABBVIE (Abbott) Logis. UK,Yes,217,3499.1,65.3,,,,,,,,,,,,,,,,,,,,,,,,,,
86081,,,,,Mozambique,,,,,,N/A - From RDC,,,,,,SCMS from RDC,,Lamivudine/Nevirapine/Zidovudine,Generic,150/300/200mg,,,,,,,,,,,,111-MZ-T30,SO-47461,DN-3698,PMO - US,From RDC,N/A - From RDC,Truck,12/9/2013,16-Jul-14,25-Jul-14,5-Sep-14,ARV,Adult,"Lamivudine/Nevirapine/Zidovudine 150/200/300mg, tablets, 60 Tabs",Tablet - FDC,60.0,47108.0,382045.88,8.11,0.14,"Cipla, Goa, India",Yes,7041,4486.01,392.74,FPQ-13394
37829,,,,,Vietnam,,,,,,7/30/2013,,,,,,ABBVIE LOGISTICS (FORMERLY ABBOTT LOGISTICS BV),,Lopinavir/Ritonavir,Aluvia,200/50mg,,,,,,,,,,,,108-VN-T30,SCMS-199710,ASN-23182,PMO - US,Direct Drop,FCA,Air,7/11/2013,8-Jan-14,8-Jan-14,8-Jan-14,ARV,Adult,"Lopinavir/Ritonavir 200/50mg [Aluvia], tablets, 120 Tabs",Tablet,120.0,7067.0,429814.94,60.82,0.51,ABBVIE Ludwigshafen Germany,No,See ASN-23182 (ID#:16967),See ASN-23182 (ID#:16967),531.68,FPQ-12539
47077,114-UG-T30,FPQ-15303,SCMS-264962,ASN-32534,Uganda,PMO - US,Direct Drop,EXW,Air,11/11/14,11/25/14,15-Jun-15,15-Jun-15,15-Jun-15,ARV,Adult,EMCURE PHARMACEUTICALS LTD,"Atazanavir/Ritonavir 300/100mg, tablets, 30 Tabs",Atazanavir/Ritonavir,Generic,300/100mg,Tablet,30.0,9235.0,166230.0,18.0,0.6,"Emcure Plot No.P-2, I.T-B.T. Park, Phase II, MIDC, Hinjwadi, Pune, India",Yes,1197,5375.13,195.65,,,,,,,,,,,,,,,,,,,,,,,,,,
79837,,,,,Côte d'Ivoire,,,,,,9/17/2013,,,,,,ABBVIE LOGISTICS (FORMERLY ABBOTT LOGISTICS BV),,Lopinavir/Ritonavir,Generic,100/25mg,,,,,,,,,,,,104-CI-T30,SCMS-206520,ASN-23388,PMO - US,Direct Drop,FCA,Air,8/9/2013,10-Jan-14,10-Jan-14,10-Jan-14,ARV,Pediatric,"Lopinavir/Ritonavir 100/25mg [Aluvia], tablets, 60 Tabs",Tablet,60.0,4400.0,26136.0,5.94,0.1,ABBVIE Ludwigshafen Germany,Yes,505,5335.6,32.33,FPQ-12806
79521,161-ZA-T30,FPQ-7175,SCMS-103960,ASN-10871,South Africa,PMO - US,Direct Drop,DDP,Ocean,3/10/11,3/28/11,6-Sep-11,6-Sep-11,6-Sep-11,ARV,Adult,STRIDES ARCOLAB LIMITED,"Lamivudine 150mg, tablets, 60 Tabs",Lamivudine,Generic,150mg,Tablet,60.0,440000.0,1069200.0,2.43,0.04,"Strides, Bangalore, India.",Yes,19564,33865.26,1764.18,,,,,,,,,,,,,,,,,,,,,,,,,,
72256,,,,,Haiti,,,,,,12/24/2014,,,,,,MYLAN LABORATORIES LTD (FORMERLY MATRIX LABORATORIES),,Lamivudine/Nevirapine/Zidovudine,Generic,30/50/60mg,,,,,,,,,,,,106-HT-T30,SCMS-262840,ASN-31822,PMO - US,Direct Drop,EXW,Ocean,10/22/2014,3-Jul-15,3-Jul-15,13-Jul-15,ARV,Pediatric,"Lamivudine/Nevirapine/Zidovudine 30/50/60mg, dispersible tablets, 60 Tabs",Chewable/dispersible tablet - FDC,60.0,6500.0,22750.0,3.5,0.06,Mylan (formerly Matrix) Nashik,Yes,Weight Captured Separately,Invoiced Separately,23.39,FPQ-15038
25809,,,,,Vietnam,,,,,,5/17/2013,,,,,,Aurobindo Pharma Limited,,Lamivudine/Nevirapine/Zidovudine,Generic,150/300/200mg,,,,,,,,,,,,108-VN-T30,SCMS-188680,ASN-20555,PMO - US,Direct Drop,EXW,Air,5/3/2013,3-Sep-13,3-Sep-13,3-Sep-13,ARV,Adult,"Lamivudine/Nevirapine/Zidovudine 150/200/300mg, tablets, 60 Tabs",Tablet - FDC,60.0,12488.0,101777.2,8.15,0.14,"Aurobindo Unit III, India",Yes,1846,3314.03,125.9,FPQ-12051
84020,,FPQ-5023,,,Nigeria,,,,,,N/A - From RDC,,,,,,SCMS from RDC,,Lamivudine/Zidovudine,Generic,150/300mg,,,,,,,,,,,,151-NG-T30,SO-36541,DN-1938,PMO - US,From RDC,N/A - From RDC,Air,2/10/2010,15-Jul-10,28-Jun-10,28-Jun-10,ARV,Adult,"Lamivudine/Zidovudine 150/300mg, tablets, 60 Tabs",Tablet - FDC,60.0,23856.0,208978.56,8.76,0.15,Mylan (formerly Matrix) Nashik,Yes,1918,Freight Included in Commodity Cost,450.56,
56716,,,,,Vietnam,,,,,,2/17/2015,,,,,,HETERO LABS LIMITED,,Efavirenz/Lamivudine/Tenofovir Disoproxil Fumarate,Generic,600/300/300mg,,,,,,,,,,,,108-VN-T30,SCMS-274390,ASN-32265,PMO - US,Direct Drop,EXW,Air,1/28/2015,10-Jul-15,10-Jul-15,10-Jul-15,ARV,Adult,"Efavirenz/Lamivudine/Tenofovir Disoproxil Fumarate 600/300/300mg, tablets, 30 Tabs",Tablet - FDC,30.0,6816.0,68160.0,10.0,0.33,Hetero Unit III Hyderabad IN,Yes,2541,5489.55,80.22,FPQ-15692
82302,,FPQ-4537,,,Nigeria,,,,,,N/A - From RDC,,,,,,SCMS from RDC,,Emtricitabine/Tenofovir Disoproxil Fumarate,Generic,200/300mg,,,,,,,,,,,,151-NG-T30,SO-35077,DN-1692,PMO - US,From RDC,N/A - From RDC,Air Charter,11/6/2009,19-Apr-10,31-Mar-10,31-Mar-10,ARV,Adult,"Emtricitabine/Tenofovir Disoproxil Fumarate 200/300mg, tablets, 30 Tabs",Tablet - FDC,30.0,3060.0,35955.0,11.75,0.39,Mylan (formerly Matrix) Nashik,Yes,247,Freight Included in Commodity Cost,77.52,
11011,112-NG-T01,Pre-PQ Process,SO-2728,DN-917,Nigeria,PMO - US,From RDC,N/A - From RDC,Air,Pre-PQ Process,N/A - From RDC,24-Sep-08,24-Sep-08,24-Sep-08,ARV,Adult,SCMS from RDC,"Ritonavir 100mg [Norvir], capsules, cool, 4 x 84 Caps",Ritonavir,Norvir,100mg,Capsule,336.0,2.0,76.72,38.36,0.11,ABBVIE (Abbott) France,No,See DN-917 (ID#:10745),See DN-917 (ID#:10745),0.12,,,,,,,,,,,,,,,,,,,,,,,,,,
7126,,,,,South Africa,,,,,,Date Not Captured,,,,,,S. BUYS WHOLESALER,,Emtricitabine/Tenofovir Disoproxil Fumarate,Truvada,300/200mg,,,,,,,,,,,,116-ZA-T01,SCMS-23500,ASN-2484,PMO - US,Direct Drop,DDP,Truck,Pre-PQ Process,20-Aug-08,14-Aug-08,14-Aug-08,ARV,Adult,"Emtricitabine/Tenofovir Disoproxil Fumarate 200/300mg [Truvada], tablets, 30 Tabs",Tablet - FDC,30.0,150.0,5737.5,38.25,1.27,Gilead(Nycomed) Oranienburg DE,Yes,Weight Captured Separately,Freight Included in Commodity Cost,9.18,Pre-PQ Process
63620,114-UG-T30,FPQ-12155,SCMS-189350,ASN-21443,Uganda,PMO - US,Direct Drop,EXW,Air,4/29/13,5/28/13,4-Oct-13,4-Oct-13,5-Oct-13,HRDT,HIV test,"CHEMBIO DIAGNOSTIC SYSTEMS, INC.","HIV 1/2, Stat-Pak Dipstick Assay Kit, 30 Tests","HIV 1/2, Stat-Pak Dipstick Assay Kit",Stat-Pak,,Test kit,30.0,2850.0,78660.0,27.6,0.92,Chembio Diagnostics Sys. Inc.,Yes,318,4604.83,97.3,,,,,,,,,,,,,,,,,,,,,,,,,,
18155,102-SD-T30,FPQ-8261,SCMS-120460,ASN-12339,Sudan,PMO - US,Direct Drop,EXW,Air,8/29/11,9/7/11,11-Jan-12,11-Jan-12,11-Jan-12,HRDT,HIV test,"Trinity Biotech, Plc","HIV 1/2, Uni-Gold HIV Kit, 20 Tests","HIV 1/2, Uni-Gold HIV Kit",Uni-Gold,,Test kit,20.0,58.0,1856.0,32.0,1.6,"Trinity Biotech, Plc",Yes,19,594.51,3.06,,,,,,,,,,,,,,,,,,,,,,,,,,
86665,,,,,Côte d'Ivoire,,,,,,N/A - From RDC,,,,,,SCMS from RDC,,Efavirenz/Lamivudine/Tenofovir Disoproxil Fumarate,Generic,600/300/300mg,,,,,,,,,,,,104-CI-T30,SO-46430,DN-3599,PMO - US,From RDC,N/A - From RDC,Truck,8/9/2013,30-Apr-14,14-Apr-14,22-May-14,ARV,Adult,"Efavirenz/Lamivudine/Tenofovir Disoproxil Fumarate 600/300/300mg, tablets, 30 Tabs",Tablet - FDC,30.0,60200.0,633304.0,10.52,0.35,Hetero Unit III Hyderabad IN,No,See DN-3599 (ID#:84351),See DN-3599 (ID#:84351),783.4,FPQ-12800
54679,,,,,Kenya,,,,,,11/6/2012,,,,,,"Orgenics, Ltd",,"HIV 1/2, Determine Complete HIV Kit",Determine,,,,,,,,,,,,,101-KE-T30,SCMS-153910,ASN-17658,PMO - US,Direct Drop,CIP,Air,7/12/2012,28-Feb-13,28-Feb-13,28-Feb-13,HRDT,HIV test,"HIV 1/2, Determine Complete HIV Kit, 100 Tests",Test kit,100.0,7435.0,661715.0,89.0,0.89,"Alere Medical Co., Ltd.",Yes,1479,91.67,927.72,FPQ-10314
42983,,FPQ-9756,,,Côte d'Ivoire,,,,,,1/6/2012,,,,,,MYLAN LABORATORIES LTD (FORMERLY MATRIX LABORATORIES),,Atazanavir/Ritonavir,Generic,300/100mg,,,,,,,,,,,,104-CI-T30,SCMS-147680,ASN-17003,PMO - US,Direct Drop,EXW,Air,4/23/2012,23-Nov-12,23-Nov-12,23-Nov-12,ARV,Adult,"Atazanavir/Ritonavir 300/100mg, tablets, 30 Tabs",Tablet,30.0,939.0,21127.5,22.5,0.75,Mylan (formerly Matrix) Nashik,Yes,117,1766.57,29.62,
39606,111-MZ-T30,FPQ-4739,SCMS-62690,ASN-5953,Mozambique,PMO - US,Direct Drop,EXW,Air,12/10/09,1/8/10,23-Feb-10,23-Feb-10,23-Feb-10,HRDT,HIV test,"Trinity Biotech, Plc","HIV 1/2, Uni-Gold HIV Kit, 20 Tests","HIV 1/2, Uni-Gold HIV Kit",Uni-Gold,,Test kit,20.0,2360.0,75520.0,32.0,1.6,"Trinity Biotech, Plc",Yes,1636,21087.7,162.82,,,,,,,,,,,,,,,,,,,,,,,,,,
10996,,,,,Zimbabwe,,,,,,N/A - From RDC,,,,,,SCMS from RDC,,Lamivudine/Nevirapine/Stavudine,Generic,150/200/30mg,,,,,,,,,,,,113-ZW-T01,SO-14000,DN-1044,PMO - US,From RDC,N/A - From RDC,Truck,Pre-PQ Process,16-Feb-09,16-Feb-09,16-Feb-09,ARV,Adult,"Lamivudine/Nevirapine/Stavudine 150/200/30mg, tablets, 60 Tabs",Tablet - FDC,60.0,76000.0,562400.0,7.4,0.12,"Cipla, Goa, India",Yes,8912,35513.01,1102.3,Pre-PQ Process
10925,,Pre-PQ Process,,,Zimbabwe,,,,,,N/A - From RDC,,,,,,SCMS from RDC,,Lamivudine/Nevirapine/Stavudine,Generic,150/200/30mg,,,,,,,,,,,,100-ZW-T01,SO-712,DN-623,PMO - US,From RDC,N/A - From RDC,Air,Pre-PQ Process,5-Mar-08,5-Mar-08,5-Mar-08,ARV,Adult,"Lamivudine/Nevirapine/Stavudine 150/200/30mg, tablets, 60 Tabs",Tablet - FDC,60.0,37240.0,275576.0,7.4,0.12,"Cipla, Goa, India",Yes,4080,13317.2,440.92,
57394,,,,,Swaziland,,,,,,9/12/2012,,,,,,"Orgenics, Ltd",,"Chase Buffer, Determine, 100 Tests, 2.5ml x 1 Vial",Determine,,,,,,,,,,,,,102-SZ-T30,SCMS-159090,ASN-16722,PMO - US,Direct Drop,EXW,Air,8/23/2012,19-Oct-12,19-Oct-12,19-Oct-12,HRDT,HIV test - Ancillary,"Chase Buffer, Determine, 100 Tests, 2.5ml x 1 Vial",Test kit - Ancillary,1.0,220.0,1430.0,6.5,6.5,"Alere Medical Co., Ltd.",Yes,Weight Captured Separately,Invoiced Separately,2.0,FPQ-10537
83969,110-ZM-T30,FPQ-4035,SO-34760,DN-1573,Zambia,PMO - US,From RDC,N/A - From RDC,Truck,8/5/09,N/A - From RDC,15-Jan-10,3-Dec-09,3-Dec-09,ARV,Adult,SCMS from RDC,"Nevirapine 200mg, tablets, 60 Tabs",Nevirapine,Generic,200mg,Tablet,60.0,29683.0,86080.7,2.9,0.05,"Cipla, Goa, India",Yes,3254,8104.79,168.72,,,,,,,,,,,,,,,,,,,,,,,,,,
84499,,FPQ-3815,,,Nigeria,,,,,,N/A - From RDC,,,,,,SCMS from RDC,,Lamivudine/Nevirapine/Stavudine,Generic,150/200/30mg,,,,,,,,,,,,154-NG-T30,SO-32273,DN-1333,PMO - US,From RDC,N/A - From RDC,Air,5/26/2009,17-Sep-09,14-Sep-09,14-Sep-09,ARV,Adult,"Lamivudine/Nevirapine/Stavudine 150/200/30mg, tablets, 60 Tabs",Tablet - FDC,60.0,45.0,315.0,7.0,0.12,"Strides, Bangalore, India.",No,See DN-1333 (ID#:82839),See DN-1333 (ID#:82839),0.62,
84140,,FPQ-8157,,,Mozambique,,,,,,N/A - From RDC,,,,,,SCMS from RDC,,Lamivudine/Nevirapine/Zidovudine,Generic,150/300/200mg,,,,,,,,,,,,111-MZ-T30,SO-40360,DN-2518,PMO - US,From RDC,N/A - From RDC,Truck,8/4/2011,30-Mar-12,8-Mar-12,8-Mar-12,ARV,Adult,"Lamivudine/Nevirapine/Zidovudine 150/200/300mg, tablets, 60 Tabs",Tablet - FDC,60.0,100000.0,1122000.0,11.22,0.19,"Aurobindo Unit VII, IN",No,See DN-2518 (ID#:83009),See DN-2518 (ID#:83009),1851.3,
12135,,Pre-PQ Process,,,Zambia,,,,,,N/A - From RDC,,,,,,SCMS from RDC,,Nevirapine,Generic,200mg,,,,,,,,,,,,110-ZM-T01,SO-1314,DN-466,PMO - US,From RDC,N/A - From RDC,,Pre-PQ Process,12-Dec-07,12-Dec-07,12-Dec-07,ARV,Adult,"Nevirapine 200mg, tablets, 60 Tabs",Tablet,60.0,60440.0,205496.0,3.4,0.06,"Aurobindo Unit III, India",Yes,5725,15671.53,328.79,
63907,,FPQ-6944,,,Guatemala,,,,,,1/25/2011,,,,,,IDIS LIMITED,,Didanosine,Videx,25mg,,,,,,,,,,,,202-GT-T30,SCMS-98040,ASN-12152,PMO - US,Direct Drop,DDU,Air,1/17/2011,12-Sep-11,12-Sep-11,12-Sep-11,ARV,Pediatric,"Didanosine 25mg [Videx], chewable tablets, 60 Tabs",Chewable/dispersible tablet,60.0,150.0,6843.0,45.62,0.76,"BMS Meymac, France",No,Weight Captured Separately,Freight Included in Commodity Cost,11.29,
12602,114-UG-T01,Pre-PQ Process,SO-31460,DN-1300,Uganda,PMO - US,From RDC,N/A - From RDC,Air,Date Not Captured,N/A - From RDC,15-Sep-09,15-Sep-09,15-Sep-09,ARV,Adult,SCMS from RDC,"Nevirapine 200mg, tablets, 60 Tabs",Nevirapine,Generic,200mg,Tablet,60.0,2250.0,6525.0,2.9,0.05,"Aurobindo Unit III, India",No,See DN-1300 (ID#:11669),See DN-1300 (ID#:11669),12.79,,,,,,,,,,,,,,,,,,,,,,,,,,
25706,,FPQ-12538,,,Haiti,,,,,,7/22/2013,,,,,,MYLAN LABORATORIES LTD (FORMERLY MATRIX LABORATORIES),,Atazanavir/Ritonavir,Generic,300/100mg,,,,,,,,,,,,106-HT-T30,SCMS-198150,ASN-21072,PMO - US,Direct Drop,EXW,Air,6/25/2013,30-Aug-13,30-Aug-13,30-Aug-13,ARV,Adult,"Atazanavir/Ritonavir 300/100mg, tablets, 30 Tabs",Tablet,30.0,4816.0,96320.0,20.0,0.67,Mylan (formerly Matrix) Nashik,Yes,647,4444.33,119.15,
46875,113-ZW-T30,FPQ-13669,SCMS-225830,ASN-26283,Zimbabwe,PMO - US,Direct Drop,EXW,Air,2/3/14,2/12/14,18-Jun-14,18-Jun-14,25-Jun-14,HRDT,HIV test,"Orgenics, Ltd","HIV 1/2, Determine Complete HIV Kit, 100 Tests","HIV 1/2, Determine Complete HIV Kit",Determine,,Test kit,100.0,8787.0,702960.0,80.0,0.8,"Alere Medical Co., Ltd.",Yes,3567,51732.62,722.64,,,,,,,,,,,,,,,,,,,,,,,,,,
49765,,,,,"Congo, DRC",,,,,,3/16/2015,,,,,,"Trinity Biotech, Plc",,"HIV 1/2, Uni-Gold HIV Kit",Uni-Gold,,,,,,,,,,,,,101-CD-T30,SCMS-280210,ASN-31750,PMO - US,Direct Drop,EXW,Air,3/10/2015,2-Jul-15,2-Jul-15,30-Jul-15,HRDT,HIV test,"HIV 1/2, Uni-Gold HIV Kit, 20 Tests",Test kit,20.0,9.0,288.0,32.0,1.6,"Trinity Biotech, Plc",No,See ASN-31750 (ID#:19272),See ASN-31750 (ID#:19272),0.34,FPQ-16001
85351,109-TZ-T30,FPQ-10545,SO-43122,DN-3111,Tanzania,PMO - US,From RDC,N/A - From RDC,Truck,8/24/12,N/A - From RDC,31-May-13,9-May-13,9-May-13,ARV,Adult,SCMS from RDC,"Tenofovir Disoproxil Fumarate 300mg, tablets, 30 Tabs",Tenofovir Disoproxil Fumarate,Generic,300mg,Tablet,30.0,1980.0,7999.2,4.04,0.13,Mylan (formerly Matrix) Nashik,Yes,126,1382,11.21,,,,,,,,,,,,,,,,,,,,,,,,,,
29133,,FPQ-12477,,,Uganda,,,,,,7/24/2013,,,,,,HETERO LABS LIMITED,,Lamivudine,Generic,150mg,,,,,,,,,,,,114-UG-T30,SCMS-198730,ASN-21532,PMO - US,Direct Drop,EXW,Air,7/8/2013,14-Sep-13,14-Sep-13,14-Sep-13,ARV,Adult,"Lamivudine 150mg, tablets, 60 Tabs",Tablet,60.0,45359.0,83914.15,1.85,0.03,Hetero Unit III Hyderabad IN,Yes,2773,8723.46,103.8,
49656,116-ZA-T30,FPQ-13214,SCMS-215410,ASN-23875,South Africa,PMO - US,Direct Drop,DDP,Truck,11/14/13,12/2/13,13-Jan-14,13-Jan-14,13-Jan-14,ARV,Adult,S. BUYS WHOLESALER,"Zidovudine 300mg, tablets, 60 Tabs",Zidovudine,Generic,300mg,Tablet,60.0,32.0,790.81,24.71,0.41,"Aurobindo Unit III, India",No,Weight Captured Separately,Freight Included in Commodity Cost,0.81,,,,,,,,,,,,,,,,,,,,,,,,,,
47212,,FPQ-14407,,,Uganda,,,,,,6/23/2014,,,,,,ABBVIE LOGISTICS (FORMERLY ABBOTT LOGISTICS BV),,Lopinavir/Ritonavir,Kaletra,80/20mg/ml,,,,,,,,,,,,114-UG-T30,SCMS-244420,ASN-29216,PMO - US,Direct Drop,FCA,Air,6/11/2014,14-Nov-14,14-Nov-14,16-Nov-14,ARV,Pediatric,"Lopinavir/Ritonavir 80/20mg/ml [Kaletra], oral solution, cool, Bottle 5 x 60 ml",Oral solution,300.0,80.0,2465.6,30.82,0.1,ABBVIE (Abbott) Logis. UK,Yes,136,2077.87,2.53,
8317,111-MZ-T01,Pre-PQ Process,SCMS-18340,ASN-1747,Mozambique,PMO - US,Direct Drop,EXW,Air,Pre-PQ Process,2/27/08,9-Jul-08,9-Jul-08,9-Jul-08,HRDT,HIV test - Ancillary,"Orgenics, Ltd","HIV, Lancet, Safety, for HIV Test kits, 100 Pcs","HIV, Lancet, Safety, for HIV Test kits, 100 Pcs",Generic,,Test kit - Ancillary,100.0,3000.0,30.0,0.01,0.0,Inverness Japan,Yes,Weight Captured Separately,Invoiced Separately,0.05,,,,,,,,,,,,,,,,,,,,,,,,,,
79648,,FPQ-13494,,,Haiti,,,,,,2/19/2014,,,,,,"Orgenics, Ltd",,"HIV 1/2, Determine Complete HIV Kit",Determine,,,,,,,,,,,,,106-HT-T30,SCMS-225411,ASN-25473,PMO - US,Direct Drop,EXW,Air,1/21/2014,15-May-14,15-May-14,20-May-14,HRDT,HIV test,"HIV 1/2, Determine Complete HIV Kit, 100 Tests",Test kit,100.0,4000.0,400000.0,100.0,1.0,"Alere Medical Co., Ltd.",Yes,1623,15230.88,411.2,
62814,,,,,Zambia,,,,,,10/21/2013,,,,,,Aurobindo Pharma Limited,,Lamivudine,Generic,150mg,,,,,,,,,,,,110-ZM-T30,SCMS-211060,ASN-22938,PMO - US,Direct Drop,EXW,Air,10/11/2013,13-Jan-14,13-Jan-14,30-Jan-14,ARV,Adult,"Lamivudine 150mg, tablets, 60 Tabs",Tablet,60.0,20000.0,43000.0,2.15,0.04,"Aurobindo Unit III, India",Yes,980,6020.81,44.2,FPQ-13084
27430,,,,,South Africa,,,,,,5/11/2015,,,,,,PHARMACY DIRECT,,Didanosine,Generic,250mg,,,,,,,,,,,,116-ZA-T30,SCMS-259075,ASN-32138,PMO - US,Direct Drop,DDP,Truck,9/11/2014,12-May-15,12-May-15,12-May-15,ARV,Adult,"Didanosine 250mg, delayed-release capsules, 30 Caps",Delayed-release capsules,30.0,3.0,33.05,11.02,0.37,"Aurobindo Unit III, India",No,Weight Captured Separately,Freight Included in Commodity Cost,0.03,FPQ-14942
86724,,,,,Nigeria,,,,,,N/A - From RDC,,,,,,SCMS from RDC,,Efavirenz,Generic,600mg,,,,,,,,,,,,151-NG-T30,SO-48902,DN-3916,PMO - US,From RDC,N/A - From RDC,Air Charter,4/25/2014,31-Oct-14,3-Sep-14,5-Sep-14,ARV,Adult,"Efavirenz 600mg, tablets, 30 Tabs",Tablet,30.0,12241.0,39293.61,3.21,0.11,"Strides, Bangalore, India.",Yes,828,3773,40.39,FPQ-14156
71439,,FPQ-6262,,,South Africa,,,,,,9/21/2010,,,,,,STRIDES ARCOLAB LIMITED,,Lamivudine,Generic,150mg,,,,,,,,,,,,161-ZA-T30,SCMS-84250,ASN-9007,PMO - US,Direct Drop,DDP,Ocean,8/31/2010,15-Dec-10,15-Dec-10,15-Dec-10,ARV,Adult,"Lamivudine 150mg, tablets, 60 Tabs",Tablet,60.0,164908.0,407322.76,2.47,0.04,"Strides, Bangalore, India.",Yes,8048,12225.76,878.19,
82555,,,,,Haiti,,,,,,N/A - From RDC,,,,,,SCMS from RDC,,Tenofovir Disoproxil Fumarate,Generic,300mg,,,,,,,,,,,,106-HT-T30,SO-44400,DN-3015,PMO - US,From RDC,N/A - From RDC,Air,1/16/2013,9-Apr-13,14-Mar-13,14-Mar-13,ARV,Adult,"Tenofovir Disoproxil Fumarate 300mg, tablets, 30 Tabs",Tablet,30.0,192.0,775.68,4.04,0.13,Mylan (formerly Matrix) Nashik,No,See DN-3015 (ID#:82554),See DN-3015 (ID#:82554),0.96,FPQ-11281
56395,,FPQ-14942,,,South Africa,,,,,,1/26/2015,,,,,,PHARMACY DIRECT,,Emtricitabine/Tenofovir Disoproxil Fumarate,Generic,200/300mg,,,,,,,,,,,,116-ZA-T30,SCMS-259072,ASN-30377,PMO - US,Direct Drop,DDP,Truck,9/11/2014,26-Jan-15,26-Jan-15,26-Jan-15,ARV,Adult,"Emtricitabine/Tenofovir Disoproxil Fumarate 200/300mg, tablets, 30 Tabs",Tablet - FDC,30.0,11.0,240.14,21.83,0.73,"Aurobindo Unit III, India",No,Weight Captured Separately,Freight Included in Commodity Cost,0.25,
3615,108-VN-T01,Pre-PQ Process,SCMS-37210,ASN-3631,Vietnam,PMO - US,Direct Drop,EXW,Air,Pre-PQ Process,1/16/09,11-Apr-09,11-Apr-09,11-Apr-09,ARV,Adult,MYLAN LABORATORIES LTD (FORMERLY MATRIX LABORATORIES),"Zidovudine 300mg, tablets, 60 Tabs",Zidovudine,Generic,300mg,Tablet,60.0,336.0,2520.0,7.5,0.12,Mylan (formerly Matrix) Nashik,Yes,18,2525.73,4.94,,,,,,,,,,,,,,,,,,,,,,,,,,
77910,,,,,South Africa,,,,,,12/2/2013,,,,,,S. BUYS WHOLESALER,,Lamivudine/Zidovudine,Generic,150/300mg,,,,,,,,,,,,116-ZA-T30,SCMS-215370,ASN-24415,PMO - US,Direct Drop,DDP,Truck,10/8/2013,6-Feb-14,6-Feb-14,6-Feb-14,ARV,Adult,"Lamivudine/Zidovudine 150/300mg, tablets, 60 Tabs",Tablet - FDC,60.0,259.0,7677.85,29.64,0.49,"Cipla, Goa, India",No,Weight Captured Separately,Freight Included in Commodity Cost,9.5,FPQ-13035
85599,,FPQ-15622,,,Rwanda,,,,,,N/A - From RDC,,,,,,SCMS from RDC,,Efavirenz/Lamivudine/Tenofovir Disoproxil Fumarate,Generic,600/300/300mg,,,,,,,,,,,,107-RW-T30,SO-50720,DN-4286,PMO - US,From RDC,N/A - From RDC,Truck,12/22/2014,30-Jun-15,17-Jun-15,29-Jun-15,ARV,Adult,"Efavirenz/Lamivudine/Tenofovir Disoproxil Fumarate 600/300/300mg, tablets, 30 Tabs",Tablet - FDC,30.0,294399.0,2826230.4,9.6,0.32,Mylan (formerly Matrix) Nashik,Yes,33500,Freight Included in Commodity Cost,3326.47,
85712,102-UG-T30,FPQ-6202,SO-37270,DN-2028,Uganda,PMO - US,From RDC,N/A - From RDC,Truck,8/6/10,N/A - From RDC,29-Oct-10,15-Oct-10,15-Oct-10,ARV,Adult,SCMS from RDC,"Lamivudine/Nevirapine/Zidovudine 150/200/300mg, tablets, 60 Tabs",Lamivudine/Nevirapine/Zidovudine,Generic,150/300/200mg,Tablet - FDC,60.0,30000.0,336600.0,11.22,0.19,"Aurobindo Unit III, India",Yes,4050,15759.47,725.71,,,,,,,,,,,,,,,,,,,,,,,,,,
78198,,,,,Côte d'Ivoire,,,,,,9/2/2013,,,,,,ABBVIE LOGISTICS (FORMERLY ABBOTT LOGISTICS BV),,Ritonavir,Norvir,100mg,,,,,,,,,,,,104-CI-T30,SCMS-204990,ASN-22826,PMO - US,Direct Drop,FCA,Air,7/30/2013,29-Nov-13,29-Nov-13,2-Dec-13,ARV,Adult,"Ritonavir 100mg [Norvir], film coated tablets, 60 Tabs",Tablet,60.0,3000.0,20550.0,6.85,0.11,ABBVIE Ludwigshafen Germany,Yes,387,6020.48,25.42,FPQ-12714
85480,114-UG-T30,FPQ-13108,SO-46871,DN-3736,Uganda,PMO - US,From RDC,N/A - From RDC,Truck,10/16/13,N/A - From RDC,30-Jun-14,30-Jun-14,1-Jul-14,ARV,Adult,SCMS from RDC,"Lamivudine/Nevirapine/Zidovudine 150/200/300mg, tablets, 60 Tabs",Lamivudine/Nevirapine/Zidovudine,Generic,150/300/200mg,Tablet - FDC,60.0,212934.0,1758834.84,8.26,0.14,Hetero Unit III Hyderabad IN,Yes,27953,19248.7,1808.08,,,,,,,,,,,,,,,,,,,,,,,,,,
9039,,,,,South Africa,,,,,,Date Not Captured,,,,,,S. BUYS WHOLESALER,,Lopinavir/Ritonavir,Aluvia,200/50mg,,,,,,,,,,,,116-ZA-T01,SCMS-41190,ASN-3732,PMO - US,Direct Drop,DDP,Air,Pre-PQ Process,30-Mar-09,21-Jan-09,21-Jan-09,ARV,Adult,"Lopinavir/Ritonavir 200/50mg [Aluvia], tablets, 120 Tabs",Tablet,120.0,200.0,6182.0,30.91,0.26,ABBVIE Ludwigshafen Germany,No,Weight Captured Separately,Freight Included in Commodity Cost,12.12,Pre-PQ Process
85920,111-MZ-T30,FPQ-10211,SO-42870,DN-2966,Mozambique,PMO - US,From RDC,N/A - From RDC,Truck,6/28/12,N/A - From RDC,31-Jan-13,11-Jan-13,11-Jan-13,ARV,Adult,SCMS from RDC,"Lamivudine/Nevirapine/Zidovudine 150/200/300mg, tablets, 60 Tabs",Lamivudine/Nevirapine/Zidovudine,Generic,150/300/200mg,Tablet - FDC,60.0,67271.0,647147.02,9.62,0.16,"Aurobindo Unit III, India",Yes,7899,7433.01,907.3,,,,,,,,,,,,,,,,,,,,,,,,,,
11425,,Pre-PQ Process,,,Mozambique,,,,,,N/A - From RDC,,,,,,SCMS from RDC,,Efavirenz,Generic,200mg,,,,,,,,,,,,111-MZ-T01,SO-499,DN-258,PMO - US,From RDC,N/A - From RDC,Air,Pre-PQ Process,15-Aug-07,15-Aug-07,15-Aug-07,ARV,Pediatric,"Efavirenz 200mg, capsule, 90 Caps",Capsule,90.0,422.0,7152.9,16.95,0.19,"Aurobindo Unit III, India",Yes,514,740.43,11.44,
42359,,FPQ-4698,,,Côte d'Ivoire,,,,,,1/15/2010,,,,,,ABBVIE LOGISTICS (FORMERLY ABBOTT LOGISTICS BV),,Ritonavir,Norvir,100mg,,,,,,,,,,,,104-CI-T30,SCMS-62971,ASN-10264,PMO - US,Direct Drop,FCA,Air,12/28/2009,12-Apr-11,12-Apr-11,12-Apr-11,ARV,Adult,"Ritonavir 100mg [Norvir], film coated tablets, 60 Tabs",Tablet,60.0,2706.0,18536.1,6.85,0.11,ABBVIE Ludwigshafen Germany,Yes,346,9539.6,39.96,
1222,116-ZA-T01,Pre-PQ Process,SCMS-47051,ASN-4838,South Africa,PMO - US,Direct Drop,DDP,Truck,Pre-PQ Process,6/5/09,12-Oct-09,5-Aug-09,5-Aug-09,ARV,Adult,S. BUYS WHOLESALER,"Lamivudine 150mg, tablets, 60 Tabs",Lamivudine,Generic,150mg,Tablet,60.0,5000.0,41300.0,8.26,0.14,"Aurobindo Unit III, India",Yes,Weight Captured Separately,Freight Included in Commodity Cost,80.95,,,,,,,,,,,,,,,,,,,,,,,,,,
85365,,,,,Mozambique,,,,,,N/A - From RDC,,,,,,SCMS from RDC,,Abacavir,Generic,300mg,,,,,,,,,,,,111-MZ-T30,SO-44861,DN-3181,PMO - US,From RDC,N/A - From RDC,Truck,3/19/2013,30-Sep-13,8-Aug-13,8-Aug-13,ARV,Adult,"Abacavir 300mg, tablets, 60 Tabs",Tablet,60.0,10000.0,129600.0,12.96,0.22,Mylan (formerly Matrix) Nashik,Yes,1033,7951.22,160.32,FPQ-11884
3192,,,,,South Africa,,,,,,Date Not Captured,,,,,,S. BUYS WHOLESALER,,Nevirapine,Generic,200mg,,,,,,,,,,,,116-ZA-T01,SCMS-23500,ASN-2293,PMO - US,Direct Drop,DDP,Truck,Pre-PQ Process,20-Aug-08,8-May-08,8-May-08,ARV,Adult,"Nevirapine 200mg, tablets, 60 Tabs",Tablet,60.0,150.0,3166.5,21.11,0.35,"Cipla, Goa, India",No,Weight Captured Separately,Freight Included in Commodity Cost,5.07,Pre-PQ Process
32344,,,,,Dominican Republic,,,,,,9/2/2010,,,,,,"ABBVIE, SRL (FORMALLY ABBOTT LABORATORIES INTERNATIONAL CO.)",,Ritonavir,Norvir,100mg,,,,,,,,,,,,100-DO-T30,SCMS-83590,ASN-8401,PMO - US,Direct Drop,EXW,Truck,8/19/2010,22-Oct-10,22-Oct-10,22-Oct-10,ARV,Adult,"Ritonavir 100mg [Norvir], capsules, cool, 2 x 84 Caps",Capsule,168.0,346.0,49824.0,144.0,0.86,ABBVIE (Abbott) St. P'burg USA,Yes,268,666.66,107.42,FPQ-6126
9043,116-ZA-T01,Pre-PQ Process,SCMS-41210,ASN-3737,South Africa,PMO - US,Direct Drop,DDP,Air,Pre-PQ Process,Date Not Captured,30-Mar-09,23-Jan-09,23-Jan-09,ARV,Adult,S. BUYS WHOLESALER,"Lamivudine 150mg [Epivir], tablets, 60 Tabs",Lamivudine,Epivir,150mg,Tablet,60.0,1200.0,6012.0,5.01,0.08,GSK Cape Town Factory (South Africa),No,Weight Captured Separately,Freight Included in Commodity Cost,11.78,,,,,,,,,,,,,,,,,,,,,,,,,,
8590,,Pre-PQ Process,,,South Africa,,,,,,Date Not Captured,,,,,,S. BUYS WHOLESALER,,Lopinavir/Ritonavir,Kaletra,80/20mg/ml,,,,,,,,,,,,116-ZA-T01,SCMS-26820,ASN-2488,PMO - US,Direct Drop,DDP,Truck,Pre-PQ Process,10-Jul-08,8-Jul-08,8-Jul-08,ARV,Pediatric,"Lopinavir/Ritonavir 80/20mg/ml [Kaletra], oral solution, cool, Bottle 5 x 60 ml",Oral solution,300.0,10.0,354.6,35.46,0.12,ABBVIE (Abbott) Logis. UK,No,Weight Captured Separately,Freight Included in Commodity Cost,0.57,
11812,,Pre-PQ Process,,,Côte d'Ivoire,,,,,,N/A - From RDC,,,,,,SCMS from RDC,,Lamivudine,Generic,10mg/ml,,,,,,,,,,,,104-CI-T01,SO-1101,DN-434,PMO - US,From RDC,N/A - From RDC,Air,Pre-PQ Process,22-Nov-07,22-Nov-07,22-Nov-07,ARV,Pediatric,"Lamivudine 10mg/ml, oral solution, Bottle, 240 ml",Oral solution,240.0,6000.0,11820.0,1.97,0.01,"Aurobindo Unit III, India",No,See DN-434 (ID#:11483),See DN-434 (ID#:11483),18.91,
74213,116-ZA-T30,FPQ-11828,SCMS-183950,ASN-19166,South Africa,South Africa Field Office,Direct Drop,DDP,Truck,3/18/13,Date Not Captured,16-Apr-13,16-Apr-13,16-Apr-13,ARV,Adult,S. BUYS WHOLESALER,"Abacavir 300mg, tablets, 60 Tabs",Abacavir,Generic,300mg,Tablet,60.0,537.0,14023.43,26.11,0.44,"Cipla, Patalganga, India",No,Weight Captured Separately,Freight Included in Commodity Cost,17.35,,,,,,,,,,,,,,,,,,,,,,,,,,
83670,,FPQ-11281,,,Haiti,,,,,,N/A - From RDC,,,,,,SCMS from RDC,,Efavirenz/Lamivudine/Tenofovir Disoproxil Fumarate,Generic,600/300/300mg,,,,,,,,,,,,106-HT-T30,SO-44421,DN-3091,PMO - US,From RDC,N/A - From RDC,Air,1/16/2013,23-Apr-13,2-Apr-13,2-Apr-13,ARV,Adult,"Efavirenz/Lamivudine/Tenofovir Disoproxil Fumarate 600/300/300mg, tablets, 30 Tabs",Tablet - FDC,30.0,22000.0,266420.0,12.11,0.4,Mylan (formerly Matrix) Nashik,Yes,2435,25984.75,329.56,
84711,109-TZ-T30,FPQ-8297,SO-40600,DN-2571,Tanzania,PMO - US,From RDC,N/A - From RDC,Truck,8/22/11,N/A - From RDC,11-Apr-12,11-Apr-12,11-Apr-12,ARV,Adult,SCMS from RDC,"Efavirenz 600mg, tablets, 30 Tabs",Efavirenz,Generic,600mg,Tablet,30.0,137269.0,579275.18,4.22,0.14,"Strides, Bangalore, India.",Yes,8474,3279.25,955.8,,,,,,,,,,,,,,,,,,,,,,,,,,
4457,108-VN-T01,Pre-PQ Process,SCMS-23320,ASN-2275,Vietnam,PMO - US,Direct Drop,EXW,Air,Pre-PQ Process,5/13/08,19-Sep-08,19-Sep-08,19-Sep-08,ARV,Adult,Aurobindo Pharma Limited,"Nevirapine 200mg, tablets, 60 Tabs",Nevirapine,Generic,200mg,Tablet,60.0,2180.0,6997.8,3.21,0.05,"Aurobindo Unit III, India",Yes,242,5881.57,11.2,,,,,,,,,,,,,,,,,,,,,,,,,,
83401,113-ZW-T30,FPQ-4694,SO-35360,DN-1658,Zimbabwe,PMO - US,From RDC,N/A - From RDC,Truck,12/8/09,N/A - From RDC,30-Mar-10,12-Mar-10,12-Mar-10,ARV,Adult,SCMS from RDC,"Lamivudine/Nevirapine/Stavudine 150/200/30mg, tablets, 60 Tabs",Lamivudine/Nevirapine/Stavudine,Generic,150/200/30mg,Tablet - FDC,60.0,36100.0,220571.0,6.11,0.1,"Cipla, Goa, India",Yes,3955,13208.56,475.55,,,,,,,,,,,,,,,,,,,,,,,,,,
83262,,,,,Côte d'Ivoire,,,,,,N/A - From RDC,,,,,,SCMS from RDC,,Lamivudine/Tenofovir Disoproxil Fumarate,Generic,300/300mg,,,,,,,,,,,,104-CI-T30,SO-47880,DN-3803,PMO - US,From RDC,N/A - From RDC,Truck,1/29/2014,28-Nov-14,9-Jul-14,7-Aug-14,ARV,Adult,"Lamivudine/Tenofovir Disoproxil Fumarate 300/300mg, tablets, 30 Tabs",Tablet - FDC,30.0,10000.0,46300.0,4.63,0.15,Hetero Unit III Hyderabad IN,No,See DN-3803 (ID#:83260),See DN-3803 (ID#:83260),47.6,FPQ-13628
85198,,FPQ-7659,,,Côte d'Ivoire,,,,,,N/A - From RDC,,,,,,SCMS from RDC,,Lamivudine/Nevirapine/Zidovudine,Generic,150/300/200mg,,,,,,,,,,,,104-CI-T30,SO-40121,DN-2304,PMO - US,From RDC,N/A - From RDC,Air,5/3/2011,27-Sep-11,12-Sep-11,12-Sep-11,ARV,Adult,"Lamivudine/Nevirapine/Zidovudine 150/200/300mg, tablets, 60 Tabs",Tablet - FDC,60.0,23147.0,259709.34,11.22,0.19,"Aurobindo Unit III, India",No,See DN-2304 (ID#:82395),See DN-2304 (ID#:82395),428.52,
11041,,,,,Uganda,,,,,,N/A - From RDC,,,,,,SCMS from RDC,,Emtricitabine/Tenofovir Disoproxil Fumarate,Truvada,300/200mg,,,,,,,,,,,,114-UG-T01,SO-26150,DN-1223,PMO - US,From RDC,N/A - From RDC,Air,Pre-PQ Process,1-Jun-09,1-Jun-09,1-Jun-09,ARV,Adult,"Emtricitabine/Tenofovir Disoproxil Fumarate 200/300mg [Truvada], tablets, 30 Tabs",Tablet - FDC,30.0,260.0,6825.0,26.25,0.88,"Aspen-OSD, Port Elizabeth, SA",Yes,28,1180.71,13.38,Pre-PQ Process
82707,,FPQ-14252,,,"Congo, DRC",,,,,,N/A - From RDC,,,,,,SCMS from RDC,,Abacavir,Generic,300mg,,,,,,,,,,,,101-CD-T30,SO-48850,DN-3843,PMO - US,From RDC,N/A - From RDC,Air,5/7/2014,13-Aug-14,24-Sep-14,6-Nov-14,ARV,Adult,"Abacavir 300mg, tablets, 60 Tabs",Tablet,60.0,715.0,8029.45,11.23,0.19,"Aurobindo Unit III, India",Yes,1630,18387.8,8.25,
85539,113-ZW-T30,FPQ-14458,SO-49171,DN-3974,Zimbabwe,PMO - US,From RDC,N/A - From RDC,Truck,6/13/14,N/A - From RDC,31-Jan-15,30-Oct-14,7-Nov-14,ARV,Adult,SCMS from RDC,"Efavirenz/Lamivudine/Tenofovir Disoproxil Fumarate 600/300/300mg, tablets, 30 Tabs",Efavirenz/Lamivudine/Tenofovir Disoproxil Fumarate,Generic,600/300/300mg,Tablet - FDC,30.0,6.0,0.0,0.0,0.0,Cipla Ltd A-42 MIDC Mahar. IN,No,See DN-3974 (ID#:82745),See DN-3974 (ID#:82745),0.0,,,,,,,,,,,,,,,,,,,,,,,,,,
10998,,Pre-PQ Process,,,Mozambique,,,,,,N/A - From RDC,,,,,,SCMS from RDC,,Lamivudine/Nevirapine/Stavudine,Generic,150/200/30mg,,,,,,,,,,,,111-MZ-T01,SO-2524,DN-858,PMO - US,From RDC,N/A - From RDC,Truck,Pre-PQ Process,5-Sep-08,5-Sep-08,5-Sep-08,ARV,Adult,"Lamivudine/Nevirapine/Stavudine 150/200/30mg, tablets, 60 Tabs",Tablet - FDC,60.0,80000.0,576000.0,7.2,0.12,"Strides, Bangalore, India.",Yes,11515,Freight Included in Commodity Cost,921.6,
24754,,FPQ-12522,,,South Africa,,,,,,8/27/2014,,,,,,S. BUYS WHOLESALER,,Lamivudine/Zidovudine,Generic,150/300mg,,,,,,,,,,,,116-ZA-T30,SCMS-199283,ASN-27979,PMO - US,Direct Drop,DDP,Truck,7/11/2013,27-Aug-14,27-Aug-14,27-Aug-14,ARV,Adult,"Lamivudine/Zidovudine 150/300mg, tablets, 60 Tabs",Tablet - FDC,60.0,31.0,1022.62,32.99,0.55,Hetero Unit III Hyderabad IN,No,Weight Captured Separately,Freight Included in Commodity Cost,1.26,
11661,114-UG-T01,Pre-PQ Process,SO-32120,DN-1303,Uganda,PMO - US,From RDC,N/A - From RDC,Air,Date Not Captured,N/A - From RDC,14-Aug-09,14-Aug-09,14-Aug-09,ARV,Adult,SCMS from RDC,"Nevirapine 200mg, tablets, 60 Tabs",Nevirapine,Generic,200mg,Tablet,60.0,2844.0,8247.6,2.9,0.05,"Aurobindo Unit III, India",Yes,1587,11206.84,16.17,,,,,,,,,,,,,,,,,,,,,,,,,,
84389,,,,,Guyana,,,,,,N/A - From RDC,,,,,,SCMS from RDC,,Emtricitabine/Tenofovir Disoproxil Fumarate,Generic,200/300mg,,,,,,,,,,,,105-GY-T30,SO-48510,DN-3817,PMO - US,From RDC,N/A - From RDC,Air,4/9/2014,30-Sep-14,29-Aug-14,8-Sep-14,ARV,Adult,"Emtricitabine/Tenofovir Disoproxil Fumarate 200/300mg, tablets, 30 Tabs",Tablet - FDC,30.0,2238.0,12846.12,5.74,0.19,"Aurobindo Unit III, India",No,See DN-3817 (ID#:83822),See DN-3817 (ID#:83822),13.21,FPQ-14042
59404,,FPQ-12686,,,Mozambique,,,,,,9/11/2013,,,,,,"Trinity Biotech, Plc",,"HIV 1/2, Uni-Gold HIV Kit",Uni-Gold,,,,,,,,,,,,,111-MZ-T30,SCMS-205490,ASN-22189,PMO - US,Direct Drop,EXW,Air,7/31/2013,19-Nov-13,19-Nov-13,20-Dec-13,HRDT,HIV test,"HIV 1/2, Uni-Gold HIV Kit, 20 Tests",Test kit,20.0,675.0,21600.0,32.0,1.6,"Trinity Biotech, Plc",Yes,202,2908.88,26.72,
12531,132-NG-T01,Pre-PQ Process,SO-2681,DN-843,Nigeria,PMO - US,From RDC,N/A - From RDC,Air,Pre-PQ Process,N/A - From RDC,28-Jul-08,28-Jul-08,28-Jul-08,ARV,Adult,SCMS from RDC,"Emtricitabine/Tenofovir Disoproxil Fumarate 200/300mg [Truvada], tablets, 30 Tabs",Emtricitabine/Tenofovir Disoproxil Fumarate,Truvada,300/200mg,Tablet - FDC,30.0,15000.0,393750.0,26.25,0.88,"Aspen-OSD, Port Elizabeth, SA",Yes,1309,7463.74,630.0,,,,,,,,,,,,,,,,,,,,,,,,,,
83071,,,,,Zambia,,,,,,N/A - From RDC,,,,,,SCMS from RDC,,Zidovudine,Generic,300mg,,,,,,,,,,,,110-ZM-T30,SO-40956,DN-2832,PMO - US,From RDC,N/A - From RDC,Truck,9/27/2011,17-Sep-12,7-Sep-12,7-Sep-12,ARV,Adult,"Zidovudine 300mg, tablets, 60 Tabs",Tablet,60.0,27633.0,186799.08,6.76,0.11,Hetero Unit III Hyderabad IN,No,See DN-2832 (ID#:82505),See DN-2832 (ID#:82505),308.22,FPQ-8476
83384,123-NG-T30,FPQ-4014,SO-32972,DN-1561,Nigeria,PMO - US,From RDC,N/A - From RDC,Air Charter,7/27/09,N/A - From RDC,18-Dec-09,18-Dec-09,18-Dec-09,ARV,Adult,SCMS from RDC,"Lamivudine/Zidovudine 150/300mg, tablets, 60 Tabs",Lamivudine/Zidovudine,Generic,150/300mg,Tablet - FDC,60.0,35300.0,309228.0,8.76,0.15,"Aurobindo Unit III, India",Yes,3190,11637.64,606.09,,,,,,,,,,,,,,,,,,,,,,,,,,
84808,,,,,Mozambique,,,,,,N/A - From RDC,,,,,,SCMS from RDC,,Lamivudine/Stavudine,Generic,150/30mg,,,,,,,,,,,,111-MZ-T30,SO-44810,DN-3108,PMO - US,From RDC,N/A - From RDC,Air,3/19/2013,4-Jul-13,4-Jul-13,4-Jul-13,ARV,Adult,"Lamivudine/Stavudine 150/30mg, tablets, 60 Tabs",Tablet - FDC,60.0,8807.0,22898.2,2.6,0.04,Hetero Unit III Hyderabad IN,No,See DN-3108 (ID#:82568),See DN-3108 (ID#:82568),28.33,FPQ-11882
83474,,,,,Haiti,,,,,,N/A - From RDC,,,,,,SCMS from RDC,,Stavudine,Generic,15mg,,,,,,,,,,,,106-HT-T30,SO-37760,DN-2073,PMO - US,From RDC,N/A - From RDC,Air,10/13/2010,20-Dec-10,5-Jan-11,5-Jan-11,ARV,Adult,"Stavudine 15mg, capsules, 60 Caps",Capsule,60.0,168.0,252.0,1.5,0.02,"Aurobindo Unit III, India",No,See DN-2073 (ID#:82362),See DN-2073 (ID#:82362),0.54,FPQ-6484
12230,,,,,Mozambique,,,,,,N/A - From RDC,,,,,,SCMS from RDC,,Lamivudine/Stavudine,Generic,150/30mg,,,,,,,,,,,,111-MZ-T01,SO-15080,DN-1034,PMO - US,From RDC,N/A - From RDC,Air,Pre-PQ Process,21-Feb-09,21-Feb-09,21-Feb-09,ARV,Adult,"Lamivudine/Stavudine 150/30mg, tablets, 60 Tabs",Tablet - FDC,60.0,27150.0,105885.0,3.9,0.06,Mylan (formerly Matrix) Nashik,No,See DN-1034 (ID#:10732),See DN-1034 (ID#:10732),207.53,Pre-PQ Process
637,,Pre-PQ Process,,,Vietnam,,,,,,7/3/2008,,,,,,Aurobindo Pharma Limited,,Stavudine,Generic,30mg,,,,,,,,,,,,108-VN-T01,SCMS-26200,ASN-2563,PMO - US,Direct Drop,EXW,Air,Pre-PQ Process,8-Oct-08,8-Oct-08,8-Oct-08,ARV,Adult,"Stavudine 30mg, capsules, 60 Caps",Capsule,60.0,42000.0,60900.0,1.45,0.02,"Aurobindo Unit III, India",Yes,2600,10179.16,97.44,
10580,,Pre-PQ Process,,,Côte d'Ivoire,,,,,,N/A - From RDC,,,,,,SCMS from RDC,,Lamivudine,Generic,150mg,,,,,,,,,,,,104-CI-T01,SO-816,DN-265,PMO - US,From RDC,N/A - From RDC,Air,Pre-PQ Process,17-Aug-07,17-Aug-07,17-Aug-07,ARV,Adult,"Lamivudine 150mg, tablets, 60 Tabs",Tablet,60.0,3145.0,9560.8,3.04,0.05,"Aurobindo Unit III, India",Yes,206,2731.58,15.3,
12801,,,,,Mozambique,,,,,,N/A - From RDC,,,,,,SCMS from RDC,,Lamivudine/Zidovudine,Generic,150/300mg,,,,,,,,,,,,111-MZ-T01,SO-1615,DN-698,PMO - US,From RDC,N/A - From RDC,Air,Pre-PQ Process,23-Jun-08,23-Jun-08,23-Jun-08,ARV,Adult,"Lamivudine/Zidovudine 150/300mg, tablets, 60 Tabs",Tablet - FDC,60.0,1728.0,16416.0,9.5,0.16,"Cipla, Goa, India",No,See DN-698 (ID#:10970),See DN-698 (ID#:10970),26.27,Pre-PQ Process
22817,107-RW-T30,FPQ-4854,SCMS-63650,ASN-6167,Rwanda,PMO - US,Direct Drop,FCA,Air,1/6/10,1/20/10,3-Mar-10,3-Mar-10,3-Mar-10,ARV,Adult,Hoffmann-La Roche ltd Basel,"Nelfinavir (as mesilate) 250mg [Viracept], tablets, 270 Tabs",Nelfinavir (as mesilate),Viracept,250mg,Tablet,270.0,40.0,5037.72,125.94,0.47,Roche Madrid,Yes,11,1049.3,10.86,,,,,,,,,,,,,,,,,,,,,,,,,,
269,,Pre-PQ Process,,,Vietnam,,,,,,11/19/2007,,,,,,"GILEAD SCIENCES IRELAND, INC.",,Tenofovir Disoproxil Fumarate,Viread,300mg,,,,,,,,,,,,108-VN-T01,SCMS-14190,ASN-1192,PMO - US,Direct Drop,EXW,Air,Pre-PQ Process,21-Jan-08,21-Jan-08,21-Jan-08,ARV,Adult,"Tenofovir Disoproxil Fumarate 300mg [Viread], tablets, 30 Tabs",Tablet,30.0,1000.0,17000.0,17.0,0.57,Gilead(Nycomed) Oranienburg DE,Yes,76,2282.57,27.2,
21755,116-ZA-T30,FPQ-13973,SCMS-238555,ASN-29255,South Africa,PMO - US,Direct Drop,DDP,Truck,4/30/14,11/4/14,5-Nov-14,5-Nov-14,5-Nov-14,ARV,Adult,PHARMACY DIRECT,"Etravirine 100mg [Intelence], tablets, 120 Tabs",Etravirine,Intelence,100mg,Tablet,120.0,12.0,424.25,35.35,0.29,"Janssen-Cilag, Latina, IT",No,Weight Captured Separately,Freight Included in Commodity Cost,0.44,,,,,,,,,,,,,,,,,,,,,,,,,,
38308,,FPQ-16241,,,Haiti,,,,,,5/29/2015,,,,,,Aurobindo Pharma Limited,,Nevirapine,Generic,50mg,,,,,,,,,,,,106-HT-T30,SCMS-289480,ASN-32512,PMO - US,Direct Drop,EXW,Air,5/5/2015,2-Jul-15,2-Jul-15,6-Jul-15,ARV,Pediatric,"Nevirapine 50mg, dispersible tablets (tablets for oral suspension), 30 Tabs",Chewable/dispersible tablet,30.0,2303.0,2878.75,1.25,0.04,"Aurobindo Unit III, India",Yes,143,2251.42,3.39,
27604,107-RW-T30,FPQ-15065,SCMS-263320,ASN-30383,Rwanda,PMO - US,Direct Drop,EXW,Air,10/15/14,12/16/14,25-Feb-15,25-Feb-15,25-Feb-15,HRDT,HIV test,"Orgenics, Ltd","HIV 1/2, Determine Complete HIV Kit, 100 Tests","HIV 1/2, Determine Complete HIV Kit",Determine,,Test kit,100.0,1144.0,91520.0,80.0,0.8,"Alere Medical Co., Ltd.",Yes,468,8806.76,94.08,,,,,,,,,,,,,,,,,,,,,,,,,,
38827,,,,,Guyana,,,,,,4/26/2010,,,,,,"CHEMBIO DIAGNOSTIC SYSTEMS, INC.",,"HIV 1/2, Stat-Pak HIV, Kit",Stat-Pak,,,,,,,,,,,,,102-GY-T30,SCMS-71640,ASN-6866,PMO - US,Direct Drop,EXW,Air,4/15/2010,28-May-10,28-May-10,28-May-10,HRDT,HIV test,"HIV 1/2, Stat-Pak HIV, Kit, 20 Tests",Test kit,20.0,5.0,135.0,27.0,1.35,Chembio Diagnostics Sys. Inc.,Yes,1,283.21,0.29,FPQ-5497
33948,,FPQ-13973,,,South Africa,,,,,,8/5/2014,,,,,,PHARMACY DIRECT,,Efavirenz,Generic,600mg,,,,,,,,,,,,116-ZA-T30,SCMS-238552,ASN-27606,PMO - US,Direct Drop,DDP,Truck,4/30/2014,5-Aug-14,5-Aug-14,5-Aug-14,ARV,Adult,"Efavirenz 600mg, tablets, 30 Tabs",Tablet,30.0,60.0,935.76,15.6,0.52,"Aurobindo Unit III, India",No,Weight Captured Separately,Freight Included in Commodity Cost,0.96,
83997,,FPQ-4537,,,Nigeria,,,,,,N/A - From RDC,,,,,,SCMS from RDC,,Zidovudine,Generic,300mg,,,,,,,,,,,,151-NG-T30,SO-35090,DN-1784,PMO - US,From RDC,N/A - From RDC,Air Charter,11/6/2009,31-May-10,18-May-10,18-May-10,ARV,Adult,"Zidovudine 300mg, tablets, 60 Tabs",Tablet,60.0,9924.0,74430.0,7.5,0.12,"Aurobindo Unit III, India",Yes,544,9736.1,160.47,
84188,,FPQ-10084,,,Uganda,,,,,,N/A - From RDC,,,,,,SCMS from RDC,,Nevirapine,Generic,200mg,,,,,,,,,,,,900-UG-T30,SO-42630,DN-2838,PMO - US,From RDC,N/A - From RDC,Truck,6/7/2012,28-Sep-12,6-Oct-12,6-Oct-12,ARV,Adult,"Nevirapine 200mg, tablets, 60 Tabs",Tablet,60.0,18350.0,44774.0,2.44,0.04,Hetero Unit III Hyderabad IN,Yes,1331,7504,62.77,
12391,,Pre-PQ Process,,,Côte d'Ivoire,,,,,,N/A - From RDC,,,,,,SCMS from RDC,,Lamivudine/Stavudine,Generic,150/30mg,,,,,,,,,,,,104-CI-T01,SO-844,DN-315,PMO - US,From RDC,N/A - From RDC,,Pre-PQ Process,24-Aug-07,24-Aug-07,24-Aug-07,ARV,Adult,"Lamivudine/Stavudine 150/30mg, tablets, 30 Tabs",Tablet - FDC,30.0,55032.0,110064.0,2.0,0.07,"Cipla, Goa, India",Yes,3673,12438,176.1,
11290,,,,,Côte d'Ivoire,,,,,,N/A - From RDC,,,,,,SCMS from RDC,,Tenofovir Disoproxil Fumarate,Generic,300mg,,,,,,,,,,,,104-CI-T01,SO-1690,DN-928,PMO - US,From RDC,N/A - From RDC,Air,Pre-PQ Process,7-Oct-08,7-Oct-08,7-Oct-08,ARV,Adult,"Tenofovir Disoproxil Fumarate 300mg, tablets, 30 Tabs",Tablet,30.0,5547.0,94299.0,17.0,0.57,Mylan (formerly Matrix) Nashik,Yes,333,1793.11,150.88,Pre-PQ Process
72535,,,,,Haiti,,,,,,11/14/2014,,,,,,EMCURE PHARMACEUTICALS LTD,,Atazanavir/Ritonavir,Generic,300/100mg,,,,,,,,,,,,106-HT-T30,SCMS-261012,ASN-32854,PMO - US,Direct Drop,EXW,Air,9/24/2014,21-Jul-15,21-Jul-15,22-Jul-15,ARV,Adult,"Atazanavir/Ritonavir 300/100mg, tablets, 30 Tabs",Tablet,30.0,8000.0,144000.0,18.0,0.6,"Emcure Plot No.P-2, I.T-B.T. Park, Phase II, MIDC, Hinjwadi, Pune, India",Yes,1023,6433.8,148.03,FPQ-14895
42506,,,,,Uganda,,,,,,6/12/2012,,,,,,HETERO LABS LIMITED,,Lamivudine/Tenofovir Disoproxil Fumarate,Generic,300/300mg,,,,,,,,,,,,900-UG-T30,SCMS-149412,ASN-15775,PMO - US,Direct Drop,EXW,Air,6/7/2012,3-Aug-12,3-Aug-12,3-Aug-12,ARV,Adult,"Lamivudine/Tenofovir Disoproxil Fumarate 300/300mg, tablets, 30 Tabs",Tablet - FDC,30.0,66960.0,320738.4,4.79,0.16,Hetero Unit III Hyderabad IN,Yes,7549,26095.99,449.68,FPQ-10089
43989,,FPQ-3782,,,Tanzania,,,,,,6/29/2009,,,,,,BRISTOL-MYERS SQUIBB,,Didanosine EC,Videx EC,400mg,,,,,,,,,,,,109-TZ-T30,SCMS-47730,ASN-4489,PMO - US,Direct Drop,CIP,Air,6/11/2009,11-Aug-09,11-Aug-09,11-Aug-09,ARV,Adult,"Didanosine EC 400mg [Videx EC], delayed-release capsules, Blister 3 x 10 Caps",Delayed-release capsules - blister,30.0,3000.0,71010.0,23.67,0.79,"BMS Meymac, France",Yes,363,777,139.18,
11228,,,,,Côte d'Ivoire,,,,,,N/A - From RDC,,,,,,SCMS from RDC,,Lopinavir/Ritonavir,Aluvia,200/50mg,,,,,,,,,,,,104-CI-T01,SO-1111,DN-565,PMO - US,From RDC,N/A - From RDC,Air,Pre-PQ Process,29-Jan-08,29-Jan-08,29-Jan-08,ARV,Adult,"Lopinavir/Ritonavir 200/50mg [Aluvia], tablets, 120 Tabs",Tablet,120.0,12107.0,497597.7,41.1,0.34,ABBVIE Ludwigshafen Germany,Yes,2647,9307,796.16,Pre-PQ Process
68508,109-TZ-T30,FPQ-4157,SCMS-52771,ASN-5076,Tanzania,PMO - US,Direct Drop,EXW,Air,8/27/09,9/3/09,15-Dec-09,15-Dec-09,15-Dec-09,HRDT,HIV test,"Standard Diagnostics, Inc.","HIV 1/2, Bioline 3.0 Kit, (no accessories), 30 Tests","HIV 1/2, Bioline 3.0 Kit (no accessories)",Bioline,,Test kit,30.0,20000.0,480000.0,24.0,0.8,"Standard Diagnostics, Korea",Yes,6223,82236.74,940.8,,,,,,,,,,,,,,,,,,,,,,,,,,
84572,104-CI-T30,FPQ-5201,SO-36350,DN-1878,Côte d'Ivoire,PMO - US,From RDC,N/A - From RDC,Air,3/3/10,N/A - From RDC,9-Jul-10,5-Jul-10,5-Jul-10,ARV,Adult,SCMS from RDC,"Lamivudine 150mg, tablets, 60 Tabs",Lamivudine,Generic,150mg,Tablet,60.0,10980.0,26791.2,2.44,0.04,"Aurobindo Unit III, India",Yes,698,5121.68,57.76,,,,,,,,,,,,,,,,,,,,,,,,,,
86787,,FPQ-15622,,,Rwanda,,,,,,N/A - From RDC,,,,,,SCMS from RDC,,Tenofovir Disoproxil Fumarate,Generic,300mg,,,,,,,,,,,,107-RW-T30,SO-50690,DN-4176,PMO - US,From RDC,N/A - From RDC,Air,12/22/2014,24-Apr-15,4-May-15,8-May-15,ARV,Adult,"Tenofovir Disoproxil Fumarate 300mg, tablets, 30 Tabs",Tablet,30.0,200.0,710.0,3.55,0.12,Mylan (formerly Matrix) Nashik,Yes,12,1301.94,0.84,
86786,,,,,Uganda,,,,,,N/A - From RDC,,,,,,SCMS from RDC,,Lamivudine/Tenofovir Disoproxil Fumarate,Generic,300/300mg,,,,,,,,,,,,114-UG-T30,SO-48990,DN-4163,PMO - US,From RDC,N/A - From RDC,Truck,6/4/2014,31-Mar-15,15-May-15,17-May-15,ARV,Adult,"Lamivudine/Tenofovir Disoproxil Fumarate 300/300mg, tablets, 30 Tabs",Tablet - FDC,30.0,27365.0,125605.35,4.59,0.15,Ranbaxy per Shasun Pharma,Yes,2885,2564.94,129.12,FPQ-14396
83272,,,,,Mozambique,,,,,,N/A - From RDC,,,,,,SCMS from RDC,,Lamivudine/Nevirapine/Zidovudine,Generic,150/300/200mg,,,,,,,,,,,,111-MZ-T30,SO-47460,DN-3872,PMO - US,From RDC,N/A - From RDC,Truck,12/9/2013,30-Sep-14,27-Oct-14,7-Nov-14,ARV,Adult,"Lamivudine/Nevirapine/Zidovudine 150/200/300mg, tablets, 60 Tabs",Tablet - FDC,60.0,85490.0,693323.9,8.11,0.14,"Cipla, Goa, India",No,See DN-3872 (ID#:82726),See DN-3872 (ID#:82726),712.74,FPQ-13394
84146,,FPQ-8297,,,Tanzania,,,,,,N/A - From RDC,,,,,,SCMS from RDC,,Abacavir,Generic,300mg,,,,,,,,,,,,109-TZ-T30,SO-40630,DN-2544,PMO - US,From RDC,N/A - From RDC,Truck,8/22/2011,30-Mar-12,12-Mar-12,12-Mar-12,ARV,Adult,"Abacavir 300mg, tablets, 60 Tabs",Tablet,60.0,15003.0,219493.89,14.63,0.24,Mylan (formerly Matrix) Nashik,No,See DN-2544 (ID#:84145),See DN-2544 (ID#:84145),362.16,
25539,116-ZA-T30,FPQ-15950,SCMS-277981,ASN-32394,South Africa,PMO - US,Direct Drop,DDP,Truck,2/20/15,5/29/15,26-May-15,26-May-15,26-May-15,ARV,Pediatric,PHARMACY DIRECT,"Ritonavir 80mg/ml [Norvir], oral solution, cool, Bottle, 90 ml",Ritonavir,Norvir,80mg/ml,Oral solution,90.0,2.0,9.24,4.62,0.05,ABBVIE (Abbott) France,Yes,Weight Captured Separately,Freight Included in Commodity Cost,0.01,,,,,,,,,,,,,,,,,,,,,,,,,,
84235,,FPQ-10632,,,Zimbabwe,,,,,,N/A - From RDC,,,,,,SCMS from RDC,,Lamivudine/Tenofovir Disoproxil Fumarate,Generic,300/300mg,,,,,,,,,,,,113-ZW-T30,SO-43212,DN-3048,PMO - US,From RDC,N/A - From RDC,Truck,9/11/2012,15-Apr-13,23-Mar-13,23-Mar-13,ARV,Adult,"Lamivudine/Tenofovir Disoproxil Fumarate 300/300mg, tablets, 30 Tabs",Tablet - FDC,30.0,49467.0,232494.9,4.7,0.16,Hetero Unit III Hyderabad IN,Yes,8615,49580.17,325.96,
85321,,FPQ-10210,,,Mozambique,,,,,,N/A - From RDC,,,,,,SCMS from RDC,,Lamivudine/Nevirapine/Zidovudine,Generic,150/300/200mg,,,,,,,,,,,,111-MZ-T30,SO-42832,DN-2965,PMO - US,From RDC,N/A - From RDC,Truck,6/28/2012,11-Jan-13,11-Jan-13,11-Jan-13,ARV,Adult,"Lamivudine/Nevirapine/Zidovudine 150/200/300mg, tablets, 60 Tabs",Tablet - FDC,60.0,84875.0,816497.5,9.62,0.16,"Cipla, Goa, India",Yes,18031,7433.02,1144.73,
56495,,,,,Nigeria,,,,,,5/18/2011,,,,,,"Trinity Biotech, Plc",,"HIV 1/2, Uni-Gold HIV Kit",Uni-Gold,,,,,,,,,,,,,133-NG-T30,SCMS-108700,ASN-12000,PMO - US,Direct Drop,EXW,Air,4/28/2011,12-Sep-11,12-Sep-11,12-Sep-11,HRDT,HIV test,"HIV 1/2, Uni-Gold HIV Kit, 20 Tests",Test kit,20.0,5791.0,185312.0,32.0,1.6,"Trinity Biotech, Plc",Yes,1918,24147.39,305.76,FPQ-7553
40868,,FPQ-11828,,,South Africa,,,,,,Date Not Captured,,,,,,S. BUYS WHOLESALER,,Lopinavir/Ritonavir,Kaletra,80/20mg/ml,,,,,,,,,,,,116-ZA-T30,SCMS-183970,ASN-19157,South Africa Field Office,Direct Drop,DDP,Truck,3/18/2013,12-Apr-13,12-Apr-13,12-Apr-13,ARV,Pediatric,"Lopinavir/Ritonavir 80/20mg/ml [Kaletra], oral solution, cool, Bottle 5 x 60 ml",Oral solution,300.0,48.0,1199.64,24.99,0.08,ABBVIE (Abbott) Logis. UK,Yes,Weight Captured Separately,Freight Included in Commodity Cost,1.48,
85965,114-UG-T30,FPQ-10945,SO-43621,DN-3152,Uganda,PMO - US,From RDC,N/A - From RDC,Air,11/6/12,N/A - From RDC,9-May-13,22-May-13,22-May-13,ARV,Adult,SCMS from RDC,"Efavirenz/Lamivudine/Tenofovir Disoproxil Fumarate 600/300/300mg, tablets, 30 Tabs",Efavirenz/Lamivudine/Tenofovir Disoproxil Fumarate,Generic,600/300/300mg,Tablet - FDC,30.0,61394.0,645864.88,10.52,0.35,Hetero Unit III Hyderabad IN,Yes,8115,13817.65,798.93,,,,,,,,,,,,,,,,,,,,,,,,,,
84186,,FPQ-9432,,,Nigeria,,,,,,N/A - From RDC,,,,,,SCMS from RDC,,Lamivudine/Tenofovir Disoproxil Fumarate,Generic,300/300mg,,,,,,,,,,,,151-NG-T30,SO-42937,DN-2821,PMO - US,From RDC,N/A - From RDC,Air,3/1/2012,31-Aug-12,14-Aug-12,14-Aug-12,ARV,Adult,"Lamivudine/Tenofovir Disoproxil Fumarate 300/300mg, tablets, 30 Tabs",Tablet - FDC,30.0,24799.0,132922.64,5.36,0.18,"Cipla, Kurkumbh, India",No,See DN-2821 (ID#:83069),See DN-2821 (ID#:83069),186.36,
35699,,FPQ-12837,,,Cameroon,,,,,,8/23/2013,,,,,,MYLAN LABORATORIES LTD (FORMERLY MATRIX LABORATORIES),,Efavirenz/Lamivudine/Tenofovir Disoproxil Fumarate,Generic,600/300/300mg,,,,,,,,,,,,901-CM-T30,SCMS-204320,ASN-22654,PMO - US,Direct Drop,EXW,Air,8/19/2013,16-Dec-13,16-Dec-13,17-Dec-13,ARV,Adult,"Efavirenz/Lamivudine/Tenofovir Disoproxil Fumarate 600/300/300mg, tablets, 30 Tabs",Tablet - FDC,30.0,76733.0,855572.95,11.15,0.37,Mylan (formerly Matrix) Nashik,Yes,9268,77756.12,1058.34,
83277,,,,,Rwanda,,,,,,N/A - From RDC,,,,,,SCMS from RDC,,Lamivudine/Nevirapine/Zidovudine,Generic,30/50/60mg,,,,,,,,,,,,107-RW-T30,SO-48780,DN-3931,PMO - US,From RDC,N/A - From RDC,Air,4/22/2014,31-Oct-14,24-Sep-14,25-Sep-14,ARV,Pediatric,"Lamivudine/Nevirapine/Zidovudine 30/50/60mg, dispersible tablets, 60 Tabs",Chewable/dispersible tablet - FDC,60.0,2196.0,8235.0,3.75,0.06,"Strides, Bangalore, India.",Yes,98,993.2,8.47,FPQ-14111
82626,,FPQ-12086,,,Zimbabwe,,,,,,N/A - From RDC,,,,,,SCMS from RDC,,Lamivudine/Nevirapine/Zidovudine,Generic,30/50/60mg,,,,,,,,,,,,103-ZW-T30,SO-45130,DN-3457,PMO - US,From RDC,N/A - From RDC,Truck,4/19/2013,31-Jan-14,13-Jan-14,23-Jan-14,ARV,Pediatric,"Lamivudine/Nevirapine/Zidovudine 30/50/60mg, dispersible tablets, 60 Tabs",Chewable/dispersible tablet - FDC,60.0,92045.0,358055.05,3.89,0.06,"Strides, Bangalore, India.",Yes,5103,11604.57,442.91,
82462,114-UG-T30,FPQ-9321,SO-41520,DN-2597,Uganda,PMO - US,From RDC,N/A - From RDC,Truck,2/10/12,N/A - From RDC,24-Apr-12,27-Feb-12,27-Feb-12,ARV,Adult,SCMS from RDC,"Lamivudine/Nevirapine/Zidovudine 150/200/300mg, tablets, 60 Tabs",Lamivudine/Nevirapine/Zidovudine,Generic,150/300/200mg,Tablet - FDC,60.0,5525.0,60775.0,11.0,0.18,Mylan (formerly Matrix) Nashik,Yes,1414,4054.19,85.21,,,,,,,,,,,,,,,,,,,,,,,,,,
83706,,FPQ-12066,,,Zambia,,,,,,N/A - From RDC,,,,,,SCMS from RDC,,Abacavir,Generic,300mg,,,,,,,,,,,,110-ZM-T30,SO-45061,DN-3258,PMO - US,From RDC,N/A - From RDC,Truck,4/19/2013,6-Sep-13,30-Jul-13,30-Jul-13,ARV,Adult,"Abacavir 300mg, tablets, 60 Tabs",Tablet,60.0,1102.0,14281.92,12.96,0.22,Mylan (formerly Matrix) Nashik,Yes,645,5213.01,17.67,
85031,,FPQ-14370,,,Côte d'Ivoire,,,,,,N/A - From RDC,,,,,,SCMS from RDC,,Lamivudine/Zidovudine,Generic,150/300mg,,,,,,,,,,,,104-CI-T30,SO-49040,DN-4253,PMO - US,From RDC,N/A - From RDC,Truck,5/23/2014,8-Jun-15,8-Jun-15,19-Jun-15,ARV,Adult,"Lamivudine/Zidovudine 150/300mg, tablets, 60 Tabs",Tablet - FDC,60.0,25526.0,166429.52,6.52,0.11,Hetero Unit III Hyderabad IN,No,See DN-4253 (ID#:83334),See DN-4253 (ID#:83334),171.09,
79841,107-RW-T30,FPQ-8741,SCMS-129510,ASN-15328,Rwanda,PMO - US,Direct Drop,CIP,Air,11/30/11,3/9/12,28-Jun-12,28-Jun-12,28-Jun-12,ARV,Pediatric,CIPLA LIMITED,"Lamivudine 10mg/ml, oral solution, Bottle, 240 ml",Lamivudine,Generic,10mg/ml,Oral solution,240.0,7420.0,14469.0,1.95,0.01,"Cipla, Goa, India",No,See ASN-15328 (ID#:46005),See ASN-15328 (ID#:46005),20.29,,,,,,,,,,,,,,,,,,,,,,,,,,
11022,,Pre-PQ Process,,,Côte d'Ivoire,,,,,,N/A - From RDC,,,,,,SCMS from RDC,,Lamivudine/Zidovudine,Generic,150/300mg,,,,,,,,,,,,104-CI-T01,SO-11850,DN-988,PMO - US,From RDC,N/A - From RDC,Air,Pre-PQ Process,1-Dec-08,1-Dec-08,1-Dec-08,ARV,Adult,"Lamivudine/Zidovudine 150/300mg, tablets, 60 Tabs",Tablet - FDC,60.0,32256.0,301593.6,9.35,0.16,"Aurobindo Unit III, India",Yes,5589,22758.49,591.12,
83400,110-ZM-T30,FPQ-4273,SO-33710,DN-1648,Zambia,PMO - US,From RDC,N/A - From RDC,Truck,9/17/09,N/A - From RDC,5-Mar-10,5-Mar-10,5-Mar-10,ARV,Pediatric,SCMS from RDC,"Didanosine 100mg, chewable/dispersible tablets, 60 Tabs",Didanosine,Generic,100mg,Chewable/dispersible tablet,60.0,10000.0,77200.0,7.72,0.13,"Aurobindo Unit III, India",Yes,2085,3379.64,151.31,,,,,,,,,,,,,,,,,,,,,,,,,,
67300,,FPQ-10369,,,Mozambique,,,,,,8/22/2012,,,,,,"Orgenics, Ltd",,"HIV 1/2, Determine Kit without Lancets, Buffer or Capillary Tubes, 100 Tests",Determine,,,,,,,,,,,,,111-MZ-T30,SCMS-157230,ASN-16634,PMO - US,Direct Drop,EXW,Air,7/23/2012,18-Oct-12,18-Oct-12,18-Oct-12,HRDT,HIV test,"HIV 1/2, Determine Kit without Lancets, Buffer or Caplillary Tubes, 100 Tests",Test kit,100.0,215.0,15512.25,72.15,0.72,"Alere Medical Co., Ltd.",No,See ASN-16634 (ID#:46858),See ASN-16634 (ID#:46858),21.75,
9389,,Pre-PQ Process,,,Guyana,,,,,,8/28/2007,,,,,,"CHEMBIO DIAGNOSTIC SYSTEMS, INC.",,"HIV 1/2, Stat-Pak HIV, Kit",Stat-Pak,,,,,,,,,,,,,102-GY-T01,SCMS-11660,ASN-766,PMO - US,Direct Drop,EXW,Air,Pre-PQ Process,5-Oct-07,5-Oct-07,5-Oct-07,HRDT,HIV test,"HIV 1/2, Stat-Pak HIV, Kit, 20 Tests",Test kit,20.0,120.0,3240.0,27.0,1.35,Chembio Diagnostics Sys. Inc.,Yes,35,379.62,5.18,
5293,102-GY-T01,Pre-PQ Process,SCMS-225,ASN-113,Guyana,PMO - US,Direct Drop,EXW,Air,Pre-PQ Process,Date Not Captured,15-Nov-06,15-Nov-06,15-Nov-06,HRDT,HIV test,Abbott GmbH & Co. KG,"HIV 1/2, Determine Complete HIV Kit, 100 Tests","HIV 1/2, Determine Complete HIV Kit",Determine,,Test kit,100.0,230.0,18400.0,80.0,0.8,ABBVIE GmbH & Co.KG Wiesbaden,Yes,38681,801.54,,,,,,,,,,,,,,,,,,,,,,,,,,,
64405,116-ZA-T30,FPQ-12522,SCMS-199283,ASN-27979,South Africa,PMO - US,Direct Drop,DDP,Truck,7/11/13,8/27/14,27-Aug-14,27-Aug-14,27-Aug-14,ARV,Adult,S. BUYS WHOLESALER,"Abacavir 300mg, tablets, 60 Tabs",Abacavir,Generic,300mg,Tablet,60.0,47.0,3625.9,77.15,1.29,"Aurobindo Unit III, India",No,Weight Captured Separately,Freight Included in Commodity Cost,4.49,,,,,,,,,,,,,,,,,,,,,,,,,,
86474,,FPQ-9472,,,Zambia,,,,,,N/A - From RDC,,,,,,SCMS from RDC,,Efavirenz,Generic,600mg,,,,,,,,,,,,110-ZM-T30,SO-41710,DN-2661,PMO - US,From RDC,N/A - From RDC,Truck,3/8/2012,26-Jul-12,18-Jun-12,18-Jun-12,ARV,Adult,"Efavirenz 600mg, tablets, 30 Tabs",Tablet,30.0,28452.0,111247.32,3.91,0.13,"Strides, Bangalore, India.",No,See DN-2661 (ID#:83037),See DN-2661 (ID#:83037),155.97,
32729,108-VN-T30,FPQ-12539,SCMS-199700,ASN-23138,Vietnam,PMO - US,Direct Drop,FCA,Air,7/11/13,7/30/13,6-Jan-14,6-Jan-14,6-Jan-14,ARV,Adult,ABBVIE LOGISTICS (FORMERLY ABBOTT LOGISTICS BV),"Ritonavir 100mg [Norvir], film coated tablets, 30 Tabs",Ritonavir,Norvir,100mg,Tablet,30.0,81.0,1884.06,23.26,0.78,ABBVIE Ludwigshafen Germany,Yes,6,3549.7,2.33,,,,,,,,,,,,,,,,,,,,,,,,,,
27421,,FPQ-10809,,,Tanzania,,,,,,10/18/2012,,,,,,"Orgenics, Ltd",,"HIV 1/2, Determine Complete HIV Kit",Determine,,,,,,,,,,,,,109-TZ-T30,SCMS-162860,ASN-17469,PMO - US,Direct Drop,EXW,Air,10/11/2012,31-Dec-12,31-Dec-12,31-Dec-12,HRDT,HIV test,"HIV 1/2, Determine Complete HIV Kit, 100 Tests",Test kit,100.0,762.0,60960.0,80.0,0.8,"Alere Medical Co., Ltd.",Yes,362,7060.97,75.41,
16619,,FPQ-13084,,,Zambia,,,,,,10/21/2013,,,,,,Aurobindo Pharma Limited,,Lamivudine,Generic,150mg,,,,,,,,,,,,110-ZM-T30,SCMS-211070,ASN-23340,PMO - US,Direct Drop,EXW,Air,10/11/2013,23-Dec-13,23-Dec-13,9-Apr-14,ARV,Adult,"Lamivudine 150mg, tablets, 60 Tabs",Tablet,60.0,20000.0,43000.0,2.15,0.04,"Aurobindo Unit III, India",Yes,1044,5145.69,44.2,
84029,151-NG-T30,FPQ-5688,SO-36911,DN-1968,Nigeria,PMO - US,From RDC,N/A - From RDC,Air Charter,5/27/10,N/A - From RDC,31-Aug-10,17-Aug-10,17-Aug-10,ARV,Adult,SCMS from RDC,"Emtricitabine/Tenofovir Disoproxil Fumarate 200/300mg, tablets, 30 Tabs",Emtricitabine/Tenofovir Disoproxil Fumarate,Generic,200/300mg,Tablet - FDC,30.0,30000.0,352500.0,11.75,0.39,Mylan (formerly Matrix) Nashik,Yes,2700,6147.18,759.99,,,,,,,,,,,,,,,,,,,,,,,,,,
35488,,FPQ-14995,,,Nigeria,,,,,,10/29/2014,,,,,,"Orgenics, Ltd",,"HIV 1/2, Determine Complete HIV Kit",Determine,,,,,,,,,,,,,133-NG-T30,SCMS-260700,ASN-29930,PMO - US,Direct Drop,EXW,Air,9/22/2014,19-Jan-15,16-Jan-15,22-Jan-15,HRDT,HIV test,"HIV 1/2, Determine Complete HIV Kit, 100 Tests",Test kit,100.0,3054.0,271806.0,89.0,0.89,"Alere Medical Co., Ltd.",Yes,1241,15994.73,279.42,
82794,,,,,Zimbabwe,,,,,,N/A - From RDC,,,,,,SCMS from RDC,,Abacavir/Lamivudine,Generic,60/30mg,,,,,,,,,,,,103-ZW-T30,SO-50960,DN-4224,PMO - US,From RDC,N/A - From RDC,Truck,4/2/2014,30-Apr-15,10-Apr-15,14-Apr-15,ARV,Pediatric,"Abacavir/Lamivudine 60/30mg, tablets, 60 Tabs",Tablet - FDC,60.0,6634.0,26204.3,3.95,0.07,Mylan (formerly Matrix) Nashik,Yes,6368,225.79,26.94,FPQ-13967
83147,,,,,Nigeria,,,,,,N/A - From RDC,,,,,,SCMS from RDC,,Abacavir/Lamivudine,Generic,60/30mg,,,,,,,,,,,,151-NG-T30,SO-44923,DN-3243,PMO - US,From RDC,N/A - From RDC,Air Charter,3/14/2013,4-Sep-13,23-Jul-13,23-Jul-13,ARV,Pediatric,"Abacavir/Lamivudine 60/30mg, tablets, 60 Tabs",Tablet - FDC,60.0,9377.0,37508.0,4.0,0.07,Mylan (formerly Matrix) Nashik,Yes,485,Freight Included in Commodity Cost,46.4,FPQ-11864
10784,104-CI-T01,Pre-PQ Process,SO-27542,DN-1356,Côte d'Ivoire,PMO - US,From RDC,N/A - From RDC,Air,Date Not Captured,N/A - From RDC,11-Aug-09,11-Aug-09,11-Aug-09,ARV,Adult,SCMS from RDC,"Abacavir 300mg, tablets, 60 Tabs",Abacavir,Generic,300mg,Tablet,60.0,6930.0,176368.5,25.45,0.42,Mylan (formerly Matrix) Nashik,Yes,687,1854.88,345.68,,,,,,,,,,,,,,,,,,,,,,,,,,
9023,,,,,South Africa,,,,,,Date Not Captured,,,,,,S. BUYS WHOLESALER,,Efavirenz,Generic,600mg,,,,,,,,,,,,116-ZA-T01,SCMS-40830,ASN-3578,PMO - US,Direct Drop,DDP,Air,Pre-PQ Process,28-Apr-09,19-Dec-08,19-Dec-08,ARV,Adult,"Efavirenz 600mg, tablets, 30 Tabs",Tablet,30.0,3710.0,60732.7,16.37,0.55,"Aurobindo Unit III, India",Yes,Weight Captured Separately,Freight Included in Commodity Cost,119.04,Pre-PQ Process
54348,109-TZ-T30,FPQ-10619,SCMS-161830,ASN-17463,Tanzania,PMO - US,Direct Drop,EXW,Air,9/13/12,10/4/12,31-Dec-12,31-Dec-12,31-Dec-12,HRDT,HIV test,"Orgenics, Ltd","HIV 1/2, Determine Complete HIV Kit, 100 Tests","HIV 1/2, Determine Complete HIV Kit",Determine,,Test kit,100.0,1568.0,125440.0,80.0,0.8,"Alere Medical Co., Ltd.",Yes,678,12950.74,175.87,,,,,,,,,,,,,,,,,,,,,,,,,,
74008,161-ZA-T30,FPQ-7400,SCMS-104210,ASN-12078,South Africa,PMO - US,Direct Drop,DDP,Ocean,3/11/11,3/30/11,2-Dec-11,2-Dec-11,2-Dec-11,ARV,Pediatric,GLAXOSMITHKLINE EXPORT LIMITED,"Abacavir 20mg/ml [Ziagen], oral solution, Bottle, 240 ml",Abacavir,Ziagen,20mg/ml,Oral solution,240.0,20000.0,185600.0,9.28,0.04,GSK Mississauga (Canada),Yes,7664,8301.76,306.24,,,,,,,,,,,,,,,,,,,,,,,,,,
22600,,,,,South Sudan,,,,,,2/26/2013,,,,,,"Orgenics, Ltd",,"HIV 1/2, Determine Complete HIV Kit",Determine,,,,,,,,,,,,,105-SS-T30,SCMS-176930,ASN-19142,PMO - US,Direct Drop,EXW,Air,1/24/2013,20-Jul-13,20-Jul-13,20-Jul-13,HRDT,HIV test,"HIV 1/2, Determine Complete HIV Kit, 100 Tests",Test kit,100.0,250.0,22250.0,89.0,0.89,"Alere Medical Co., Ltd.",Yes,115,2561.61,27.52,FPQ-11539
73122,111-MZ-T30,FPQ-15221,SCMS-270120,ASN-32420,Mozambique,PMO - US,Direct Drop,CIP,Air,10/28/14,12/19/14,9-Jun-15,9-Jun-15,16-Jul-15,ARV,Adult,MERCK SHARP & DOHME IDEA GMBH (FORMALLY MERCK SHARP & DOHME B.V.),"Raltegravir 400mg [Isentress], tablets, 60 Tabs",Raltegravir,Isentress,400mg,Tablet,60.0,100.0,5550.0,55.5,0.92,"MSD, Haarlem, NL",No,Weight Captured Separately,Freight Included in Commodity Cost,6.53,,,,,,,,,,,,,,,,,,,,,,,,,,
59873,,,,,Vietnam,,,,,,4/21/2011,,,,,,ABBVIE LOGISTICS (FORMERLY ABBOTT LOGISTICS BV),,Ritonavir,Norvir,100mg,,,,,,,,,,,,108-VN-T30,SCMS-106481,ASN-12360,PMO - US,Direct Drop,FCA,Air,3/31/2011,19-Oct-11,19-Oct-11,19-Oct-11,ARV,Adult,"Ritonavir 100mg [Norvir], film coated tablets, 30 Tabs",Tablet,30.0,560.0,13025.6,23.26,0.78,ABBVIE Ludwigshafen Germany,Yes,67,4476.29,21.49,FPQ-7469
23842,,,,,South Africa,,,,,,8/29/2014,,,,,,S. BUYS WHOLESALER,,Lopinavir/Ritonavir,Aluvia,200/50mg,,,,,,,,,,,,116-ZA-T30,SCMS-199289,ASN-28034,PMO - US,Direct Drop,DDP,Truck,7/11/2013,29-Aug-14,29-Aug-14,29-Aug-14,ARV,Adult,"Lopinavir/Ritonavir 200/50mg [Aluvia], tablets, 120 Tabs",Tablet,120.0,101.0,2601.73,25.76,0.21,ABBVIE Ludwigshafen Germany,No,Weight Captured Separately,Freight Included in Commodity Cost,3.22,FPQ-12522
86090,114-UG-T30,FPQ-13108,SO-46875,DN-3732,Uganda,PMO - US,From RDC,N/A - From RDC,Truck,10/16/13,N/A - From RDC,30-Jun-14,30-Jun-14,1-Jul-14,ARV,Adult,SCMS from RDC,"Lamivudine/Nevirapine/Zidovudine 150/200/300mg, tablets, 60 Tabs",Lamivudine/Nevirapine/Zidovudine,Generic,150/300/200mg,Tablet - FDC,60.0,30.0,243.3,8.11,0.14,"Cipla, Goa, India",No,See DN-3732 (ID#:82680),See DN-3732 (ID#:82680),0.25,,,,,,,,,,,,,,,,,,,,,,,,,,
59896,114-UG-T30,FPQ-12477,SCMS-198540,ASN-21767,Uganda,PMO - US,Direct Drop,EXW,Air,7/8/13,7/31/13,3-Oct-13,3-Oct-13,6-Nov-13,ARV,Adult,CIPLA LIMITED,"Lamivudine/Zidovudine 150/300mg, tablets, 60 Tabs",Lamivudine/Zidovudine,Generic,150/300mg,Tablet - FDC,60.0,97380.0,641734.2,6.59,0.11,"Cipla, Goa, India",Yes,8722,32208.32,793.83,,,,,,,,,,,,,,,,,,,,,,,,,,
84046,,FPQ-6439,,,Guyana,,,,,,N/A - From RDC,,,,,,SCMS from RDC,,Lopinavir/Ritonavir,Generic,200/50mg,,,,,,,,,,,,105-GY-T30,SO-37490,DN-2022,PMO - US,From RDC,N/A - From RDC,Air,9/22/2010,20-Oct-10,28-Sep-10,28-Sep-10,ARV,Adult,"Lopinavir/Ritonavir 200/50mg, tablets, 120 Tabs",Tablet,120.0,140.0,5425.0,38.75,0.32,"Aurobindo Unit III, India",Yes,34,2027.42,11.7,
10345,116-ZA-T01,Pre-PQ Process,SCMS-40870,ASN-3582,South Africa,PMO - US,Direct Drop,DDP,Air,Pre-PQ Process,Date Not Captured,30-Jun-09,30-Jan-09,30-Jan-09,ARV,Adult,S. BUYS WHOLESALER,"Zidovudine 300mg, tablets, 60 Tabs",Zidovudine,Generic,300mg,Tablet,60.0,5550.0,68098.5,12.27,0.2,"Aurobindo Unit III, India",No,Weight Captured Separately,Freight Included in Commodity Cost,133.47,,,,,,,,,,,,,,,,,,,,,,,,,,
82875,,FPQ-4378,,,Côte d'Ivoire,,,,,,N/A - From RDC,,,,,,SCMS from RDC,,Zidovudine,Generic,100mg,,,,,,,,,,,,104-CI-T30,SO-34370,DN-1759,PMO - US,From RDC,N/A - From RDC,Air,10/15/2009,6-Apr-10,1-Apr-10,1-Apr-10,ARV,Pediatric,"Zidovudine 100mg, capsules, 100 Caps",Capsule,100.0,2604.0,12603.36,4.84,0.05,"Aurobindo Unit III, India",Yes,675,1702.91,24.7,
22658,,FPQ-8365,,,Rwanda,,,,,,11/9/2011,,,,,,Aurobindo Pharma Limited,,Didanosine,Generic,400mg,,,,,,,,,,,,107-RW-T30,SCMS-126490,ASN-14125,PMO - US,Direct Drop,EXW,Air,10/26/2011,30-Mar-12,30-Mar-12,30-Mar-12,ARV,Adult,"Didanosine 400mg, delayed-release capsules, 30 Caps",Delayed-release capsules,30.0,150.0,3000.0,20.0,0.67,"Aurobindo Unit III, India",Yes,197,5906.43,4.95,
49406,,FPQ-13945,,,Tanzania,,,,,,4/29/2014,,,,,,"Orgenics, Ltd",,"HIV 1/2, Determine Complete HIV Kit",Determine,,,,,,,,,,,,,109-TZ-T30,SCMS-235430,ASN-28430,PMO - US,Direct Drop,EXW,Air,3/27/2014,10-Dec-14,10-Dec-14,10-Dec-14,HRDT,HIV test,"HIV 1/2, Determine Complete HIV Kit, 100 Tests",Test kit,100.0,504.0,40320.0,80.0,0.8,"Alere Medical Co., Ltd.",Yes,204,2788.07,41.45,
86063,,,,,Uganda,,,,,,N/A - From RDC,,,,,,SCMS from RDC,,Lamivudine/Nevirapine/Zidovudine,Generic,150/300/200mg,,,,,,,,,,,,114-UG-T30,SO-46870,DN-3589,PMO - US,From RDC,N/A - From RDC,Truck,10/16/2013,20-Apr-14,18-Apr-14,28-Apr-14,ARV,Adult,"Lamivudine/Nevirapine/Zidovudine 150/200/300mg, tablets, 60 Tabs",Tablet - FDC,60.0,50000.0,413000.0,8.26,0.14,"Aurobindo Unit III, India",No,See DN-3589 (ID#:82657),See DN-3589 (ID#:82657),424.56,FPQ-13108
28656,,,,,Guyana,,,,,,5/5/2010,,,,,,CIPLA LIMITED,,Lopinavir/Ritonavir,Generic,200/50mg,,,,,,,,,,,,105-GY-T30,SCMS-72750,ASN-6942,PMO - US,Direct Drop,EXW,Air,4/28/2010,31-May-10,31-May-10,31-May-10,ARV,Adult,"Lopinavir/Ritonavir 200/50mg, tablets, 120 Tabs",Tablet,120.0,691.0,25567.0,37.0,0.31,Cipla Ltd A-42 MIDC Mahar. IN,Yes,191,1703.62,55.12,FPQ-5600
30629,,FPQ-10349,,,Nigeria,,,,,,8/13/2012,,,,,,"Orgenics, Ltd",,"HIV 1/2, Determine Complete HIV Kit",Determine,,,,,,,,,,,,,133-NG-T30,SCMS-155320,ASN-16930,PMO - US,Direct Drop,EXW,Air,7/17/2012,6-Nov-12,8-Nov-12,8-Nov-12,HRDT,HIV test,"HIV 1/2, Determine Complete HIV Kit, 100 Tests",Test kit,100.0,614.0,54646.0,89.0,0.89,"Alere Medical Co., Ltd.",Yes,295,7444.13,76.61,
11914,,,,,Kenya,,,,,,N/A - From RDC,,,,,,SCMS from RDC,,"HIV 1/2, Uni-Gold HIV Kit",Uni-Gold,,,,,,,,,,,,,510-KE-T01,SO-12690,DN-875,PMO - US,From RDC,N/A - From RDC,Air,Pre-PQ Process,26-Aug-08,26-Aug-08,26-Aug-08,HRDT,HIV test,"HIV 1/2, Uni-Gold HIV Kit, 20 Tests",Test kit,20.0,4926.0,157632.0,32.0,1.6,"Trinity Biotech, Plc",Yes,2695,11898.8,252.21,Pre-PQ Process
83041,151-NG-T30,FPQ-8952,SO-41256,DN-2690,Nigeria,PMO - US,From RDC,N/A - From RDC,Air Charter,12/8/11,N/A - From RDC,4-Jul-12,3-Jun-12,3-Jun-12,ARV,Adult,SCMS from RDC,"Nevirapine 200mg, tablets, 60 Tabs",Nevirapine,Generic,200mg,Tablet,60.0,6026.0,14703.44,2.44,0.04,Mylan (formerly Matrix) Nashik,Yes,6944,17090,20.61,,,,,,,,,,,,,,,,,,,,,,,,,,
82556,,,,,Nigeria,,,,,,N/A - From RDC,,,,,,SCMS from RDC,,Lamivudine/Zidovudine,Generic,150/300mg,,,,,,,,,,,,151-NG-T30,SO-44560,DN-3029,PMO - US,From RDC,N/A - From RDC,Air Charter,8/9/2012,15-Mar-13,21-Feb-13,21-Feb-13,ARV,Adult,"Lamivudine/Zidovudine 150/300mg, tablets, 60 Tabs",Tablet - FDC,60.0,31971.0,232429.17,7.27,0.12,Mylan (formerly Matrix) Nashik,Yes,11111,37242.5,325.87,FPQ-10477
51818,,,,,Côte d'Ivoire,,,,,,9/16/2010,,,,,,"CHEMBIO DIAGNOSTIC SYSTEMS, INC.",,"HIV 1/2, Stat-Pak Buffer Only",Stat-Pak,,,,,,,,,,,,,104-CI-T30,SCMS-85430,ASN-8572,PMO - US,Direct Drop,EXW,Air,8/26/2010,24-Nov-10,24-Nov-10,24-Nov-10,HRDT,HIV test - Ancillary,"HIV 1/2, Stat-Pak Buffer Only, 20 Tests",Test kit - Ancillary,1.0,660.0,1650.0,2.5,2.5,Chembio Diagnostics Sys. Inc.,Yes,Weight Captured Separately,Invoiced Separately,3.56,FPQ-6252
83726,,FPQ-11920,,,Dominican Republic,,,,,,N/A - From RDC,,,,,,SCMS from RDC,,Efavirenz,Generic,600mg,,,,,,,,,,,,103-DO-T30,SO-46150,DN-3355,PMO - US,From RDC,N/A - From RDC,Air,3/18/2013,29-Oct-13,10-Oct-13,29-Oct-13,ARV,Adult,"Efavirenz 600mg, tablets, 30 Tabs",Tablet,30.0,4072.0,13559.76,3.33,0.11,"Strides, Bangalore, India.",Yes,7791,90360.12,16.77,
12780,131-NG-T01,Pre-PQ Process,SO-2575,DN-737,Nigeria,PMO - US,From RDC,N/A - From RDC,Air,Pre-PQ Process,N/A - From RDC,14-May-08,14-May-08,14-May-08,ARV,Adult,SCMS from RDC,"Lamivudine/Nevirapine/Zidovudine 150/200/300mg, tablets, 60 Tabs",Lamivudine/Nevirapine/Zidovudine,Generic,150/300/200mg,Tablet - FDC,60.0,16610.0,220580.8,13.28,0.22,"Cipla, Goa, India",No,See DN-737 (ID#:11533),See DN-737 (ID#:11533),352.93,,,,,,,,,,,,,,,,,,,,,,,,,,
12046,,Pre-PQ Process,,,Côte d'Ivoire,,,,,,N/A - From RDC,,,,,,SCMS from RDC,,Lamivudine/Zidovudine,Generic,150/300mg,,,,,,,,,,,,100-CI-T01,SO-285,DN-74,PMO - US,From RDC,N/A - From RDC,,Pre-PQ Process,30-Apr-07,30-Apr-07,30-Apr-07,ARV,Adult,"Lamivudine/Zidovudine 150/300mg, tablets, 60 Tabs",Tablet - FDC,60.0,6944.0,71176.0,10.25,0.17,"Aurobindo Unit III, India",No,See DN-74 (ID#:12045),See DN-74 (ID#:12045),,
85180,,FPQ-6891,,,Côte d'Ivoire,,,,,,N/A - From RDC,,,,,,SCMS from RDC,,Abacavir,Generic,20mg/ml,,,,,,,,,,,,104-CI-T30,SO-38530,DN-2140,PMO - US,From RDC,N/A - From RDC,Air,12/21/2010,31-Mar-11,29-Mar-11,29-Mar-11,ARV,Pediatric,"Abacavir 20mg/ml, oral solution w/syringe, Bottle, 240 ml",Oral solution,240.0,448.0,6137.6,13.7,0.06,"Aurobindo Unit III, India",Yes,1135,17941.47,10.13,
82905,151-NG-T30,FPQ-5023,SO-36546,DN-1942,Nigeria,PMO - US,From RDC,N/A - From RDC,Air,2/10/10,N/A - From RDC,15-Jul-10,28-Jun-10,28-Jun-10,ARV,Adult,SCMS from RDC,"Lamivudine/Zidovudine 150/300mg, tablets, 60 Tabs",Lamivudine/Zidovudine,Generic,150/300mg,Tablet - FDC,60.0,80.0,700.8,8.76,0.15,Mylan (formerly Matrix) Nashik,Yes,7,Freight Included in Commodity Cost,1.51,,,,,,,,,,,,,,,,,,,,,,,,,,
86357,114-UG-T30,FPQ-6438,SO-37670,DN-2068,Uganda,PMO - US,From RDC,N/A - From RDC,Truck,9/29/10,N/A - From RDC,15-Dec-10,1-Dec-10,1-Dec-10,ARV,Adult,SCMS from RDC,"Lamivudine/Zidovudine 150/300mg, tablets, 60 Tabs",Lamivudine/Zidovudine,Generic,150/300mg,Tablet - FDC,60.0,3570.0,30523.5,8.55,0.14,Hetero Unit III Hyderabad IN,Yes,294,2894,65.81,,,,,,,,,,,,,,,,,,,,,,,,,,
83606,,,,,Tanzania,,,,,,N/A - From RDC,,,,,,SCMS from RDC,,Lopinavir/Ritonavir,Generic,200/50mg,,,,,,,,,,,,109-TZ-T30,SO-41580,DN-2761,PMO - US,From RDC,N/A - From RDC,Truck,1/31/2012,31-Aug-12,22-Aug-12,22-Aug-12,ARV,Adult,"Lopinavir/Ritonavir 200/50mg, tablets, 120 Tabs",Tablet,120.0,25024.0,733453.44,29.31,0.24,Mylan (formerly Matrix) Nashik,Yes,30606,9601.38,1028.3,FPQ-9271
11142,,Pre-PQ Process,,,Haiti,,,,,,N/A - From RDC,,,,,,SCMS from RDC,,"HIV 1/2, Capillus HIV Kit",Capillus,,,,,,,,,,,,,100-HT-T01,SO-831,DN-278,PMO - US,From RDC,N/A - From RDC,Air,Pre-PQ Process,7-Aug-07,7-Aug-07,7-Aug-07,HRDT,HIV test,"HIV 1/2, Capillus HIV Kit, 100 Tests",Test kit,100.0,75.0,10425.0,139.0,1.39,"Trinity Biotech, Plc",Yes,50,791.84,16.68,
10365,,Pre-PQ Process,,,South Africa,,,,,,3/27/2009,,,,,,S. BUYS WHOLESALER,,Lopinavir/Ritonavir,Aluvia,200/50mg,,,,,,,,,,,,116-ZA-T01,SCMS-41585,ASN-4386,PMO - US,Direct Drop,DDP,Air,Pre-PQ Process,25-Jun-09,21-Apr-09,21-Apr-09,ARV,Adult,"Lopinavir/Ritonavir 200/50mg [Aluvia], tablets, 120 Tabs",Tablet,120.0,1900.0,68362.0,35.98,0.3,ABBVIE Ludwigshafen Germany,No,Weight Captured Separately,Freight Included in Commodity Cost,133.99,
65219,,FPQ-8447,,,Zimbabwe,,,,,,9/21/2011,,,,,,"Orgenics, Ltd",,"HIV 1/2, Determine Complete HIV Kit",Determine,,,,,,,,,,,,,113-ZW-T30,SCMS-122760,ASN-12885,PMO - US,Direct Drop,EXW,Air,9/16/2011,22-Dec-11,22-Dec-11,22-Dec-11,HRDT,HIV test,"HIV 1/2, Determine Complete HIV Kit, 100 Tests",Test kit,100.0,1800.0,144000.0,80.0,0.8,"Alere Medical Co., Ltd.",Yes,885,17806.34,237.6,
83081,,FPQ-10517,,,South Sudan,,,,,,N/A - From RDC,,,,,,SCMS from RDC,,Zidovudine,Generic,300mg,,,,,,,,,,,,900-SS-T30,SO-43070,DN-2858,PMO - US,From RDC,N/A - From RDC,Air,8/17/2012,15-Nov-12,23-Oct-12,23-Oct-12,ARV,Adult,"Zidovudine 300mg, tablets, 60 Tabs",Tablet,60.0,9360.0,63273.6,6.76,0.11,Hetero Unit III Hyderabad IN,No,See DN-2858 (ID#:82511),See DN-2858 (ID#:82511),88.71,
85140,151-NG-T30,FPQ-5023,SO-36464,DN-1994,Nigeria,PMO - US,From RDC,N/A - From RDC,Air Charter,2/10/10,N/A - From RDC,12-Aug-10,17-Aug-10,17-Aug-10,ARV,Adult,SCMS from RDC,"Nevirapine 200mg, tablets, 60 Tabs",Nevirapine,Generic,200mg,Tablet,60.0,28600.0,78078.0,2.73,0.05,"Aurobindo Unit III, India",Yes,3344,6147.14,168.34,,,,,,,,,,,,,,,,,,,,,,,,,,
58652,152-HT-T30,FPQ-6823,SCMS-98550,ASN-10063,Haiti,PMO - US,Direct Drop,EXW,Air,12/14/10,2/2/11,6-Apr-11,6-Apr-11,6-Apr-11,HRDT,HIV test,"Orgenics, Ltd","HIV 1/2, Determine HIV Kit, without Lancets, 100 Tests","HIV 1/2, Determine HIV Kit, without Lancets",Determine,,Test kit,100.0,33.0,3223.44,97.68,0.98,Inverness Japan,Yes,8,1011.6,5.32,,,,,,,,,,,,,,,,,,,,,,,,,,
86550,,,,,Côte d'Ivoire,,,,,,N/A - From RDC,,,,,,SCMS from RDC,,Lamivudine/Nevirapine/Zidovudine,Generic,150/300/200mg,,,,,,,,,,,,104-CI-T30,SO-43321,DN-3019,PMO - US,From RDC,N/A - From RDC,Truck,9/11/2012,28-Feb-13,28-Feb-13,28-Feb-13,ARV,Adult,"Lamivudine/Nevirapine/Zidovudine 150/200/300mg, tablets, 60 Tabs",Tablet - FDC,60.0,64160.0,550492.8,8.58,0.14,Hetero Unit III Hyderabad IN,No,See DN-3019 (ID#:84227),See DN-3019 (ID#:84227),771.79,FPQ-10633
15813,111-MZ-T30,FPQ-13395,SCMS-219220,ASN-25454,Mozambique,PMO - US,Direct Drop,EXW,Air,12/11/13,12/17/13,2-May-14,2-May-14,7-May-14,ARV,Adult,HETERO LABS LIMITED,"Lamivudine/Nevirapine/Zidovudine 150/200/300mg, tablets, 60 Tabs",Lamivudine/Nevirapine/Zidovudine,Generic,150/300/200mg,Tablet - FDC,60.0,23040.0,186854.4,8.11,0.14,Hetero Unit III Hyderabad IN,Yes,3138,16537.12,192.09,,,,,,,,,,,,,,,,,,,,,,,,,,
12774,,Pre-PQ Process,,,Uganda,,,,,,N/A - From RDC,,,,,,SCMS from RDC,,Nevirapine,Generic,200mg,,,,,,,,,,,,114-UG-T01,SO-1082,DN-589,PMO - US,From RDC,N/A - From RDC,,Pre-PQ Process,28-Feb-08,28-Feb-08,28-Feb-08,ARV,Adult,"Nevirapine 200mg, tablets, 60 Tabs",Tablet,60.0,328.0,1115.2,3.4,0.06,"Ranbaxy, Paonta Shahib, India",No,See DN-589 (ID#:10670),See DN-589 (ID#:10670),1.78,
84622,,FPQ-6495,,,Côte d'Ivoire,,,,,,N/A - From RDC,,,,,,SCMS from RDC,,Tenofovir Disoproxil Fumarate,Generic,300mg,,,,,,,,,,,,104-CI-T30,SO-37720,DN-2122,PMO - US,From RDC,N/A - From RDC,Air,10/4/2010,31-Mar-11,15-Mar-11,15-Mar-11,ARV,Adult,"Tenofovir Disoproxil Fumarate 300mg, tablets, 30 Tabs",Tablet,30.0,2240.0,14716.8,6.57,0.22,Mylan (formerly Matrix) Nashik,Yes,6542,18611.93,31.73,
19924,106-HT-T30,FPQ-15102,SCMS-260780,ASN-31452,Haiti,PMO - US,Direct Drop,EXW,Air,10/10/14,11/5/14,5-May-15,5-May-15,11-May-15,HRDT,HIV test,"Orgenics, Ltd","HIV 1/2, Determine Complete HIV Kit, 100 Tests","HIV 1/2, Determine Complete HIV Kit",Determine,,Test kit,100.0,6302.0,630200.0,100.0,1.0,"Alere Medical Co., Ltd.",Yes,2557,21256.43,741.75,,,,,,,,,,,,,,,,,,,,,,,,,,
84031,117-ET-T30,FPQ-6142,SO-37190,DN-1981,Ethiopia,PMO - US,From RDC,N/A - From RDC,Air,7/26/10,N/A - From RDC,17-Aug-10,9-Aug-10,9-Aug-10,ARV,Adult,SCMS from RDC,"Zidovudine 300mg, tablets, 60 Tabs",Zidovudine,Generic,300mg,Tablet,60.0,5000.0,36050.0,7.21,0.12,"Aurobindo Unit III, India",Yes,196,1229.52,77.72,,,,,,,,,,,,,,,,,,,,,,,,,,
2015,116-ZA-T01,Pre-PQ Process,SCMS-28830,ASN-2503,South Africa,PMO - US,Direct Drop,DDP,Truck,Pre-PQ Process,Date Not Captured,25-Aug-08,14-Aug-08,14-Aug-08,ARV,Pediatric,S. BUYS WHOLESALER,"Nevirapine 10mg/ml [Viramune], oral suspension, Bottle, 240 ml",Nevirapine,Viramune,10mg/ml,Oral suspension,240.0,40.0,557.6,13.94,0.06,"BI, Ingelheim, Germany",No,Weight Captured Separately,Freight Included in Commodity Cost,0.89,,,,,,,,,,,,,,,,,,,,,,,,,,
12009,,Pre-PQ Process,,,Côte d'Ivoire,,,,,,N/A - From RDC,,,,,,SCMS from RDC,,Nevirapine,Generic,10mg/ml,,,,,,,,,,,,104-CI-T01,SO-33220,DN-1422,PMO - US,From RDC,N/A - From RDC,Air,Date Not Captured,16-Sep-09,16-Sep-09,16-Sep-09,ARV,Pediatric,"Nevirapine 10mg/ml, oral suspension, Bottle, 240 ml",Oral suspension,240.0,6000.0,11520.0,1.92,0.01,"Aurobindo Unit III, India",No,See DN-1422 (ID#:11682),See DN-1422 (ID#:11682),22.58,
84472,151-NG-T30,FPQ-14989,SO-51422,DN-4274,Nigeria,PMO - US,From RDC,N/A - From RDC,Air Charter,9/19/14,N/A - From RDC,30-Jun-15,15-May-15,22-May-15,ARV,Pediatric,SCMS from RDC,"Lamivudine/Nevirapine/Zidovudine 30/50/60mg, dispersible tablets, 60 Tabs",Lamivudine/Nevirapine/Zidovudine,Generic,30/50/60mg,Chewable/dispersible tablet - FDC,60.0,112000.0,403200.0,3.6,0.06,"Strides, Bangalore, India.",Yes,6295,16941,414.49,,,,,,,,,,,,,,,,,,,,,,,,,,
82902,,FPQ-5023,,,Nigeria,,,,,,N/A - From RDC,,,,,,SCMS from RDC,,Lamivudine/Nevirapine/Stavudine,Generic,150/200/30mg,,,,,,,,,,,,151-NG-T30,SO-36510,DN-1919,PMO - US,From RDC,N/A - From RDC,Air,2/10/2010,15-Jul-10,28-Jun-10,28-Jun-10,ARV,Adult,"Lamivudine/Nevirapine/Stavudine 150/200/30mg, tablets, 60 Tabs",Tablet - FDC,60.0,9000.0,52650.0,5.85,0.1,"Strides, Bangalore, India.",Yes,653,Freight Included in Commodity Cost,113.51,
66809,108-VN-T30,FPQ-10287,SCMS-156320,ASN-17177,Vietnam,PMO - US,Direct Drop,EXW,Air,7/25/12,8/15/12,5-Dec-12,5-Dec-12,5-Dec-12,ARV,Adult,HETERO LABS LIMITED,"Abacavir 300mg, tablets, 60 Tabs",Abacavir,Generic,300mg,Tablet,60.0,615.0,7933.5,12.9,0.22,Hetero Unit III Hyderabad IN,No,See ASN-17177 (ID#:18240),See ASN-17177 (ID#:18240),11.12,,,,,,,,,,,,,,,,,,,,,,,,,,
43892,116-ZA-T30,FPQ-15269,SCMS-267020,ASN-29764,South Africa,PMO - US,Direct Drop,DDP,Truck,10/29/14,12/10/14,10-Dec-14,10-Dec-14,10-Dec-14,ARV,Adult,S. BUYS WHOLESALER,"Didanosine 400mg, delayed-release capsules, 30 Caps",Didanosine,Generic,400mg,Delayed-release capsules,30.0,12.0,209.09,17.42,0.58,"Aurobindo Unit III, India",No,Weight Captured Separately,Freight Included in Commodity Cost,0.25,,,,,,,,,,,,,,,,,,,,,,,,,,
86246,,,,,Uganda,,,,,,N/A - From RDC,,,,,,SCMS from RDC,,Lamivudine/Zidovudine,Generic,150/300mg,,,,,,,,,,,,114-UG-T30,SO-33870,DN-1552,PMO - US,From RDC,N/A - From RDC,Air,9/17/2009,14-Jan-10,31-Dec-09,31-Dec-09,ARV,Adult,"Lamivudine/Zidovudine 150/300mg, tablets, 60 Tabs",Tablet - FDC,60.0,16575.0,145197.0,8.76,0.15,Mylan (formerly Matrix) Nashik,Yes,6843,7231,284.59,FPQ-4275
10823,,Pre-PQ Process,,,Rwanda,,,,,,N/A - From RDC,,,,,,SCMS from RDC,,Abacavir,Generic,20mg/ml,,,,,,,,,,,,107-RW-T01,SO-481,DN-100,PMO - US,From RDC,N/A - From RDC,Air,Pre-PQ Process,14-May-07,14-May-07,14-May-07,ARV,Pediatric,"Abacavir 20mg/ml, oral solution, Bottle, 240 ml",Oral solution,240.0,90.0,1935.0,21.5,0.09,"Aurobindo Unit III, India",Yes,120,11609.31,,
82417,,,,,Côte d'Ivoire,,,,,,N/A - From RDC,,,,,,SCMS from RDC,,Lamivudine,Generic,150mg,,,,,,,,,,,,104-CI-T30,SO-40780,DN-2421,PMO - US,From RDC,N/A - From RDC,Truck,8/25/2011,15-Dec-11,19-Nov-11,19-Nov-11,ARV,Adult,"Lamivudine 150mg, tablets, 60 Tabs",Tablet,60.0,8100.0,18873.0,2.33,0.04,"Aurobindo Unit III, India",Yes,387,3296.34,31.14,FPQ-8295
27269,107-RW-T30,FPQ-13852,SCMS-236481,ASN-27963,Rwanda,PMO - US,Direct Drop,FCA,Air,3/19/14,8/6/14,16-Sep-14,16-Sep-14,25-Sep-14,ARV,Adult,ABBVIE LOGISTICS (FORMERLY ABBOTT LOGISTICS BV),"Ritonavir 100mg [Norvir], film coated tablets, 60 Tabs",Ritonavir,Norvir,100mg,Tablet,60.0,1514.0,10370.9,6.85,0.11,ABBVIE Ludwigshafen Germany,Yes,204,1949.64,10.66,,,,,,,,,,,,,,,,,,,,,,,,,,
83993,,,,,Uganda,,,,,,N/A - From RDC,,,,,,SCMS from RDC,,Zidovudine,Generic,300mg,,,,,,,,,,,,114-UG-T30,SO-36250,DN-1769,PMO - US,From RDC,N/A - From RDC,Air,3/4/2010,4-Jun-10,12-Apr-10,12-Apr-10,ARV,Adult,"Zidovudine 300mg, tablets, 60 Tabs",Tablet,60.0,90.0,675.0,7.5,0.12,"Aurobindo Unit III, India",Yes,4,521.52,1.46,FPQ-5275
84262,151-NG-T30,FPQ-11022,SO-43849,DN-3171,Nigeria,PMO - US,From RDC,N/A - From RDC,Air Charter,11/15/12,N/A - From RDC,21-May-13,10-May-13,10-May-13,ARV,Adult,SCMS from RDC,"Lamivudine/Zidovudine 150/300mg, tablets, 60 Tabs",Lamivudine/Zidovudine,Generic,150/300mg,Tablet - FDC,60.0,41222.0,288554.0,7.0,0.12,"Cipla, Goa, India",No,See DN-3171 (ID#:83685),See DN-3171 (ID#:83685),356.94,,,,,,,,,,,,,,,,,,,,,,,,,,
82562,,,,,South Sudan,,,,,,N/A - From RDC,,,,,,SCMS from RDC,,Lamivudine/Nevirapine/Zidovudine,Generic,30/50/60mg,,,,,,,,,,,,103-SS-T30,SO-44620,DN-3080,PMO - US,From RDC,N/A - From RDC,Air,1/16/2013,17-Apr-13,23-Apr-13,23-Apr-13,ARV,Pediatric,"Lamivudine/Nevirapine/Zidovudine 30/50/60mg, dispersible tablets, 60 Tabs",Chewable/dispersible tablet - FDC,60.0,549.0,2278.35,4.15,0.07,Mylan (formerly Matrix) Nashik,Yes,37,1198.68,2.82,FPQ-11489
33882,161-ZA-T30,FPQ-6708,SCMS-93620,ASN-10110,South Africa,PMO - US,Direct Drop,DDP,Ocean,11/26/10,12/14/10,5-May-11,5-May-11,5-May-11,ARV,Adult,CIPLA LIMITED,"Tenofovir Disoproxil Fumarate 300mg, tablets, 30 Tabs",Tenofovir Disoproxil Fumarate,Generic,300mg,Tablet,30.0,150000.0,1029000.0,6.86,0.23,"Cipla, Goa, India",Yes,10151,19569.93,1697.85,,,,,,,,,,,,,,,,,,,,,,,,,,
84944,,FPQ-13508,,,Zimbabwe,,,,,,N/A - From RDC,,,,,,SCMS from RDC,,Nevirapine,Generic,200mg,,,,,,,,,,,,113-ZW-T30,SO-47530,DN-3780,PMO - US,From RDC,N/A - From RDC,Truck,12/24/2013,30-Jul-14,11-Jul-14,4-Aug-14,ARV,Adult,"Nevirapine 200mg, tablets, 60 Tabs",Tablet,60.0,44716.0,101058.16,2.26,0.04,Hetero Unit III Hyderabad IN,Yes,5925,13770.65,103.89,
86142,101-CD-T30,FPQ-14576,SO-49290,DN-3975,"Congo, DRC",PMO - US,From RDC,N/A - From RDC,Air,7/14/14,N/A - From RDC,30-Jan-15,18-Feb-15,23-Feb-15,ARV,Adult,SCMS from RDC,"Tenofovir Disoproxil Fumarate 300mg, tablets, 30 Tabs",Tenofovir Disoproxil Fumarate,Generic,300mg,Tablet,30.0,5850.0,22113.0,3.78,0.13,Hetero Unit III Hyderabad IN,No,See DN-3975 (ID#:82748),See DN-3975 (ID#:82748),22.73,,,,,,,,,,,,,,,,,,,,,,,,,,
11887,,Pre-PQ Process,,,Uganda,,,,,,N/A - From RDC,,,,,,SCMS from RDC,,Zidovudine,Generic,300mg,,,,,,,,,,,,114-UG-T01,SO-2674,DN-797,PMO - US,From RDC,N/A - From RDC,Air,Pre-PQ Process,11-Jul-08,11-Jul-08,11-Jul-08,ARV,Adult,"Zidovudine 300mg, tablets, 60 Tabs",Tablet,60.0,46.0,368.0,8.0,0.13,"Aurobindo Unit III, India",No,See DN-797 (ID#:10966),See DN-797 (ID#:10966),0.59,
11755,,,,,Mozambique,,,,,,N/A - From RDC,,,,,,SCMS from RDC,,Lamivudine/Nevirapine/Zidovudine,Generic,150/300/200mg,,,,,,,,,,,,111-MZ-T01,SO-298,DN-304,PMO - US,From RDC,N/A - From RDC,Air,Pre-PQ Process,21-Sep-07,21-Sep-07,21-Sep-07,ARV,Adult,"Lamivudine/Nevirapine/Zidovudine 150/200/300mg, tablets, 60 Tabs",Tablet - FDC,60.0,9838.0,172165.0,17.5,0.29,"Aurobindo Unit III, India",No,See DN-304 (ID#:10589),See DN-304 (ID#:10589),275.46,Pre-PQ Process
86701,,FPQ-14396,,,Uganda,,,,,,N/A - From RDC,,,,,,SCMS from RDC,,Lopinavir/Ritonavir,Aluvia,200/50mg,,,,,,,,,,,,114-UG-T30,SO-48991,DN-3880,PMO - US,From RDC,N/A - From RDC,Truck,6/4/2014,28-Nov-14,22-Aug-14,26-Aug-14,ARV,Adult,"Lopinavir/Ritonavir 200/50mg [Aluvia], tablets, 120 Tabs",Tablet,120.0,5337.0,100869.3,18.9,0.16,ABBVIE Ludwigshafen Germany,Yes,1089,3730.8,103.69,
10900,110-ZM-T01,Pre-PQ Process,SO-207,DN-383,Zambia,PMO - US,From RDC,N/A - From RDC,,Pre-PQ Process,N/A - From RDC,17-Oct-07,17-Oct-07,17-Oct-07,ARV,Pediatric,SCMS from RDC,"Zidovudine 100mg [Retrovir], capsules, 100 Caps",Zidovudine,Retrovir,100mg,Capsule,100.0,2623.0,27279.2,10.4,0.1,GSK Crawley,Yes,159,1007.34,43.65,,,,,,,,,,,,,,,,,,,,,,,,,,
18500,,FPQ-4265,,,Vietnam,,,,,,11/5/2009,,,,,,ABBVIE LOGISTICS (FORMERLY ABBOTT LOGISTICS BV),,Lopinavir/Ritonavir,Aluvia,200/50mg,,,,,,,,,,,,108-VN-T30,SCMS-56200,ASN-5946,PMO - US,Direct Drop,FCA,Air,10/20/2009,11-Mar-10,11-Mar-10,11-Mar-10,ARV,Adult,"Lopinavir/Ritonavir 200/50mg [Aluvia], tablets, 120 Tabs",Tablet,120.0,4280.0,351816.0,82.2,0.68,ABBVIE Ludwigshafen Germany,Yes,1063,11167.45,689.56,
63432,,,,,Côte d'Ivoire,,,,,,7/6/2011,,,,,,ABBVIE LOGISTICS (FORMERLY ABBOTT LOGISTICS BV),,Lopinavir/Ritonavir,Aluvia,200/50mg,,,,,,,,,,,,104-CI-T30,SCMS-113020,ASN-12293,PMO - US,Direct Drop,FCA,Air,5/5/2011,17-Oct-11,17-Oct-11,17-Oct-11,ARV,Adult,"Lopinavir/Ritonavir 200/50mg [Aluvia], tablets, 120 Tabs",Tablet,120.0,16800.0,517776.0,30.82,0.26,ABBVIE Ludwigshafen Germany,Yes,4213,27376.29,854.33,FPQ-7693
12873,123-NG-T01,Pre-PQ Process,SO-22830,DN-1166,Nigeria,PMO - US,From RDC,N/A - From RDC,Air Charter,Pre-PQ Process,N/A - From RDC,8-May-09,8-May-09,8-May-09,ARV,Pediatric,SCMS from RDC,"Efavirenz 200mg, capsule, 90 Caps",Efavirenz,Generic,200mg,Capsule,90.0,1132.0,17274.32,15.26,0.17,"Aurobindo Unit III, India",No,See DN-1166 (ID#:12271),See DN-1166 (ID#:12271),33.86,,,,,,,,,,,,,,,,,,,,,,,,,,
83475,,,,,Haiti,,,,,,N/A - From RDC,,,,,,SCMS from RDC,,Zidovudine,Generic,100mg,,,,,,,,,,,,106-HT-T30,SO-37760,DN-2073,PMO - US,From RDC,N/A - From RDC,Air,10/13/2010,20-Dec-10,5-Jan-11,5-Jan-11,ARV,Pediatric,"Zidovudine 100mg, capsules, 100 Caps",Capsule,100.0,2583.0,12501.72,4.84,0.05,"Aurobindo Unit III, India",No,See DN-2073 (ID#:82362),See DN-2073 (ID#:82362),26.95,FPQ-6484
1973,,,,,Ethiopia,,,,,,7/30/2008,,,,,,"CHEMBIO DIAGNOSTIC SYSTEMS, INC.",,"HIV 1/2, Stat-Pak HIV, Kit",Stat-Pak,,,,,,,,,,,,,117-ET-T01,SCMS-27800,ASN-2747,PMO - US,Direct Drop,EXW,Air,Pre-PQ Process,3-Nov-08,3-Nov-08,3-Nov-08,HRDT,HIV test,"HIV 1/2, Stat-Pak HIV, Kit, 20 Tests",Test kit,20.0,3982.0,107514.0,27.0,1.35,Chembio Diagnostics Sys. Inc.,Yes,1445,7303.25,210.73,Pre-PQ Process
34582,,FPQ-13524,,,Vietnam,,,,,,6/27/2014,,,,,,MYLAN LABORATORIES LTD (FORMERLY MATRIX LABORATORIES),,Lamivudine/Zidovudine,Generic,150/300mg,,,,,,,,,,,,108-VN-T30,SCMS-226211,ASN-27939,PMO - US,Direct Drop,EXW,Air,2/6/2014,27-Oct-14,27-Oct-14,28-Oct-14,ARV,Adult,"Lamivudine/Zidovudine 150/300mg, tablets, 60 Tabs",Tablet - FDC,60.0,8000.0,51920.0,6.49,0.11,Mylan (formerly Matrix) Nashik,Yes,696,1599.67,53.37,
7007,,Pre-PQ Process,,,Vietnam,,,,,,3/21/2008,,,,,,CENTRAL PHARMACEUTICAL COMPANY NO. 1,,Tenofovir Disoproxil Fumarate,Viread,300mg,,,,,,,,,,,,108-VN-T01,SCMS-19630,ASN-1718,PMO - US,Direct Drop,DDU,Truck,Pre-PQ Process,12-May-08,16-Apr-08,16-Apr-08,ARV,Adult,"Tenofovir Disoproxil Fumarate 300mg [Viread], tablets, 30 Tabs",Tablet,30.0,1968.0,40717.92,20.69,0.69,Gilead(Nycomed) Oranienburg DE,Yes,Weight Captured Separately,1401.49,65.15,
20073,,FPQ-14995,,,Nigeria,,,,,,10/29/2014,,,,,,"Orgenics, Ltd",,"HIV 1/2, Determine Complete HIV Kit",Determine,,,,,,,,,,,,,133-NG-T30,SCMS-260700,ASN-29931,PMO - US,Direct Drop,EXW,Air,9/22/2014,19-Jan-15,20-Jan-15,22-Jan-15,HRDT,HIV test,"HIV 1/2, Determine Complete HIV Kit, 100 Tests",Test kit,100.0,3144.0,279816.0,89.0,0.89,"Alere Medical Co., Ltd.",Yes,1276,15681.99,287.65,
51531,,,,,South Africa,,,,,,1/26/2015,,,,,,PHARMACY DIRECT,,Lamivudine,Generic,10mg/ml,,,,,,,,,,,,116-ZA-T30,SCMS-259072,ASN-30377,PMO - US,Direct Drop,DDP,Truck,9/11/2014,26-Jan-15,26-Jan-15,26-Jan-15,ARV,Pediatric,"Lamivudine 10mg/ml, oral solution, Bottle, 240 ml",Oral solution,240.0,11.0,56.85,5.17,0.02,"Aurobindo Unit III, India",No,Weight Captured Separately,Freight Included in Commodity Cost,0.06,FPQ-14942
83070,,FPQ-9432,,,Nigeria,,,,,,N/A - From RDC,,,,,,SCMS from RDC,,Efavirenz/Emtricitabine/Tenofovir Disoproxil Fumarate,Generic,600/200/300mg,,,,,,,,,,,,151-NG-T30,SO-41680,DN-2823,PMO - US,From RDC,N/A - From RDC,Air,3/1/2012,10-Sep-12,14-Aug-12,14-Aug-12,ARV,Adult,"Efavirenz/Emtricitabine/Tenofovir Disoproxil Fumarate 600/200/300mg, tablets, 30 Tabs",Tablet - FDC,30.0,107489.0,1616634.56,15.04,0.5,Mylan (formerly Matrix) Nashik,Yes,13193,18461.22,2266.52,
83731,151-NG-T30,FPQ-11864,SO-44934,DN-3370,Nigeria,PMO - US,From RDC,N/A - From RDC,Air Charter,3/14/13,N/A - From RDC,31-Oct-13,14-Oct-13,24-Oct-13,ARV,Adult,SCMS from RDC,"Lamivudine/Nevirapine/Zidovudine 150/200/300mg, tablets, 60 Tabs",Lamivudine/Nevirapine/Zidovudine,Generic,150/300/200mg,Tablet - FDC,60.0,12000.0,102960.0,8.58,0.14,"Cipla, Goa, India",Yes,1749,20225.07,127.36,,,,,,,,,,,,,,,,,,,,,,,,,,
82389,,FPQ-6470,,,Zimbabwe,,,,,,N/A - From RDC,,,,,,SCMS from RDC,,Lamivudine/Nevirapine/Stavudine,Generic,150/200/30mg,,,,,,,,,,,,113-ZW-T30,SO-37841,DN-2282,PMO - US,From RDC,N/A - From RDC,Truck,10/13/2010,15-Aug-11,11-Aug-11,11-Aug-11,ARV,Adult,"Lamivudine/Nevirapine/Stavudine 150/200/30mg, tablets, 60 Tabs",Tablet - FDC,60.0,51722.0,278264.36,5.38,0.09,"Cipla, Goa, India",Yes,9134,16064.09,599.94,
9154,,Pre-PQ Process,,,Vietnam,,,,,,4/29/2009,,,,,,Aurobindo Pharma Limited,,Lamivudine,Generic,150mg,,,,,,,,,,,,108-VN-T01,SCMS-45070,ASN-4419,PMO - US,Direct Drop,EXW,Air,Pre-PQ Process,10-Jul-09,10-Jul-09,10-Jul-09,ARV,Adult,"Lamivudine 150mg, tablets, 60 Tabs",Tablet,60.0,6000.0,14400.0,2.4,0.04,"Aurobindo Unit III, India",No,See ASN-4419 (ID#:3851),See ASN-4419 (ID#:3851),28.22,
28960,,,,,South Africa,,,,,,12/2/2013,,,,,,S. BUYS WHOLESALER,,Efavirenz,Generic,600mg,,,,,,,,,,,,116-ZA-T30,SCMS-215370,ASN-24415,PMO - US,Direct Drop,DDP,Truck,10/8/2013,6-Feb-14,6-Feb-14,6-Feb-14,ARV,Adult,"Efavirenz 600mg, tablets, 30 Tabs",Tablet,30.0,1131.0,17468.66,15.45,0.52,"Aurobindo Unit III, India",No,Weight Captured Separately,Freight Included in Commodity Cost,21.61,FPQ-13035
9053,,Pre-PQ Process,,,South Africa,,,,,,3/27/2009,,,,,,S. BUYS WHOLESALER,,Didanosine,Videx,100mg,,,,,,,,,,,,116-ZA-T01,SCMS-41588,ASN-4359,PMO - US,Direct Drop,DDP,Air,Pre-PQ Process,25-Jun-09,17-Apr-09,17-Apr-09,ARV,Pediatric,"Didanosine 100mg [Videx],chewable tablets, 60 Tabs",Chewable/dispersible tablet,60.0,2160.0,23133.6,10.71,0.18,"BMS Meymac, France",Yes,Weight Captured Separately,Freight Included in Commodity Cost,45.34,
10089,102-BW-T01,Pre-PQ Process,SCMS-32490,ASN-2941,Botswana,PMO - US,Direct Drop,DDP,Truck,Pre-PQ Process,10/21/08,12-Nov-08,12-Nov-08,12-Nov-08,HRDT,HIV test,AHN (PTY) LTD (AKA UCB (S.A.),"HIV 1/2, OraQuick Advance HIV Rapid Antibody Kit, 100 Tests","HIV 1/2, OraQuick Advance HIV Rapid Antibody Kit",OraQuick,,Test kit,100.0,5.0,3500.0,700.0,7.0,"Pacific Biotech, Thailand",Yes,Weight Captured Separately,Freight Included in Commodity Cost,6.86,,,,,,,,,,,,,,,,,,,,,,,,,,
11137,112-NG-T01,Pre-PQ Process,SO-563,DN-209,Nigeria,PMO - US,From RDC,N/A - From RDC,,Pre-PQ Process,N/A - From RDC,3-Jul-07,3-Jul-07,3-Jul-07,ARV,Adult,SCMS from RDC,"Lamivudine/Nevirapine/Stavudine 150/200/40mg, tablets, 60 Tabs",Lamivudine/Nevirapine/Stavudine,Generic,150/200/40mg,Tablet - FDC,60.0,1018.0,7838.6,7.7,0.13,"Cipla, Goa, India",No,See DN-209 (ID#:11136),See DN-209 (ID#:11136),12.54,,,,,,,,,,,,,,,,,,,,,,,,,,
9081,116-ZA-T01,Pre-PQ Process,SCMS-47500,ASN-4332,South Africa,PMO - US,Direct Drop,DDP,Truck,Pre-PQ Process,4/2/09,15-May-09,23-Apr-09,23-Apr-09,ARV,Pediatric,S. BUYS WHOLESALER,"Zidovudine 10mg/ml, oral solution, Bottle, 240 ml",Zidovudine,Generic,10mg/ml,Oral solution,240.0,200.0,1208.0,6.04,0.03,"Aurobindo Unit III, India",No,See ASN-4332 (ID#:1115),See ASN-4332 (ID#:1115),2.37,,,,,,,,,,,,,,,,,,,,,,,,,,
86121,111-MZ-T30,FPQ-13123,SO-47080,DN-3828,Mozambique,PMO - US,From RDC,N/A - From RDC,Truck,10/21/13,N/A - From RDC,29-Aug-14,5-Nov-14,7-Nov-14,ARV,Adult,SCMS from RDC,"Lamivudine/Zidovudine 150/300mg, tablets, 60 Tabs",Lamivudine/Zidovudine,Generic,150/300mg,Tablet - FDC,60.0,90472.0,589877.44,6.52,0.11,"Aurobindo Unit III, India",No,See DN-3828 (ID#:82713),See DN-3828 (ID#:82713),606.39,,,,,,,,,,,,,,,,,,,,,,,,,,
12473,,Pre-PQ Process,,,Zimbabwe,,,,,,N/A - From RDC,,,,,,SCMS from RDC,,"HIV 1/2, Bioline 3.0 Kit, Lancets, Capillary pipets, Alcohol swabs included",Bioline,,,,,,,,,,,,,113-ZW-T01,SO-1874,DN-803,PMO - US,From RDC,N/A - From RDC,Air,Pre-PQ Process,1-Jul-08,1-Jul-08,1-Jul-08,HRDT,HIV test,"HIV 1/2, Bioline 3.0 Kit, Lancets, Capillary pipets, Alcohol swabs included, 25 Tests",Test kit,25.0,9700.0,194000.0,20.0,0.8,"Standard Diagnostics, Korea",Yes,2907,12781.58,310.4,
84044,,,,,Guyana,,,,,,N/A - From RDC,,,,,,SCMS from RDC,,Efavirenz,Generic,200mg,,,,,,,,,,,,105-GY-T30,SO-37400,DN-2017,PMO - US,From RDC,N/A - From RDC,Air,8/30/2010,23-Nov-10,19-Sep-10,19-Sep-10,ARV,Pediatric,"Efavirenz 200mg, capsule, 90 Caps",Capsule,90.0,230.0,2233.3,9.71,0.11,"Aurobindo Unit III, India",No,See DN-2017 (ID#:82918),See DN-2017 (ID#:82918),4.81,FPQ-6307
11210,,Pre-PQ Process,,,Zambia,,,,,,N/A - From RDC,,,,,,SCMS from RDC,,Lopinavir/Ritonavir,Kaletra,80/20mg/ml,,,,,,,,,,,,110-ZM-T01,SO-1362,DN-494,PMO - US,From RDC,N/A - From RDC,,Pre-PQ Process,28-Dec-07,28-Dec-07,28-Dec-07,ARV,Pediatric,"Lopinavir/Ritonavir 80/20mg/ml [Kaletra], oral solution, cool, Bottle 5 x 60 ml",Oral solution,300.0,630.0,25893.0,41.1,0.14,ABBVIE (Abbott) Logis. UK,Yes,83,4522.03,41.43,
12601,110-ZM-T01,Pre-PQ Process,SO-31951,DN-1362,Zambia,PMO - US,From RDC,N/A - From RDC,Truck,Date Not Captured,N/A - From RDC,15-Sep-09,15-Sep-09,15-Sep-09,ARV,Adult,SCMS from RDC,"Zidovudine 300mg, tablets, 60 Tabs",Zidovudine,Generic,300mg,Tablet,60.0,12294.0,94786.74,7.71,0.13,Hetero Unit III Hyderabad IN,Yes,629,8281.69,185.78,,,,,,,,,,,,,,,,,,,,,,,,,,
6627,,Pre-PQ Process,,,Vietnam,,,,,,11/15/2006,,,,,,STRIDES ARCOLAB LIMITED,,Nevirapine,Generic,200mg,,,,,,,,,,,,108-VN-T01,SCMS-170,ASN-273,PMO - US,Direct Drop,EXW,Air,Pre-PQ Process,14-Mar-07,14-Mar-07,14-Mar-07,ARV,Adult,"Nevirapine 200mg, tablets, 60 Tabs",Tablet,60.0,83000.0,282200.0,3.4,0.06,"Strides, Bangalore, India.",No,See ASN-273 (ID#:1283),See ASN-273 (ID#:1283),,
86818,103-ZW-T30,FPQ-15197,SO-50020,DN-4307,Zimbabwe,PMO - US,From RDC,N/A - From RDC,Truck,10/16/14,N/A - From RDC,31-Jul-15,15-Jul-15,20-Jul-15,ARV,Pediatric,SCMS from RDC,"Lamivudine/Nevirapine/Zidovudine 30/50/60mg, dispersible tablets, 60 Tabs",Lamivudine/Nevirapine/Zidovudine,Generic,30/50/60mg,Chewable/dispersible tablet - FDC,60.0,166571.0,599655.6,3.6,0.06,"Mylan,  H-12 & H-13, India",No,See DN-4307 (ID#:83920),See DN-4307 (ID#:83920),705.79,,,,,,,,,,,,,,,,,,,,,,,,,,
27118,133-NG-T30,FPQ-12812,SCMS-210351,ASN-23950,Nigeria,PMO - US,Direct Drop,EXW,Air,8/13/13,11/1/13,18-Feb-14,14-Feb-14,19-Mar-14,HRDT,HIV test,"Orgenics, Ltd","HIV 1/2, Determine Complete HIV Kit, 100 Tests","HIV 1/2, Determine Complete HIV Kit",Determine,,Test kit,100.0,9241.0,822449.0,89.0,0.89,"Alere Medical Co., Ltd.",Yes,3744,57484.06,1017.37,,,,,,,,,,,,,,,,,,,,,,,,,,
11511,,,,,Zimbabwe,,,,,,N/A - From RDC,,,,,,SCMS from RDC,,"HIV 1/2, Bioline 3.0 Kit, Lancets, Capillary pipets, Alcohol swabs included",Bioline,,,,,,,,,,,,,113-ZW-T01,SO-1439,DN-477,PMO - US,From RDC,N/A - From RDC,Air,Pre-PQ Process,11-Jan-08,11-Jan-08,11-Jan-08,HRDT,HIV test,"HIV 1/2, Bioline 3.0 Kit, Lancets, Capillary pipets, Alcohol swabs included, 25 Tests",Test kit,25.0,3508.0,70160.0,20.0,0.8,"Standard Diagnostics, Korea",Yes,1052,4641.85,112.26,Pre-PQ Process
37417,,FPQ-6263,,,Zambia,,,,,,10/7/2010,,,,,,"Standard Diagnostics, Inc.",,"HIV 1/2, Bioline 3.0 Kit, Lancets, Capillary pipets, Alcohol swabs included",Bioline,,,,,,,,,,,,,110-ZM-T30,SCMS-87270,ASN-8664,PMO - US,Direct Drop,EXW,Air,9/8/2010,14-Dec-10,14-Dec-10,14-Dec-10,HRDT,HIV test,"HIV 1/2, Bioline 3.0 Kit, Lancets, Capillary pipets, Alcohol swabs included, 25 Tests",Test kit,25.0,120.0,2400.0,20.0,0.8,"Standard Diagnostics, Korea",Yes,40,771.88,5.17,
54952,,FPQ-5582,,,Ethiopia,,,,,,4/29/2010,,,,,,Aurobindo Pharma Limited,,Didanosine,Generic,250mg,,,,,,,,,,,,117-ET-T30,SCMS-72370,ASN-6930,PMO - US,Direct Drop,EXW,Air,4/28/2010,21-May-10,21-May-10,21-May-10,ARV,Adult,"Didanosine 250mg, delayed-release capsules, 30 Caps",Delayed-release capsules,30.0,3000.0,39000.0,13.0,0.43,"Aurobindo Unit III, India",Yes,201,1120.57,84.08,
72240,,FPQ-16312,,,Nigeria,,,,,,5/7/2015,,,,,,EMCURE PHARMACEUTICALS LTD,,Atazanavir/Ritonavir,Generic,300/100mg,,,,,,,,,,,,151-NG-T30,SCMS-287710,ASN-33334,PMO - US,Direct Drop,EXW,Air,5/4/2015,7-Aug-15,7-Aug-15,10-Aug-15,ARV,Adult,"Atazanavir/Ritonavir 300/100mg, tablets, 30 Tabs",Tablet,30.0,6878.0,123804.0,18.0,0.6,"Emcure Plot No.P-2, I.T-B.T. Park, Phase II, MIDC, Hinjwadi, Pune, India",Yes,Weight Captured Separately,Invoiced Separately,145.72,
82890,106-HT-T30,FPQ-5523,SO-36801,DN-1854,Haiti,PMO - US,From RDC,N/A - From RDC,Air,4/19/10,N/A - From RDC,30-Jun-10,30-Jun-10,30-Jun-10,ARV,Adult,SCMS from RDC,"Efavirenz 600mg, tablets, 30 Tabs",Efavirenz,Generic,600mg,Tablet,30.0,43512.0,206682.0,4.75,0.16,Mylan (formerly Matrix) Nashik,Yes,3609,32479.84,445.61,,,,,,,,,,,,,,,,,,,,,,,,,,
25343,,FPQ-10249,,,Guyana,,,,,,7/26/2012,,,,,,"Trinity Biotech, Plc",,"HIV 1/2, Uni-Gold HIV Kit",Uni-Gold,,,,,,,,,,,,,105-GY-T30,SCMS-153850,ASN-16935,PMO - US,Direct Drop,EXW,Air,7/5/2012,7-Nov-12,7-Nov-12,7-Nov-12,HRDT,HIV test,"HIV 1/2, Uni-Gold HIV Kit, 20 Tests",Test kit,20.0,461.0,14752.0,32.0,1.6,"Trinity Biotech, Plc",Yes,149,2115.21,20.68,
11703,,Pre-PQ Process,,,Côte d'Ivoire,,,,,,N/A - From RDC,,,,,,SCMS from RDC,,Tenofovir Disoproxil Fumarate,Viread,300mg,,,,,,,,,,,,100-CI-T01,SO-283,DN-16,PMO - US,From RDC,N/A - From RDC,,Pre-PQ Process,22-Feb-07,22-Feb-07,22-Feb-07,ARV,Adult,"Tenofovir Disoproxil Fumarate 300mg [Viread], tablets, 30 Tabs",Tablet,30.0,384.0,6528.0,17.0,0.57,Gilead(Nycomed) Oranienburg DE,No,See DN-16 (ID#:10540),See DN-16 (ID#:10540),,
31156,,,,,"Congo, DRC",,,,,,1/28/2014,,,,,,"Trinity Biotech, Plc",,"HIV 1/2, Uni-Gold HIV Kit",Uni-Gold,,,,,,,,,,,,,101-CD-T30,SCMS-224840,ASN-24721,PMO - US,Direct Drop,EXW,Air,1/22/2014,4-Apr-14,4-Apr-14,28-Apr-14,HRDT,HIV test,"HIV 1/2, Uni-Gold HIV Kit, 20 Tests",Test kit,20.0,2.0,64.0,32.0,1.6,"Trinity Biotech, Plc",No,See ASN-24721 (ID#:13708),See ASN-24721 (ID#:13708),0.07,FPQ-13548
12189,,,,,Uganda,,,,,,N/A - From RDC,,,,,,SCMS from RDC,,Zidovudine,Generic,10mg/ml,,,,,,,,,,,,114-UG-T01,SO-2792,DN-793,PMO - US,From RDC,N/A - From RDC,Air,Pre-PQ Process,22-Jul-08,22-Jul-08,22-Jul-08,ARV,Pediatric,"Zidovudine 10mg/ml, oral solution, Bottle, 240 ml",Oral solution,240.0,6036.0,12675.6,2.1,0.01,"Aurobindo Unit III, India",Yes,2253,15923.41,20.28,Pre-PQ Process
83091,,,,,Côte d'Ivoire,,,,,,N/A - From RDC,,,,,,SCMS from RDC,,Lamivudine/Zidovudine,Generic,30/60mg,,,,,,,,,,,,104-CI-T30,SO-42372,DN-2932,PMO - US,From RDC,N/A - From RDC,Truck,4/19/2012,15-Dec-12,26-Nov-12,26-Nov-12,ARV,Pediatric,"Lamivudine/Zidovudine 30/60mg, tablets, 60 Tabs",Tablet - FDC,60.0,10080.0,27820.8,2.76,0.05,Mylan (formerly Matrix) Nashik,Yes,5466,19079.68,39.0,FPQ-9749
86796,104-CI-T30,FPQ-15259,SO-50101,DN-4211,Côte d'Ivoire,PMO - US,From RDC,N/A - From RDC,Truck,10/24/14,N/A - From RDC,19-Jun-15,16-Apr-15,20-Apr-15,ARV,Adult,SCMS from RDC,"Lamivudine/Tenofovir Disoproxil Fumarate 300/300mg, tablets, 30 Tabs",Lamivudine/Tenofovir Disoproxil Fumarate,Generic,300/300mg,Tablet - FDC,30.0,8250.0,37867.5,4.59,0.15,"Cipla, Kurkumbh, India",Yes,821,6695.9,44.57,,,,,,,,,,,,,,,,,,,,,,,,,,
12646,,,,,Mozambique,,,,,,N/A - From RDC,,,,,,SCMS from RDC,,Nelfinavir (as mesilate),Viracept,250mg,,,,,,,,,,,,111-MZ-T01,SO-260,DN-68,PMO - US,From RDC,N/A - From RDC,Air,Pre-PQ Process,4-May-07,4-May-07,4-May-07,ARV,Adult,"Nelfinavir (as mesilate) 250mg [Viracept], tablets, 270 Tabs",Tablet,270.0,2579.0,205288.4,79.6,0.29,Roche Madrid,Yes,663,1824.11,,Pre-PQ Process
72776,,FPQ-6983,,,Guyana,,,,,,2/2/2011,,,,,,"Trinity Biotech, Plc",,"HIV 1/2, Uni-Gold HIV Kit",Uni-Gold,,,,,,,,,,,,,102-GY-T30,SCMS-97150,ASN-9832,PMO - US,Direct Drop,EXW,Air,1/5/2011,28-Mar-11,28-Mar-11,28-Mar-11,HRDT,HIV test,"HIV 1/2, Uni-Gold HIV Kit, 20 Tests",Test kit,20.0,1975.0,63200.0,32.0,1.6,"Trinity Biotech, Plc",Yes,659,9106.51,104.28,
54304,,FPQ-10606,,,Mozambique,,,,,,10/10/2012,,,,,,"Trinity Biotech, Plc",,"HIV 1/2, Uni-Gold HIV Kit",Uni-Gold,,,,,,,,,,,,,111-MZ-T30,SCMS-162150,ASN-16937,PMO - US,Direct Drop,EXW,Air,9/12/2012,24-Dec-12,24-Dec-12,24-Dec-12,HRDT,HIV test,"HIV 1/2, Uni-Gold HIV Kit, 20 Tests",Test kit,20.0,23.0,736.0,32.0,1.6,"Trinity Biotech, Plc",Yes,8,558.46,1.03,
85893,,FPQ-9063,,,Côte d'Ivoire,,,,,,N/A - From RDC,,,,,,SCMS from RDC,,Lamivudine/Zidovudine,Generic,150/300mg,,,,,,,,,,,,104-CI-T30,SO-41360,DN-2816,PMO - US,From RDC,N/A - From RDC,Truck,12/21/2011,2-Oct-12,27-Aug-12,27-Aug-12,ARV,Adult,"Lamivudine/Zidovudine 150/300mg, tablets, 60 Tabs",Tablet - FDC,60.0,58380.0,450693.6,7.72,0.13,Mylan (formerly Matrix) Nashik,No,See DN-2816 (ID#:84747),See DN-2816 (ID#:84747),631.87,
17924,116-ZA-T30,FPQ-12522,SCMS-199283,ASN-27979,South Africa,PMO - US,Direct Drop,DDP,Truck,7/11/13,8/27/14,27-Aug-14,27-Aug-14,27-Aug-14,ARV,Adult,S. BUYS WHOLESALER,"Efavirenz 600mg, tablets, 30 Tabs",Efavirenz,Generic,600mg,Tablet,30.0,143.0,2391.83,16.73,0.56,Hetero Unit III Hyderabad IN,No,Weight Captured Separately,Freight Included in Commodity Cost,2.96,,,,,,,,,,,,,,,,,,,,,,,,,,
83379,,FPQ-4275,,,Uganda,,,,,,N/A - From RDC,,,,,,SCMS from RDC,,Lamivudine/Nevirapine/Zidovudine,Generic,150/300/200mg,,,,,,,,,,,,114-UG-T30,SO-33860,DN-1522,PMO - US,From RDC,N/A - From RDC,Air,9/17/2009,3-Dec-09,30-Nov-09,30-Nov-09,ARV,Adult,"Lamivudine/Nevirapine/Zidovudine 150/200/300mg, tablets, 60 Tabs",Tablet - FDC,60.0,29254.0,328229.88,11.22,0.19,Mylan (formerly Matrix) Nashik,No,See DN-1522 (ID#:82845),See DN-1522 (ID#:82845),643.33,
62662,,,,,South Sudan,,,,,,2/20/2015,,,,,,"Orgenics, Ltd",,"HIV, Capillary Tubes, for Determine, EDTA, 50uL,100 Pcs",Determine,,,,,,,,,,,,,105-SS-T30,SCMS-272160,ASN-31323,PMO - US,Direct Drop,EXW,Air,12/29/2014,3-Jun-15,3-Jun-15,5-Jun-15,HRDT,HIV test - Ancillary,"Capillary Tubes, for Determine, EDTA, 50uL,100 Pcs",Test kit - Ancillary,100.0,20.0,160.0,8.0,0.08,"Alere Medical Co., Ltd.",No,See ASN-31323 (ID#:14240),See ASN-31323 (ID#:14240),0.19,FPQ-15569
11832,,,,,Zimbabwe,,,,,,N/A - From RDC,,,,,,SCMS from RDC,,Lamivudine/Nevirapine/Stavudine,Generic,150/200/30mg,,,,,,,,,,,,100-ZW-T01,SO-710,DN-488,PMO - US,From RDC,N/A - From RDC,Air,Pre-PQ Process,14-Jan-08,14-Jan-08,14-Jan-08,ARV,Adult,"Lamivudine/Nevirapine/Stavudine 150/200/30mg, tablets, 60 Tabs",Tablet - FDC,60.0,34732.0,257016.8,7.4,0.12,"Cipla, Goa, India",No,See DN-488 (ID#:10652),See DN-488 (ID#:10652),411.23,Pre-PQ Process
67717,,,,,Vietnam,,,,,,3/25/2010,,,,,,Aurobindo Pharma Limited,,Stavudine,Generic,30mg,,,,,,,,,,,,108-VN-T30,SCMS-69250,ASN-7661,PMO - US,Direct Drop,EXW,Air,3/22/2010,13-Aug-10,13-Aug-10,13-Aug-10,ARV,Adult,"Stavudine 30mg, capsules, 60 Caps",Capsule,60.0,21504.0,30105.6,1.4,0.02,"Aurobindo Unit III, India",No,See ASN-7661 (ID#:21752),See ASN-7661 (ID#:21752),64.91,FPQ-5317
10937,,Pre-PQ Process,,,Guyana,,,,,,N/A - From RDC,,,,,,SCMS from RDC,,Lamivudine/Zidovudine,Generic,150/300mg,,,,,,,,,,,,105-GY-T01,SO-1239,DN-557,PMO - US,From RDC,N/A - From RDC,Air,Pre-PQ Process,24-Jan-08,24-Jan-08,24-Jan-08,ARV,Adult,"Lamivudine/Zidovudine 150/300mg, tablets, 60 Tabs",Tablet - FDC,60.0,1008.0,9576.0,9.5,0.16,"Aurobindo Unit III, India",No,See DN-557 (ID#:10663),See DN-557 (ID#:10663),15.32,
36416,,,,,Zimbabwe,,,,,,4/24/2014,,,,,,STRIDES ARCOLAB LIMITED,,Nevirapine,Generic,200mg,,,,,,,,,,,,113-ZW-T30,SCMS-234761,ASN-26863,PMO - US,Direct Drop,EXW,Air,4/1/2014,18-Jul-14,18-Jul-14,18-Jul-14,ARV,Adult,"Nevirapine 200mg, tablets, 60 Tabs",Tablet,60.0,35000.0,77000.0,2.2,0.04,"Strides, Bangalore, India.",Yes,2180,19328.2,79.16,FPQ-13939
84534,106-HT-T30,FPQ-4384,SO-35930,DN-1668,Haiti,PMO - US,From RDC,N/A - From RDC,Air,10/23/09,N/A - From RDC,7-Apr-10,3-Mar-10,3-Mar-10,ARV,Adult,SCMS from RDC,"Stavudine 30mg, capsules, 60 Caps",Stavudine,Generic,30mg,Capsule,60.0,7056.0,10301.76,1.46,0.02,"Strides, Bangalore, India.",No,See DN-1668 (ID#:83403),See DN-1668 (ID#:83403),22.21,,,,,,,,,,,,,,,,,,,,,,,,,,
85999,151-NG-T30,FPQ-11864,SO-44921,DN-3322,Nigeria,PMO - US,From RDC,N/A - From RDC,Air Charter,3/14/13,N/A - From RDC,20-Sep-13,12-Sep-13,12-Sep-13,ARV,Adult,SCMS from RDC,"Efavirenz 600mg, tablets, 30 Tabs",Efavirenz,Generic,600mg,Tablet,30.0,8917.0,29693.61,3.33,0.11,"Aurobindo Unit III, India",Yes,857,34218.36,36.73,,,,,,,,,,,,,,,,,,,,,,,,,,
12830,,,,,Kenya,,,,,,N/A - From RDC,,,,,,SCMS from RDC,,Efavirenz,Generic,600mg,,,,,,,,,,,,127-KE-T01,SO-21980,DN-1049,PMO - US,From RDC,N/A - From RDC,Air,Pre-PQ Process,15-Jan-09,15-Jan-09,15-Jan-09,ARV,Adult,"Efavirenz 600mg, tablets, 30 Tabs",Tablet,30.0,3770.0,37.7,0.01,0.0,"Aurobindo Unit III, India",Yes,Weight Captured Separately,Invoiced Separately,0.07,Pre-PQ Process
11346,,Pre-PQ Process,,,Nigeria,,,,,,N/A - From RDC,,,,,,SCMS from RDC,,Emtricitabine/Tenofovir Disoproxil Fumarate,Truvada,300/200mg,,,,,,,,,,,,151-NG-T01,SO-27817,DN-1367,PMO - US,From RDC,N/A - From RDC,Air Charter,Date Not Captured,4-Aug-09,4-Aug-09,4-Aug-09,ARV,Adult,"Emtricitabine/Tenofovir Disoproxil Fumarate 200/300mg [Truvada], tablets, 30 Tabs",Tablet - FDC,30.0,8462.0,222127.5,26.25,0.88,"Aspen-OSD, Port Elizabeth, SA",Yes,1225,7445.71,435.37,
84184,,FPQ-8464,,,Zimbabwe,,,,,,N/A - From RDC,,,,,,SCMS from RDC,,Lamivudine/Stavudine,Generic,150/30mg,,,,,,,,,,,,113-ZW-T30,SO-40892,DN-2802,PMO - US,From RDC,N/A - From RDC,Truck,10/4/2011,16-Oct-12,4-Sep-12,4-Sep-12,ARV,Adult,"Lamivudine/Stavudine 150/30mg, tablets, 60 Tabs",Tablet - FDC,60.0,4451.0,13130.45,2.95,0.05,"Strides, Bangalore, India.",Yes,228,7423.38,21.67,
86451,,,,,Haiti,,,,,,N/A - From RDC,,,,,,SCMS from RDC,,Lamivudine/Stavudine,Generic,150/30mg,,,,,,,,,,,,106-HT-T30,SO-41320,DN-2521,PMO - US,From RDC,N/A - From RDC,Air,12/20/2011,30-Mar-12,13-Feb-12,13-Feb-12,ARV,Adult,"Lamivudine/Stavudine 150/30mg, tablets, 60 Tabs",Tablet - FDC,60.0,432.0,1274.4,2.95,0.05,"Strides, Bangalore, India.",No,See DN-2521 (ID#:84704),See DN-2521 (ID#:84704),1.79,FPQ-9056
34319,,FPQ-14995,,,Nigeria,,,,,,10/29/2014,,,,,,"Orgenics, Ltd",,"HIV 1/2, Determine Complete HIV Kit",Determine,,,,,,,,,,,,,133-NG-T30,SCMS-260700,ASN-29932,PMO - US,Direct Drop,EXW,Air,9/22/2014,19-Jan-15,19-Jan-15,22-Jan-15,HRDT,HIV test,"HIV 1/2, Determine Complete HIV Kit, 100 Tests",Test kit,100.0,3176.0,282664.0,89.0,0.89,"Alere Medical Co., Ltd.",Yes,1288,16002.97,290.58,
84019,,FPQ-5173,,,Tanzania,,,,,,N/A - From RDC,,,,,,SCMS from RDC,,Abacavir,Generic,300mg,,,,,,,,,,,,109-TZ-T30,SO-36030,DN-1927,PMO - US,From RDC,N/A - From RDC,Air,2/23/2010,19-Jul-10,4-Aug-10,4-Aug-10,ARV,Adult,"Abacavir 300mg, tablets, 60 Tabs",Tablet,60.0,23358.0,400356.12,17.14,0.29,Mylan (formerly Matrix) Nashik,Yes,2344,9309.52,863.17,
58491,101-CD-T30,FPQ-15736,SCMS-275290,ASN-30748,"Congo, DRC",PMO - US,Direct Drop,EXW,Air,1/26/15,2/9/15,3-Apr-15,3-Apr-15,15-Apr-15,ANTM,Malaria,AMSTELFARMA B.V.,"Sulfadoxine/Pyrimethamine 500/25mg, tablets, 1000 Tabs",Sulfadoxine/Pyrimethamine,Generic,500/25mg,Tablet - FDC,1000.0,580.0,19198.0,33.1,0.03,"Micro Labs, Hosur, India",Yes,500,3958.28,22.6,,,,,,,,,,,,,,,,,,,,,,,,,,
33812,116-ZA-T30,FPQ-14942,SCMS-259075,ASN-32138,South Africa,PMO - US,Direct Drop,DDP,Truck,9/11/14,5/11/15,12-May-15,12-May-15,12-May-15,ARV,Pediatric,PHARMACY DIRECT,"Lamivudine 10mg/ml, oral solution, Bottle, 240 ml",Lamivudine,Generic,10mg/ml,Oral solution,240.0,3.0,15.5,5.17,0.02,"Aurobindo Unit III, India",No,Weight Captured Separately,Freight Included in Commodity Cost,0.02,,,,,,,,,,,,,,,,,,,,,,,,,,
85209,106-HT-T30,FPQ-7653,SO-39743,DN-2428,Haiti,PMO - US,From RDC,N/A - From RDC,Air,5/11/11,N/A - From RDC,31-Dec-11,20-Dec-11,20-Dec-11,ARV,Pediatric,SCMS from RDC,"Abacavir 20mg/ml, oral solution w/syringe, Bottle, 240 ml",Abacavir,Generic,20mg/ml,Oral solution,240.0,320.0,4000.0,12.5,0.05,"Aurobindo Unit III, India",Yes,122,2053.52,6.6,,,,,,,,,,,,,,,,,,,,,,,,,,
85104,151-NG-T30,FPQ-4537,SO-34916,DN-1779,Nigeria,PMO - US,From RDC,N/A - From RDC,Air Charter,11/6/09,N/A - From RDC,31-May-10,18-May-10,18-May-10,ARV,Adult,SCMS from RDC,"Efavirenz 600mg, tablets, 30 Tabs",Efavirenz,Generic,600mg,Tablet,30.0,3500.0,16625.0,4.75,0.16,"Aurobindo Unit III, India",Yes,309,9736.1,35.84,,,,,,,,,,,,,,,,,,,,,,,,,,
83752,,,,,Mozambique,,,,,,N/A - From RDC,,,,,,SCMS from RDC,,Efavirenz/Lamivudine/Tenofovir Disoproxil Fumarate,Generic,600/300/300mg,,,,,,,,,,,,111-MZ-T30,SO-45896,DN-3483,PMO - US,From RDC,N/A - From RDC,Truck,6/28/2013,31-Jan-14,10-Feb-14,17-Mar-14,ARV,Adult,"Efavirenz/Lamivudine/Tenofovir Disoproxil Fumarate 600/300/300mg, tablets, 30 Tabs",Tablet - FDC,30.0,66054.0,736502.1,11.15,0.37,Hetero Unit III Hyderabad IN,No,See DN-3483 (ID#:82633),See DN-3483 (ID#:82633),911.05,FPQ-12416
11574,130-NG-T01,Pre-PQ Process,SO-17690,DN-1012,Nigeria,PMO - US,From RDC,N/A - From RDC,Air,Pre-PQ Process,N/A - From RDC,26-Nov-08,26-Nov-08,26-Nov-08,ARV,Adult,SCMS from RDC,"Lamivudine/Zidovudine 150/300mg, tablets, 60 Tabs",Lamivudine/Zidovudine,Generic,150/300mg,Tablet - FDC,60.0,2780.0,25993.0,9.35,0.16,"Aurobindo Unit III, India",Yes,262,2426.8,50.95,,,,,,,,,,,,,,,,,,,,,,,,,,
83572,151-NG-T30,FPQ-8952,SO-41263,DN-2564,Nigeria,PMO - US,From RDC,N/A - From RDC,Air Charter,12/8/11,N/A - From RDC,20-Jun-12,16-Feb-12,16-Feb-12,ARV,Adult,SCMS from RDC,"Lamivudine/Zidovudine 150/300mg, tablets, 60 Tabs",Lamivudine/Zidovudine,Generic,150/300mg,Tablet - FDC,60.0,99995.0,825958.7,8.26,0.14,"Aurobindo Unit III, India",Yes,11636,25231.96,1157.99,,,,,,,,,,,,,,,,,,,,,,,,,,
86417,,FPQ-8383,,,Zambia,,,,,,N/A - From RDC,,,,,,SCMS from RDC,,Emtricitabine/Tenofovir Disoproxil Fumarate,Generic,200/300mg,,,,,,,,,,,,110-ZM-T30,SO-40741,DN-2400,PMO - US,From RDC,N/A - From RDC,Truck,9/11/2011,19-Jan-12,4-Nov-11,4-Nov-11,ARV,Adult,"Emtricitabine/Tenofovir Disoproxil Fumarate 200/300mg, tablets, 30 Tabs",Tablet - FDC,30.0,10015.0,89834.55,8.97,0.3,Mylan (formerly Matrix) Nashik,Yes,819,2882.6,148.23,
82916,,FPQ-5623,,,Côte d'Ivoire,,,,,,N/A - From RDC,,,,,,SCMS from RDC,,Lamivudine,Generic,10mg/ml,,,,,,,,,,,,104-CI-T30,SO-36880,DN-2011,PMO - US,From RDC,N/A - From RDC,Air,5/7/2010,30-Sep-10,25-Sep-10,25-Sep-10,ARV,Pediatric,"Lamivudine 10mg/ml, oral solution, Bottle, 240 ml",Oral solution,240.0,4970.0,9592.1,1.93,0.01,"Cipla, Goa, India",No,See DN-2011 (ID#:82350),See DN-2011 (ID#:82350),20.68,
47870,,FPQ-8261,,,Sudan,,,,,,9/7/2011,,,,,,"Trinity Biotech, Plc",,"HIV 1/2, Uni-Gold HIV Kit",Uni-Gold,,,,,,,,,,,,,102-SD-T30,SCMS-120462,ASN-12337,PMO - US,Direct Drop,EXW,Air,8/29/2011,11-Jan-12,11-Jan-12,11-Jan-12,HRDT,HIV test,"HIV 1/2, Uni-Gold HIV Kit, 20 Tests",Test kit,20.0,39.0,1248.0,32.0,1.6,"Trinity Biotech, Plc",Yes,13,581.73,2.06,
82322,,FPQ-5668,,,Ethiopia,,,,,,N/A - From RDC,,,,,,SCMS from RDC,,Nevirapine,Generic,200mg,,,,,,,,,,,,117-ET-T30,SO-36810,DN-1844,PMO - US,From RDC,N/A - From RDC,Air,5/7/2010,1-Jun-10,31-May-10,31-May-10,ARV,Adult,"Nevirapine 200mg, tablets, 60 Tabs",Tablet,60.0,11000.0,29260.0,2.66,0.04,"Aurobindo Unit III, India",Yes,1070,6153.8,63.08,
10549,,Pre-PQ Process,,,Mozambique,,,,,,N/A - From RDC,,,,,,SCMS from RDC,,Saquinavir,Invirase,200mg,,,,,,,,,,,,111-MZ-T01,SO-293,DN-44,PMO - US,From RDC,N/A - From RDC,Air,Pre-PQ Process,17-Apr-07,17-Apr-07,17-Apr-07,ARV,Adult,"Saquinavir 200mg [Invirase], capsules, 270 Caps",Capsule,270.0,470.0,35856.3,76.29,0.28,Roche Basel,Yes,Weight Captured Separately,7364.3,,
84756,,,,,Mozambique,,,,,,N/A - From RDC,,,,,,SCMS from RDC,,Efavirenz,Generic,600mg,,,,,,,,,,,,111-MZ-T30,SO-42831,DN-2864,PMO - US,From RDC,N/A - From RDC,Truck,6/28/2012,30-Nov-12,10-Oct-12,10-Oct-12,ARV,Adult,"Efavirenz 600mg, tablets, 30 Tabs",Tablet,30.0,22122.0,84284.82,3.81,0.13,"Strides, Bangalore, India.",Yes,1409,3855.95,118.17,FPQ-10210
85871,111-MZ-T30,FPQ-9506,SO-41780,DN-2717,Mozambique,PMO - US,From RDC,N/A - From RDC,Truck,3/16/12,N/A - From RDC,7-Aug-12,24-Jul-12,24-Jul-12,ARV,Pediatric,SCMS from RDC,"Zidovudine 10mg/ml, oral solution w/syringe, Bottle, 240 ml",Zidovudine,Generic,10mg/ml,Oral solution,240.0,1600.0,3360.0,2.1,0.01,"Aurobindo Unit III, India",No,See DN-2717 (ID#:83598),See DN-2717 (ID#:83598),4.71,,,,,,,,,,,,,,,,,,,,,,,,,,
37334,116-ZA-T30,FPQ-12523,SCMS-199310,ASN-29450,South Africa,PMO - US,Direct Drop,DDP,Truck,7/12/13,8/13/13,19-Nov-14,19-Nov-14,19-Nov-14,ARV,Adult,S. BUYS WHOLESALER,"Saquinavir 200mg [Invirase], capsules, 270 Caps",Saquinavir,Invirase,200mg,Capsule,270.0,30.0,2542.45,84.75,0.31,Roche Madrid,No,Weight Captured Separately,Freight Included in Commodity Cost,3.15,,,,,,,,,,,,,,,,,,,,,,,,,,
86003,107-RW-T30,FPQ-12766,SO-46470,DN-3351,Rwanda,PMO - US,From RDC,N/A - From RDC,Air,8/2/13,N/A - From RDC,31-Oct-13,24-Oct-13,19-Nov-13,ARV,Adult,SCMS from RDC,"Abacavir/Lamivudine 600/300mg, scored tablets, 30 Tabs",Abacavir/Lamivudine,Generic,600/300mg,Tablet - FDC,30.0,3316.0,44832.32,13.52,0.45,Mylan (formerly Matrix) Nashik,Yes,292,2593.56,55.46,,,,,,,,,,,,,,,,,,,,,,,,,,
12798,112-NG-T01,Pre-PQ Process,SO-2356,DN-801,Nigeria,PMO - US,From RDC,N/A - From RDC,Air,Pre-PQ Process,N/A - From RDC,30-Jun-08,30-Jun-08,30-Jun-08,ARV,Adult,SCMS from RDC,"Tenofovir Disoproxil Fumarate 300mg [Viread], tablets, 30 Tabs",Tenofovir Disoproxil Fumarate,Viread,300mg,Tablet,30.0,48.0,816.0,17.0,0.57,"Aspen-OSD, Port Elizabeth, SA",Yes,4,213.75,1.31,,,,,,,,,,,,,,,,,,,,,,,,,,
67925,,FPQ-14942,,,South Africa,,,,,,8/24/2015,,,,,,PHARMACY DIRECT,,Nevirapine,Generic,200mg,,,,,,,,,,,,116-ZA-T30,SCMS-295800,ASN-33865,PMO - US,Direct Drop,DDP,Truck,9/11/2014,24-Aug-15,24-Aug-15,24-Aug-15,ARV,Adult,"Nevirapine 200mg, tablets, 60 Tabs",Tablet,60.0,18.0,247.28,13.74,0.23,"Aurobindo Unit III, India",No,Weight Captured Separately,Freight Included in Commodity Cost,0.25,
56194,,,,,Zimbabwe,,,,,,5/12/2014,,,,,,CIPLA LIMITED,,Lamivudine/Tenofovir Disoproxil Fumarate,Generic,300/300mg,,,,,,,,,,,,113-ZW-T30,SCMS-234730,ASN-26146,PMO - US,Direct Drop,EXW,Air Charter,4/1/2014,14-Jun-14,14-Jun-14,16-Jun-14,ARV,Adult,"Lamivudine/Tenofovir Disoproxil Fumarate 300/300mg, tablets, 30 Tabs",Tablet - FDC,30.0,25811.0,118472.49,4.59,0.15,"Cipla, Kurkumbh, India",Yes,2829,24936.5,121.79,FPQ-13939
9096,,,,,Kenya,,,,,,4/4/2009,,,,,,"Standard Diagnostics, Inc.",,"HIV 1/2, Bioline 3.0 Kit (no accessories)",Bioline,,,,,,,,,,,,,102-KE-T01,SCMS-42990,ASN-3894,PMO - US,Direct Drop,EXW,Air,Pre-PQ Process,20-May-09,20-May-09,20-May-09,HRDT,HIV test,"HIV 1/2, Bioline 3.0 Kit, (no accessories), 30 Tests",Test kit,30.0,5000.0,120000.0,24.0,0.8,"Standard Diagnostics, Korea",Yes,1558,11653.64,235.2,Pre-PQ Process
84511,,,,,Côte d'Ivoire,,,,,,N/A - From RDC,,,,,,SCMS from RDC,,Zidovudine,Generic,100mg,,,,,,,,,,,,104-CI-T30,SO-34411,DN-1545,PMO - US,From RDC,N/A - From RDC,Air,10/15/2009,4-Dec-09,2-Dec-09,2-Dec-09,ARV,Pediatric,"Zidovudine 100mg, capsules, 100 Caps",Capsule,100.0,284.0,1420.0,5.0,0.05,"Aurobindo Unit III, India",Yes,22,1211.49,2.78,FPQ-4378
56898,,,,,Sudan,,,,,,9/14/2011,,,,,,"Orgenics, Ltd",,"HIV 1/2, Determine Complete HIV Kit",Determine,,,,,,,,,,,,,102-SD-T30,SCMS-120451,ASN-13274,PMO - US,Direct Drop,EXW,Air,8/29/2011,3-Feb-12,3-Feb-12,3-Feb-12,HRDT,HIV test,"HIV 1/2, Determine Complete HIV Kit, 100 Tests",Test kit,100.0,116.0,10324.0,89.0,0.89,"Alere Medical Co., Ltd.",Yes,45,1961.65,17.03,FPQ-8261
84874,,FPQ-12587,,,Tanzania,,,,,,N/A - From RDC,,,,,,SCMS from RDC,,Lamivudine/Nevirapine/Stavudine,Generic,30/50/6mg,,,,,,,,,,,,109-TZ-T30,SO-45995,DN-3458,PMO - US,From RDC,N/A - From RDC,Truck,7/4/2013,31-Dec-13,25-Feb-14,13-Mar-14,ARV,Pediatric,"Lamivudine/Nevirapine/Stavudine 30/50/6mg, dispersible tablets, 60 Tabs",Chewable/dispersible tablet - FDC,60.0,9301.0,21392.3,2.3,0.04,"Cipla, Goa, India",No,See DN-3458 (ID#:83196),See DN-3458 (ID#:83196),26.46,
82884,,FPQ-4659,,,Côte d'Ivoire,,,,,,N/A - From RDC,,,,,,SCMS from RDC,,Emtricitabine/Tenofovir Disoproxil Fumarate,Truvada,300/200mg,,,,,,,,,,,,104-CI-T30,SO-35600,DN-1825,PMO - US,From RDC,N/A - From RDC,Air,12/8/2009,31-May-10,20-May-10,20-May-10,ARV,Adult,"Emtricitabine/Tenofovir Disoproxil Fumarate 200/300mg [Truvada], tablets, 30 Tabs",Tablet - FDC,30.0,3120.0,81900.0,26.25,0.88,"Aspen-OSD, Port Elizabeth, SA",Yes,798,2941.11,176.58,
12120,,,,,Mozambique,,,,,,N/A - From RDC,,,,,,SCMS from RDC,,"HIV 1/2, Uni-Gold HIV Kit",Uni-Gold,,,,,,,,,,,,,111-MZ-T01,SO-1064,DN-415,PMO - US,From RDC,N/A - From RDC,Air,Pre-PQ Process,30-Nov-07,30-Nov-07,30-Nov-07,HRDT,HIV test,"HIV 1/2, Uni-Gold HIV Kit, 20 Tests",Test kit,20.0,3480.0,111360.0,32.0,1.6,"Trinity Biotech, Plc",Yes,2766,10698.63,178.18,Pre-PQ Process
36204,106-HT-T30,FPQ-12590,SCMS-210450,ASN-23820,Haiti,PMO - US,Direct Drop,FCA,Air,8/21/13,10/22/13,28-Feb-14,28-Feb-14,3-Mar-14,ARV,Pediatric,ABBVIE LOGISTICS (FORMERLY ABBOTT LOGISTICS BV),"Lopinavir/Ritonavir 80/20mg/ml [Kaletra], oral solution, cool, Bottle 5 x 60 ml",Lopinavir/Ritonavir,Kaletra,80/20mg/ml,Oral solution,300.0,10.0,308.2,30.82,0.1,ABBVIE (Abbott) Logis. UK,Yes,38,1347,0.38,,,,,,,,,,,,,,,,,,,,,,,,,,
39088,,FPQ-12803,,,Nigeria,,,,,,9/17/2013,,,,,,ABBVIE LOGISTICS (FORMERLY ABBOTT LOGISTICS BV),,Lopinavir/Ritonavir,Generic,100/25mg,,,,,,,,,,,,151-NG-T30,SCMS-206330,ASN-23373,PMO - US,Direct Drop,FCA,Air,8/13/2013,30-Dec-13,30-Dec-13,30-Dec-13,ARV,Pediatric,"Lopinavir/Ritonavir 100/25mg [Aluvia], tablets, 60 Tabs",Tablet,60.0,5513.0,32747.22,5.94,0.1,ABBVIE Ludwigshafen Germany,Yes,640,6185.25,40.51,
28825,,FPQ-3859,,,Rwanda,,,,,,7/16/2009,,,,,,HETERO LABS LIMITED,,Nevirapine,Generic,200mg,,,,,,,,,,,,107-RW-T30,SCMS-48851,ASN-4860,PMO - US,Direct Drop,CIP,Air,6/30/2009,8-Sep-09,8-Sep-09,8-Sep-09,ARV,Adult,"Nevirapine 200mg, tablets, 60 Tabs",Tablet,60.0,12000.0,37080.0,3.09,0.05,Hetero Unit III Hyderabad IN,Yes,708,3891.2,72.68,
11555,113-ZW-T01,Pre-PQ Process,SO-2502,DN-813,Zimbabwe,PMO - US,From RDC,N/A - From RDC,Truck,Pre-PQ Process,N/A - From RDC,26-Jul-08,26-Jul-08,26-Jul-08,ARV,Adult,SCMS from RDC,"Efavirenz 600mg, tablets, 30 Tabs",Efavirenz,Generic,600mg,Tablet,30.0,4000.0,48040.0,12.01,0.4,"Aurobindo Unit III, India",No,See DN-813 (ID#:10979),See DN-813 (ID#:10979),76.86,,,,,,,,,,,,,,,,,,,,,,,,,,
12059,111-MZ-T01,Pre-PQ Process,SO-379,DN-183,Mozambique,PMO - US,From RDC,N/A - From RDC,Air,Pre-PQ Process,N/A - From RDC,4-Jul-07,4-Jul-07,4-Jul-07,ARV,Adult,SCMS from RDC,"Abacavir/Lamivudine/Zidovudine 300/150/300mg [Trizivir], tablets, 60 Tabs",Abacavir/Lamivudine/Zidovudine,Trizivir,300/150/300mg,Tablet - FDC,60.0,1019.0,71330.0,70.0,1.17,GSK Ware (UK),Yes,138,439.17,,,,,,,,,,,,,,,,,,,,,,,,,,,
3354,117-ET-T01,Pre-PQ Process,SCMS-28690,ASN-2840,Ethiopia,PMO - US,Direct Drop,EXW,Air,Pre-PQ Process,8/22/08,17-Nov-08,17-Nov-08,17-Nov-08,HRDT,HIV test,"SHANGHAI KEHUA BIOENGINEERING CO.,LTD.  (KHB)","HIV 1/2, SKB Colloidal Gold, Diagnostic Kit, Antibody, 50 Tests","HIV 1/2, Colloidal Gold, Diagnostic Kit, Antibody",Colloidal Gold,,Test kit,1.0,6998.0,160954.0,23.0,23.0,"KHB Test Kit Facility, Shanghai China",Yes,4913,46117.09,315.47,,,,,,,,,,,,,,,,,,,,,,,,,,
83546,,FPQ-8303,,,Tanzania,,,,,,N/A - From RDC,,,,,,SCMS from RDC,,Nevirapine,Generic,10mg/ml,,,,,,,,,,,,109-TZ-T30,SO-40521,DN-2412,PMO - US,From RDC,N/A - From RDC,Truck,8/22/2011,29-Dec-11,12-Dec-11,12-Dec-11,ARV,Pediatric,"Nevirapine 10mg/ml, oral suspension w/syringe, Bottle, 240 ml",Oral suspension,240.0,15000.0,29250.0,1.95,0.01,"Aurobindo Unit III, India",Yes,5641,45291.49,48.26,
84152,,FPQ-8624,,,South Sudan,,,,,,N/A - From RDC,,,,,,SCMS from RDC,,Lamivudine,Generic,150mg,,,,,,,,,,,,900-SS-T30,SO-41080,DN-2581,PMO - US,From RDC,N/A - From RDC,Air,11/4/2011,21-Mar-12,8-Mar-12,8-Mar-12,ARV,Adult,"Lamivudine 150mg, tablets, 60 Tabs",Tablet,60.0,200.0,466.0,2.33,0.04,Macleods Daman Plant INDIA,No,See DN-2581 (ID#:82457),See DN-2581 (ID#:82457),0.65,
25767,102-MW-T30,FPQ-11638,SCMS-179350,ASN-19144,Malawi,PMO - US,Direct Drop,EXW,Air,2/22/13,3/14/13,30-Apr-13,30-Apr-13,30-Apr-13,HRDT,HIV test,"Orgenics, Ltd","HIV 1/2, Determine Complete HIV Kit, 100 Tests","HIV 1/2, Determine Complete HIV Kit",Determine,,Test kit,100.0,461.0,36880.0,80.0,0.8,"Alere Medical Co., Ltd.",Yes,207,5248.93,45.62,,,,,,,,,,,,,,,,,,,,,,,,,,
57862,,FPQ-13973,,,South Africa,,,,,,11/4/2014,,,,,,PHARMACY DIRECT,,Efavirenz,Generic,200mg,,,,,,,,,,,,116-ZA-T30,SCMS-238555,ASN-29257,PMO - US,Direct Drop,DDP,Truck,4/30/2014,5-Nov-14,5-Nov-14,5-Nov-14,ARV,Pediatric,"Efavirenz 200mg, capsule, 90 Caps",Capsule,90.0,46.0,1085.01,23.59,0.26,"Aurobindo Unit III, India",No,Weight Captured Separately,Freight Included in Commodity Cost,1.12,
50893,,FPQ-6708,,,South Africa,,,,,,12/14/2010,,,,,,GLAXOSMITHKLINE EXPORT LIMITED,,Abacavir,Ziagen,20mg/ml,,,,,,,,,,,,161-ZA-T30,SCMS-93470,ASN-11007,PMO - US,Direct Drop,DDP,Air,11/26/2010,11-Jul-11,11-Jul-11,11-Jul-11,ARV,Pediatric,"Abacavir 20mg/ml [Ziagen], oral solution, Bottle, 240 ml",Oral solution,240.0,32000.0,320640.0,10.02,0.04,GSK Mississauga (Canada),Yes,12374,11865.62,529.06,
82805,,FPQ-16158,,,"Congo, DRC",,,,,,N/A - From RDC,,,,,,SCMS from RDC,,Lamivudine/Zidovudine,Generic,150/300mg,,,,,,,,,,,,101-CD-T30,SO-51280,DN-4284,PMO - US,From RDC,N/A - From RDC,Air,3/31/2015,17-Aug-15,7-Aug-15,11-Aug-15,ARV,Adult,"Lamivudine/Zidovudine 150/300mg, tablets, 60 Tabs",Tablet - FDC,60.0,11700.0,76284.0,6.52,0.11,Hetero Unit III Hyderabad IN,Yes,Weight Captured Separately,Invoiced Separately,89.79,
86599,111-MZ-T30,FPQ-12416,SO-45891,DN-3303,Mozambique,PMO - US,From RDC,N/A - From RDC,Truck,6/28/13,N/A - From RDC,29-Nov-13,12-Oct-13,27-Nov-13,ARV,Adult,SCMS from RDC,"Tenofovir Disoproxil Fumarate 300mg, tablets, 30 Tabs",Tenofovir Disoproxil Fumarate,Generic,300mg,Tablet,30.0,720.0,2908.8,4.04,0.13,Mylan (formerly Matrix) Nashik,Yes,52,504.5,3.6,,,,,,,,,,,,,,,,,,,,,,,,,,
57449,,FPQ-14516,,,Vietnam,,,,,,8/11/2014,,,,,,ABBVIE LOGISTICS (FORMERLY ABBOTT LOGISTICS BV),,Lopinavir/Ritonavir,Aluvia,200/50mg,,,,,,,,,,,,108-VN-T30,SCMS-249030,ASN-29588,PMO - US,Direct Drop,FCA,Air,7/9/2014,15-Jan-15,15-Jan-15,22-Jan-15,ARV,Adult,"Lopinavir/Ritonavir 200/50mg [Aluvia], tablets, 120 Tabs",Tablet,120.0,4400.0,267608.0,60.82,0.51,ABBVIE Ludwigshafen Germany,Yes,1073,1475.94,275.1,
16656,,,,,Vietnam,,,,,,10/10/2013,,,,,,ABBVIE LOGISTICS (FORMERLY ABBOTT LOGISTICS BV),,Lopinavir/Ritonavir,Aluvia,200/50mg,,,,,,,,,,,,108-VN-T30,SCMS-210020,ASN-24764,PMO - US,Direct Drop,FCA,Air,10/4/2013,4-Apr-14,4-Apr-14,5-Apr-14,ARV,Adult,"Lopinavir/Ritonavir 200/50mg [Aluvia], tablets, 120 Tabs",Tablet,120.0,1969.0,119754.58,60.82,0.51,ABBVIE Ludwigshafen Germany,Yes,484,1565.1,148.14,FPQ-13034
83176,,,,,Burundi,,,,,,N/A - From RDC,,,,,,SCMS from RDC,,Lamivudine/Tenofovir Disoproxil Fumarate,Generic,300/300mg,,,,,,,,,,,,102-BI-T30,SO-46030,DN-3382,PMO - US,From RDC,N/A - From RDC,Air,7/9/2013,15-Nov-13,22-Nov-13,27-Nov-13,ARV,Adult,"Lamivudine/Tenofovir Disoproxil Fumarate 300/300mg, tablets, 30 Tabs",Tablet - FDC,30.0,1920.0,9024.0,4.7,0.16,Mylan (formerly Matrix) Nashik,Yes,160,1527.29,11.16,FPQ-12602
85896,,FPQ-9355,,,Uganda,,,,,,N/A - From RDC,,,,,,SCMS from RDC,,Lamivudine/Zidovudine,Generic,150/300mg,,,,,,,,,,,,114-UG-T30,SO-41595,DN-2828,PMO - US,From RDC,N/A - From RDC,Truck,2/20/2012,24-Sep-12,24-Sep-12,24-Sep-12,ARV,Adult,"Lamivudine/Zidovudine 150/300mg, tablets, 60 Tabs",Tablet - FDC,60.0,1319.0,10552.0,8.0,0.13,Hetero Unit III Hyderabad IN,Yes,108,1618.01,14.79,
86458,,FPQ-8157,,,Mozambique,,,,,,N/A - From RDC,,,,,,SCMS from RDC,,Lamivudine/Nevirapine/Stavudine,Generic,150/200/30mg,,,,,,,,,,,,111-MZ-T30,SO-40381,DN-2590,PMO - US,From RDC,N/A - From RDC,Truck,8/4/2011,7-May-12,24-May-12,24-May-12,ARV,Adult,"Lamivudine/Nevirapine/Stavudine 150/200/30mg, tablets, 60 Tabs",Tablet - FDC,60.0,25394.0,136619.72,5.38,0.09,"Strides, Bangalore, India.",No,See DN-2590 (ID#:83019),See DN-2590 (ID#:83019),225.42,
36880,,FPQ-12522,,,South Africa,,,,,,8/27/2014,,,,,,S. BUYS WHOLESALER,,Abacavir,Generic,300mg,,,,,,,,,,,,116-ZA-T30,SCMS-199283,ASN-27980,PMO - US,Direct Drop,DDP,Truck,7/11/2013,27-Aug-14,27-Aug-14,27-Aug-14,ARV,Adult,"Abacavir 300mg, tablets, 60 Tabs",Tablet,60.0,45.0,3471.61,77.15,1.29,"Aurobindo Unit III, India",No,Weight Captured Separately,Freight Included in Commodity Cost,4.29,
24285,,,,,South Africa,,,,,,10/3/2014,,,,,,PHARMACY DIRECT,,Didanosine,Generic,250mg,,,,,,,,,,,,116-ZA-T30,SCMS-238554,ASN-28627,PMO - US,Direct Drop,DDP,Truck,4/30/2014,3-Oct-14,3-Oct-14,3-Oct-14,ARV,Adult,"Didanosine 250mg, delayed-release capsules, 30 Caps",Delayed-release capsules,30.0,1.0,15.25,15.25,0.51,"Aurobindo Unit III, India",No,Weight Captured Separately,Freight Included in Commodity Cost,0.02,FPQ-13973
84083,110-ZM-T30,FPQ-6482,SO-38960,DN-2183,Zambia,PMO - US,From RDC,N/A - From RDC,Truck,10/15/10,N/A - From RDC,30-Apr-11,20-May-11,20-May-11,ARV,Adult,SCMS from RDC,"Lamivudine/Zidovudine 150/300mg, tablets, 60 Tabs",Lamivudine/Zidovudine,Generic,150/300mg,Tablet - FDC,60.0,120000.0,1026000.0,8.55,0.14,"Aurobindo Unit III, India",Yes,11057,12049.4,2212.06,,,,,,,,,,,,,,,,,,,,,,,,,,
77070,116-ZA-T30,FPQ-13973,SCMS-238552,ASN-27608,South Africa,PMO - US,Direct Drop,DDP,Truck,4/30/14,8/5/14,5-Aug-14,5-Aug-14,5-Aug-14,ARV,Adult,PHARMACY DIRECT,"Raltegravir 400mg [Isentress], tablets, 60 Tabs",Raltegravir,Isentress,400mg,Tablet,60.0,6.0,479.95,79.99,1.33,"MSD, Haarlem, NL",No,Weight Captured Separately,Freight Included in Commodity Cost,0.49,,,,,,,,,,,,,,,,,,,,,,,,,,
83647,,FPQ-11054,,,"Congo, DRC",,,,,,N/A - From RDC,,,,,,SCMS from RDC,,Lopinavir/Ritonavir,Generic,200/50mg,,,,,,,,,,,,101-CD-T30,SO-43680,DN-2981,PMO - US,From RDC,N/A - From RDC,Air,11/16/2012,11-Sep-13,11-Sep-13,11-Sep-13,ARV,Adult,"Lopinavir/Ritonavir 200/50mg, tablets, 120 Tabs",Tablet,120.0,159.0,3936.84,24.76,0.21,"Aurobindo Unit III, India",No,See DN-2981 (ID#:82538),See DN-2981 (ID#:82538),4.87,
58440,,FPQ-13973,,,South Africa,,,,,,5/8/2014,,,,,,PHARMACY DIRECT,,Efavirenz,Generic,50mg,,,,,,,,,,,,116-ZA-T30,SCMS-238550,ASN-30792,PMO - US,Direct Drop,DDP,Truck,4/30/2014,19-Feb-15,19-Feb-15,19-Feb-15,ARV,Pediatric,"Efavirenz 50mg, capsule, 30 Caps",Capsule,30.0,3.0,8.99,3.0,0.1,"Aurobindo Unit III, India",No,Weight Captured Separately,Freight Included in Commodity Cost,0.01,
66431,,,,,Uganda,,,,,,9/14/2009,,,,,,Hoffmann-La Roche ltd Basel,,Saquinavir,Invirase,500mg,,,,,,,,,,,,114-UG-T30,SCMS-52570,ASN-5536,PMO - US,Direct Drop,FCA,Air,10/21/2009,3-Dec-09,3-Dec-09,3-Dec-09,ARV,Adult,"Saquinavir 500mg [Invirase], tablets, 120 Tabs",Tablet,120.0,161.0,16125.1,100.16,0.83,Roche Basel,Yes,30,1072.35,34.77,FPQ-4482
81050,114-UG-T30,FPQ-12477,SCMS-198701,ASN-21881,Uganda,PMO - US,Direct Drop,EXW,Ocean,7/8/13,9/10/13,7-Nov-13,7-Nov-13,13-Nov-13,ARV,Adult,STRIDES ARCOLAB LIMITED,"Efavirenz 600mg, tablets, 30 Tabs",Efavirenz,Generic,600mg,Tablet,30.0,63652.0,203049.88,3.19,0.11,"Strides, Bangalore, India.",Yes,3963,12961.76,251.17,,,,,,,,,,,,,,,,,,,,,,,,,,
83557,105-GY-T30,FPQ-8620,SO-41000,DN-2503,Guyana,PMO - US,From RDC,N/A - From RDC,Air,10/27/11,N/A - From RDC,30-Mar-12,4-Feb-12,4-Feb-12,ARV,Pediatric,SCMS from RDC,"Efavirenz 200mg, capsule, 90 Caps",Efavirenz,Generic,200mg,Capsule,90.0,153.0,1357.11,8.87,0.1,"Aurobindo Unit III, India",No,See DN-2503 (ID#:83007),See DN-2503 (ID#:83007),1.9,,,,,,,,,,,,,,,,,,,,,,,,,,
61896,102-ML-T30,FPQ-11783,SCMS-182800,ASN-19649,Mali,PMO - US,Direct Drop,EXW,Air,3/15/13,4/11/13,11-Jun-13,11-Jun-13,11-Jun-13,HRDT,HIV test - Ancillary,"Orgenics, Ltd","HIV, Lancet, Safety, for HIV Test kits, 100 Pcs","HIV, Lancet, Safety, for HIV Test kits, 100 Pcs",Generic,,Test kit - Ancillary,100.0,21.0,105.0,5.0,0.05,"Alere Medical Co., Ltd.",No,See ASN-19649 (ID#:15382),See ASN-19649 (ID#:15382),0.13,,,,,,,,,,,,,,,,,,,,,,,,,,
11545,109-TZ-T01,Pre-PQ Process,SO-1651,DN-636,Tanzania,PMO - US,From RDC,N/A - From RDC,Air,Pre-PQ Process,N/A - From RDC,1-Apr-08,1-Apr-08,1-Apr-08,ARV,Pediatric,SCMS from RDC,"Didanosine 100mg, chewable/dispersible tablets, 60 Tabs",Didanosine,Generic,100mg,Chewable/dispersible tablet,60.0,9367.0,72594.25,7.75,0.13,"Aurobindo Unit III, India",Yes,1955,6923.3,116.15,,,,,,,,,,,,,,,,,,,,,,,,,,
60160,,,,,Haiti,,,,,,8/19/2009,,,,,,ABBVIE LOGISTICS (FORMERLY ABBOTT LOGISTICS BV),,Lopinavir/Ritonavir,Generic,100/25mg,,,,,,,,,,,,106-HT-T30,SCMS-51130,ASN-4983,PMO - US,Direct Drop,FCA,Air,7/29/2009,6-Oct-09,6-Oct-09,6-Oct-09,ARV,Pediatric,"Lopinavir/Ritonavir 100/25mg [Aluvia], tablets, 60 Tabs",Tablet,60.0,90.0,925.2,10.28,0.17,ABBVIE Ludwigshafen Germany,Yes,17,693.54,1.81,FPQ-3948
11680,,Pre-PQ Process,,,Uganda,,,,,,N/A - From RDC,,,,,,SCMS from RDC,,Lamivudine/Zidovudine,Generic,150/300mg,,,,,,,,,,,,114-UG-T01,SO-32150,DN-1418,PMO - US,From RDC,N/A - From RDC,Air,Date Not Captured,11-Sep-09,11-Sep-09,11-Sep-09,ARV,Adult,"Lamivudine/Zidovudine 150/300mg, tablets, 60 Tabs",Tablet - FDC,60.0,13000.0,113880.0,8.76,0.15,Mylan (formerly Matrix) Nashik,Yes,1051,6575.7,223.2,
69006,,,,,Zambia,,,,,,9/22/2011,,,,,,"Orgenics, Ltd",,"HIV 1/2, Determine Complete HIV Kit",Determine,,,,,,,,,,,,,110-ZM-T30,SCMS-120570,ASN-13033,PMO - US,Direct Drop,EXW,Air,8/31/2011,20-Dec-11,16-Dec-11,16-Dec-11,HRDT,HIV test,"HIV 1/2, Determine Complete HIV Kit, 100 Tests",Test kit,100.0,2618.0,209440.0,80.0,0.8,"Alere Medical Co., Ltd.",Yes,1246,22614.24,345.58,FPQ-8315
83602,,FPQ-9888,,,Rwanda,,,,,,N/A - From RDC,,,,,,SCMS from RDC,,Lamivudine/Tenofovir Disoproxil Fumarate,Generic,300/300mg,,,,,,,,,,,,107-RW-T30,SO-42101,DN-2736,PMO - US,From RDC,N/A - From RDC,Air,5/11/2012,3-Sep-12,12-Jul-12,12-Jul-12,ARV,Adult,"Lamivudine/Tenofovir Disoproxil Fumarate 300/300mg, tablets, 30 Tabs",Tablet - FDC,30.0,35000.0,193900.0,5.54,0.18,Mylan (formerly Matrix) Nashik,Yes,2657,14332,271.85,
85530,,FPQ-14396,,,Uganda,,,,,,N/A - From RDC,,,,,,SCMS from RDC,,Abacavir/Lamivudine,Generic,600/300mg,,,,,,,,,,,,114-UG-T30,SO-48960,DN-3936,PMO - US,From RDC,N/A - From RDC,Air,6/4/2014,30-Sep-14,1-Oct-14,21-Oct-14,ARV,Adult,"Abacavir/Lamivudine 600/300mg, tablets, 30 Tabs",Tablet - FDC,30.0,3273.0,44250.96,13.52,0.45,"Cipla, Patalganga, India",Yes,389,2786.61,45.49,
12797,106-HT-T01,Pre-PQ Process,SO-2042,DN-682,Haiti,PMO - US,From RDC,N/A - From RDC,Air,Pre-PQ Process,N/A - From RDC,21-Mar-08,21-Mar-08,21-Mar-08,ARV,Pediatric,SCMS from RDC,"Abacavir 20mg/ml, oral solution, Bottle, 240 ml",Abacavir,Generic,20mg/ml,Oral solution,240.0,128.0,2112.0,16.5,0.07,"Aurobindo Unit III, India",No,See DN-682 (ID#:10963),See DN-682 (ID#:10963),3.38,,,,,,,,,,,,,,,,,,,,,,,,,,
13748,104-CI-T30,FPQ-3885,SCMS-48620,ASN-4720,Côte d'Ivoire,PMO - US,Direct Drop,EXW,Air,6/19/09,7/7/09,11-Sep-09,11-Sep-09,11-Sep-09,HRDT,HIV test,"CHEMBIO DIAGNOSTIC SYSTEMS, INC.","HIV 1/2, Stat-Pak HIV, Kit, 20 Tests","HIV 1/2, Stat-Pak HIV, Kit",Stat-Pak,,Test kit,20.0,350.0,9450.0,27.0,1.35,Chembio Diagnostics Sys. Inc.,Yes,205,1437.4,18.52,,,,,,,,,,,,,,,,,,,,,,,,,,
30030,,FPQ-5899,,,Vietnam,,,,,,7/1/2010,,,,,,Aurobindo Pharma Limited,,Zidovudine,Generic,300mg,,,,,,,,,,,,108-VN-T30,SCMS-77250,ASN-8909,PMO - US,Direct Drop,EXW,Air,6/23/2010,8-Dec-10,8-Dec-10,8-Dec-10,ARV,Adult,"Zidovudine 300mg, tablets, 60 Tabs",Tablet,60.0,168.0,1218.0,7.25,0.12,"Aurobindo Unit III, India",No,See ASN-8909 (ID#:19905),See ASN-8909 (ID#:19905),2.63,
82650,,,,,Tanzania,,,,,,N/A - From RDC,,,,,,SCMS from RDC,,Efavirenz/Lamivudine/Tenofovir Disoproxil Fumarate,Generic,600/300/300mg,,,,,,,,,,,,109-TZ-T30,SO-45742,DN-3532,PMO - US,From RDC,N/A - From RDC,Truck,5/16/2013,31-Jan-14,19-Feb-14,24-Feb-14,ARV,Adult,"Efavirenz/Lamivudine/Tenofovir Disoproxil Fumarate 600/300/300mg, tablets, 30 Tabs",Tablet - FDC,30.0,46066.0,500737.42,10.87,0.36,Mylan (formerly Matrix) Nashik,Yes,5175,3541.59,619.41,FPQ-12354
84339,,,,,Mozambique,,,,,,N/A - From RDC,,,,,,SCMS from RDC,,Efavirenz/Lamivudine/Tenofovir Disoproxil Fumarate,Generic,600/300/300mg,,,,,,,,,,,,111-MZ-T30,SO-45900,DN-3564,PMO - US,From RDC,N/A - From RDC,Truck,6/28/2013,28-Mar-14,28-Mar-14,4-Apr-14,ARV,Adult,"Efavirenz/Lamivudine/Tenofovir Disoproxil Fumarate 600/300/300mg, tablets, 30 Tabs",Tablet - FDC,30.0,180194.0,1958708.78,10.87,0.36,"Aurobindo Unit VII, IN",Yes,13739,Freight Included in Commodity Cost,2422.92,FPQ-12421
10769,100-GH-T01,Pre-PQ Process,SO-30700,DN-1235,Ghana,PMO - US,From RDC,N/A - From RDC,Truck,Date Not Captured,N/A - From RDC,12-Aug-09,12-Aug-09,12-Aug-09,ARV,Adult,SCMS from RDC,"Abacavir 300mg, tablets, 60 Tabs",Abacavir,Generic,300mg,Tablet,60.0,6133.0,61.33,0.01,0.0,Mylan (formerly Matrix) Nashik,Yes,Weight Captured Separately,Invoiced Separately,0.12,,,,,,,,,,,,,,,,,,,,,,,,,,
62521,104-CI-T30,FPQ-3967,SCMS-52660,ASN-5864,Côte d'Ivoire,PMO - US,Direct Drop,EXW,Air,8/21/09,9/14/09,5-Feb-10,5-Feb-10,5-Feb-10,ARV,Adult,MYLAN LABORATORIES LTD (FORMERLY MATRIX LABORATORIES),"Abacavir/Lamivudine/Zidovudine 300/150/300mg, tablets, 60 Tabs",Abacavir/Lamivudine/Zidovudine,Generic,300/150/300mg,Tablet - FDC,60.0,2688.0,86016.0,32.0,0.53,Mylan (formerly Matrix) Nashik,Yes,421,4022.89,168.59,,,,,,,,,,,,,,,,,,,,,,,,,,
84856,105-GY-T30,FPQ-12619,SO-46080,DN-3334,Guyana,PMO - US,From RDC,N/A - From RDC,Air,7/16/13,N/A - From RDC,14-Oct-13,7-Oct-13,22-Oct-13,ARV,Adult,SCMS from RDC,"Lamivudine 150mg, tablets, 60 Tabs",Lamivudine,Generic,150mg,Tablet,60.0,140.0,278.6,1.99,0.03,Hetero Unit III Hyderabad IN,Yes,9,1118.22,0.34,,,,,,,,,,,,,,,,,,,,,,,,,,
77901,,FPQ-10765,,,Nigeria,,,,,,10/16/2012,,,,,,"Orgenics, Ltd",,"HIV 1/2, Determine Complete HIV Kit",Determine,,,,,,,,,,,,,133-NG-T30,SCMS-162440,ASN-18172,PMO - US,Direct Drop,EXW,Air,10/5/2012,9-Jan-13,21-Feb-13,21-Feb-13,HRDT,HIV test,"HIV 1/2, Determine Complete HIV Kit, 100 Tests",Test kit,100.0,2744.0,244216.0,89.0,0.89,"Alere Medical Co., Ltd.",Yes,1235,88176.17,342.39,
86618,114-UG-T30,FPQ-12253,SO-45570,DN-3385,Uganda,PMO - US,From RDC,N/A - From RDC,Truck,5/8/13,N/A - From RDC,29-Nov-13,13-Nov-13,27-Nov-13,ARV,Pediatric,SCMS from RDC,"Efavirenz 200mg, scored tablets, 90 Tabs",Efavirenz,Generic,200mg,Tablet,90.0,8035.0,74725.5,9.3,0.1,"Strides, Bangalore, India.",No,See DN-3385 (ID#:85415),See DN-3385 (ID#:85415),92.44,,,,,,,,,,,,,,,,,,,,,,,,,,
73961,,,,,Uganda,,,,,,9/10/2009,,,,,,ABBVIE LOGISTICS (FORMERLY ABBOTT LOGISTICS BV),,Lopinavir/Ritonavir,Aluvia,200/50mg,,,,,,,,,,,,114-UG-T30,SCMS-53050,ASN-5064,PMO - US,Direct Drop,FCA,Air,8/25/2009,20-Oct-09,20-Oct-09,20-Oct-09,ARV,Adult,"Lopinavir/Ritonavir 200/50mg [Aluvia], tablets, 120 Tabs",Tablet,120.0,480.0,17356.8,36.16,0.3,ABBVIE Ludwigshafen Germany,Yes,126,1360.34,34.02,FPQ-4130
11117,,Pre-PQ Process,,,Côte d'Ivoire,,,,,,N/A - From RDC,,,,,,SCMS from RDC,,Lopinavir/Ritonavir,Aluvia,200/50mg,,,,,,,,,,,,104-CI-T01,SO-586,DN-194,PMO - US,From RDC,N/A - From RDC,,Pre-PQ Process,28-Jun-07,28-Jun-07,28-Jun-07,ARV,Adult,"Lopinavir/Ritonavir 200/50mg [Aluvia], tablets, 120 Tabs",Tablet,120.0,4000.0,164400.0,41.1,0.34,ABBVIE Ludwigshafen Germany,Yes,1015,3256,263.04,
86061,106-HT-T30,FPQ-13608,SO-47690,DN-3586,Haiti,PMO - US,From RDC,N/A - From RDC,Air,1/22/14,N/A - From RDC,30-Mar-14,24-Mar-14,6-May-14,ARV,Adult,SCMS from RDC,"Lamivudine/Nevirapine/Zidovudine 150/200/300mg, tablets, 60 Tabs",Lamivudine/Nevirapine/Zidovudine,Generic,150/300/200mg,Tablet - FDC,60.0,30000.0,247800.0,8.26,0.14,Mylan (formerly Matrix) Nashik,No,See DN-3586 (ID#:83224),See DN-3586 (ID#:83224),254.74,,,,,,,,,,,,,,,,,,,,,,,,,,
24581,116-ZA-T30,FPQ-14942,SCMS-259075,ASN-32138,South Africa,PMO - US,Direct Drop,DDP,Truck,9/11/14,5/11/15,12-May-15,12-May-15,12-May-15,ARV,Adult,PHARMACY DIRECT,"Etravirine 100mg [Intelence], tablets, 120 Tabs",Etravirine,Intelence,100mg,Tablet,120.0,3.0,76.78,25.59,0.21,"Janssen-Cilag, Latina, IT",No,Weight Captured Separately,Freight Included in Commodity Cost,0.08,,,,,,,,,,,,,,,,,,,,,,,,,,
74660,,,,,Rwanda,,,,,,9/27/2010,,,,,,HETERO LABS LIMITED,,Efavirenz,Generic,600mg,,,,,,,,,,,,107-RW-T30,SCMS-83370,ASN-9435,PMO - US,Direct Drop,CIP,Air,8/13/2010,11-Jan-11,11-Jan-11,11-Jan-11,ARV,Adult,"Efavirenz 600mg, tablets, 30 Tabs",Tablet,30.0,1396.0,6044.68,4.33,0.14,Hetero Unit III Hyderabad IN,Yes,Weight Captured Separately,Freight Included in Commodity Cost,13.03,FPQ-6186
7968,,Pre-PQ Process,,,Zambia,,,,,,Date Not Captured,,,,,,MERCK SHARP & DOHME IDEA GMBH (FORMALLY MERCK SHARP & DOHME B.V.),,Indinavir,Crixivan,400mg,,,,,,,,,,,,110-ZM-T01,SCMS-139,ASN-130,PMO - US,Direct Drop,DDU,Air,Pre-PQ Process,8-Jan-07,8-Jan-07,8-Jan-07,ARV,Adult,"Indinavir 400mg [Crixivan], capsules, 180 Caps",Capsule,180.0,1307.0,64461.24,49.32,0.27,MSD Elkton USA,No,Weight Captured Separately,Freight Included in Commodity Cost,,
10438,,Pre-PQ Process,,,Vietnam,,,,,,4/29/2009,,,,,,MYLAN LABORATORIES LTD (FORMERLY MATRIX LABORATORIES),,Efavirenz,Generic,600mg,,,,,,,,,,,,108-VN-T01,SCMS-45050,ASN-4446,PMO - US,Direct Drop,EXW,Air,Pre-PQ Process,3-Aug-09,3-Aug-09,3-Aug-09,ARV,Adult,"Efavirenz 600mg, tablets, 30 Tabs",Tablet,30.0,22512.0,146328.0,6.5,0.22,Mylan (formerly Matrix) Nashik,Yes,1775,5761.87,286.8,
80216,116-ZA-T30,FPQ-14942,SCMS-259071,ASN-29597,South Africa,PMO - US,Direct Drop,DDP,Truck,9/11/14,11/28/14,28-Nov-14,28-Nov-14,28-Nov-14,ARV,Adult,PHARMACY DIRECT,"Didanosine 400mg, delayed-release capsules, 30 Caps",Didanosine,Generic,400mg,Delayed-release capsules,30.0,7.0,99.53,14.22,0.47,"Aurobindo Unit III, India",No,Weight Captured Separately,Freight Included in Commodity Cost,0.1,,,,,,,,,,,,,,,,,,,,,,,,,,
83404,,FPQ-4378,,,Côte d'Ivoire,,,,,,N/A - From RDC,,,,,,SCMS from RDC,,Efavirenz,Generic,600mg,,,,,,,,,,,,104-CI-T30,SO-34412,DN-1671,PMO - US,From RDC,N/A - From RDC,Air,10/15/2009,9-Mar-10,10-Mar-10,10-Mar-10,ARV,Adult,"Efavirenz 600mg, tablets, 30 Tabs",Tablet,30.0,31092.0,179711.76,5.78,0.19,"Aurobindo Unit III, India",No,See DN-1671 (ID#:82863),See DN-1671 (ID#:82863),352.24,
85119,,,,,Haiti,,,,,,N/A - From RDC,,,,,,SCMS from RDC,,Efavirenz,Generic,200mg,,,,,,,,,,,,106-HT-T30,SO-36740,DN-1847,PMO - US,From RDC,N/A - From RDC,Air,4/19/2010,30-Jun-10,9-Jun-10,9-Jun-10,ARV,Pediatric,"Efavirenz 200mg, capsule, 90 Caps",Capsule,90.0,1176.0,11842.32,10.07,0.11,"Aurobindo Unit III, India",No,See DN-1847 (ID#:82889),See DN-1847 (ID#:82889),25.53,FPQ-5523
82984,113-ZW-T30,FPQ-7934,SO-40282,DN-2384,Zimbabwe,PMO - US,From RDC,N/A - From RDC,Truck,6/28/11,N/A - From RDC,25-Oct-11,21-Oct-11,21-Oct-11,ARV,Adult,SCMS from RDC,"Efavirenz 600mg, tablets, 30 Tabs",Efavirenz,Generic,600mg,Tablet,30.0,4200.0,17724.0,4.22,0.14,"Strides, Bangalore, India.",Yes,257,320.43,29.24,,,,,,,,,,,,,,,,,,,,,,,,,,
83453,,,,,Côte d'Ivoire,,,,,,N/A - From RDC,,,,,,SCMS from RDC,,Lamivudine,Generic,10mg/ml,,,,,,,,,,,,104-CI-T30,SO-36890,DN-1984,PMO - US,From RDC,N/A - From RDC,Air,5/7/2010,31-Aug-10,23-Aug-10,23-Aug-10,ARV,Pediatric,"Lamivudine 10mg/ml, oral solution, Bottle, 240 ml",Oral solution,240.0,3010.0,5809.3,1.93,0.01,"Aurobindo Unit III, India",Yes,3202,12648.38,12.52,FPQ-5623
12195,109-TZ-T01,Pre-PQ Process,SO-1652,DN-637,Tanzania,PMO - US,From RDC,N/A - From RDC,Air,Pre-PQ Process,N/A - From RDC,28-Mar-08,28-Mar-08,28-Mar-08,ARV,Adult,SCMS from RDC,"Efavirenz 600mg, tablets, 30 Tabs",Efavirenz,Generic,600mg,Tablet,30.0,17000.0,211140.0,12.42,0.41,"Aurobindo Unit III, India",Yes,6007,20395.6,337.82,,,,,,,,,,,,,,,,,,,,,,,,,,
60261,,,,,Guyana,,,,,,9/17/2010,,,,,,Aurobindo Pharma Limited,,Lopinavir/Ritonavir,Generic,200/50mg,,,,,,,,,,,,105-GY-T30,SCMS-85580,ASN-8349,PMO - US,Direct Drop,EXW,Air,9/13/2010,13-Oct-10,13-Oct-10,13-Oct-10,ARV,Adult,"Lopinavir/Ritonavir 200/50mg, tablets, 120 Tabs",Tablet,120.0,400.0,14400.0,36.0,0.3,"Aurobindo Unit III, India",Yes,Weight Captured Separately,Invoiced Separately,31.05,FPQ-6308
22268,,FPQ-13555,,,"Congo, DRC",,,,,,5/5/2014,,,,,,CIPLA LIMITED,,Lamivudine/Zidovudine,Generic,30/60mg,,,,,,,,,,,,101-CD-T30,SCMS-234290,ASN-26632,PMO - US,Direct Drop,EXW,Air,3/19/2014,22-Aug-14,22-Aug-14,22-Aug-14,ARV,Pediatric,"Lamivudine/Zidovudine 30/60mg, tablets, 60 Tabs",Tablet - FDC,60.0,150.0,322.5,2.15,0.04,"Cipla, Goa, India",Yes,25,1765.03,0.33,
85899,,FPQ-10015,,,Rwanda,,,,,,N/A - From RDC,,,,,,SCMS from RDC,,Nevirapine,Generic,200mg,,,,,,,,,,,,107-RW-T30,SO-42480,DN-2848,PMO - US,From RDC,N/A - From RDC,Air,6/4/2012,28-Sep-12,13-Sep-12,13-Sep-12,ARV,Adult,"Nevirapine 200mg, tablets, 60 Tabs",Tablet,60.0,10078.0,24590.32,2.44,0.04,"Strides, Bangalore, India.",No,See DN-2848 (ID#:83078),See DN-2848 (ID#:83078),34.48,
84949,,FPQ-14226,,,Mozambique,,,,,,N/A - From RDC,,,,,,SCMS from RDC,,Tenofovir Disoproxil Fumarate,Generic,300mg,,,,,,,,,,,,111-MZ-T30,SO-48871,DN-3805,PMO - US,From RDC,N/A - From RDC,Truck,5/2/2014,30-Sep-14,5-Sep-14,8-Sep-14,ARV,Adult,"Tenofovir Disoproxil Fumarate 300mg, tablets, 30 Tabs",Tablet,30.0,800.0,3024.0,3.78,0.13,Hetero Unit III Hyderabad IN,Yes,64,166.96,3.11,
84186,,,,,Nigeria,,,,,,N/A - From RDC,,,,,,SCMS from RDC,,Lamivudine/Tenofovir Disoproxil Fumarate,Generic,300/300mg,,,,,,,,,,,,151-NG-T30,SO-42937,DN-2821,PMO - US,From RDC,N/A - From RDC,Air,3/1/2012,31-Aug-12,14-Aug-12,14-Aug-12,ARV,Adult,"Lamivudine/Tenofovir Disoproxil Fumarate 300/300mg, tablets, 30 Tabs",Tablet - FDC,30.0,24799.0,132922.64,5.36,0.18,"Cipla, Kurkumbh, India",No,See DN-2821 (ID#:83069),See DN-2821 (ID#:83069),186.36,FPQ-9432
86054,,,,,Zambia,,,,,,N/A - From RDC,,,,,,SCMS from RDC,,Lamivudine,Generic,150mg,,,,,,,,,,,,100-ZM-T30,SO-45940,DN-3565,PMO - US,From RDC,N/A - From RDC,Truck,6/20/2013,25-Mar-14,25-Mar-14,4-Apr-14,ARV,Adult,"Lamivudine 150mg, tablets, 60 Tabs",Tablet,60.0,10000.0,22300.0,2.23,0.04,"Aurobindo Unit III, India",No,See DN-3565 (ID#:84903),See DN-3565 (ID#:84903),27.59,FPQ-12497
11932,151-NG-T01,Pre-PQ Process,SO-21782,DN-1144,Nigeria,PMO - US,From RDC,N/A - From RDC,Air,Pre-PQ Process,N/A - From RDC,24-Mar-09,24-Mar-09,24-Mar-09,ARV,Adult,SCMS from RDC,"Emtricitabine/Tenofovir Disoproxil Fumarate 200/300mg [Truvada], tablets, 30 Tabs",Emtricitabine/Tenofovir Disoproxil Fumarate,Truvada,300/200mg,Tablet - FDC,30.0,37666.0,988732.5,26.25,0.88,"Aspen-OSD, Port Elizabeth, SA",Yes,3273,6443.63,1937.92,,,,,,,,,,,,,,,,,,,,,,,,,,
31829,,FPQ-6977,,,Guatemala,,,,,,1/7/2011,,,,,,GLAXOSMITHKLINE EXPORT LIMITED,,Zidovudine,Retrovir,10mg/ml,,,,,,,,,,,,202-GT-T30,SCMS-96440,ASN-10408,PMO - US,Direct Drop,EXW,Air,1/3/2011,17-Apr-11,17-Apr-11,17-Apr-11,ARV,Pediatric,"Zidovudine 10mg/ml [Retrovir], solution for IV infusion injection, Vial 5 x 20 ml",Injection,5.0,75.0,5265.0,70.2,14.04,GSK Barnard Castle UK,Yes,29,209.37,8.69,
85885,,FPQ-9888,,,Rwanda,,,,,,N/A - From RDC,,,,,,SCMS from RDC,,Abacavir,Generic,300mg,,,,,,,,,,,,107-RW-T30,SO-42133,DN-2789,PMO - US,From RDC,N/A - From RDC,Air,5/11/2012,24-Aug-12,16-Aug-12,16-Aug-12,ARV,Adult,"Abacavir 300mg, tablets, 60 Tabs",Tablet,60.0,10537.0,138561.55,13.15,0.22,"Aurobindo Unit III, India",Yes,1048,18613.69,194.26,
39895,107-RW-T30,FPQ-15065,SCMS-263330,ASN-30481,Rwanda,PMO - US,Direct Drop,EXW,Air,10/15/14,12/18/14,18-Feb-15,18-Feb-15,19-Feb-15,HRDT,HIV test,"SHANGHAI KEHUA BIOENGINEERING CO.,LTD.  (KHB)","HIV 1/2, SKB Colloidal Gold, Diagnostic Kit, Antibody, 50 Tests","HIV 1/2, Colloidal Gold, Diagnostic Kit, Antibody",Colloidal Gold,,Test kit,1.0,4014.0,98343.0,24.5,24.5,"KHB Test Kit Facility, Shanghai China",Yes,2676,35281.73,101.1,,,,,,,,,,,,,,,,,,,,,,,,,,
4947,100-SN-T01,Pre-PQ Process,SCMS-38270,ASN-3546,Senegal,PMO - US,Direct Drop,EXW,Air,Pre-PQ Process,2/6/09,25-Mar-09,25-Mar-09,25-Mar-09,HRDT,HIV test,"Orgenics, Ltd","HIV 1/2, ImmunoComb TriSpot Ag - Ab Kit, 36 Tests","HIV 1/2, ImmunoComb TriSpot Ag - Ab Kit",ImmunoComb,,Test kit,36.0,80.0,6800.0,85.0,2.36,INVERNESS ORGENICS LINE,Yes,33,812,13.33,,,,,,,,,,,,,,,,,,,,,,,,,,
42505,,FPQ-12522,,,South Africa,,,,,,8/29/2014,,,,,,S. BUYS WHOLESALER,,Emtricitabine/Tenofovir Disoproxil Fumarate,Generic,200/300mg,,,,,,,,,,,,116-ZA-T30,SCMS-199289,ASN-28033,PMO - US,Direct Drop,DDP,Truck,7/11/2013,29-Aug-14,29-Aug-14,29-Aug-14,ARV,Adult,"Emtricitabine/Tenofovir Disoproxil Fumarate 200/300mg, tablets, 30 Tabs",Tablet - FDC,30.0,55.0,1833.08,33.33,1.11,"Aurobindo Unit III, India",No,Weight Captured Separately,Freight Included in Commodity Cost,2.27,
83583,,FPQ-8464,,,Zimbabwe,,,,,,N/A - From RDC,,,,,,SCMS from RDC,,Nevirapine,Generic,200mg,,,,,,,,,,,,113-ZW-T30,SO-40860,DN-2621,PMO - US,From RDC,N/A - From RDC,Truck,10/4/2011,17-Apr-12,7-May-12,7-May-12,ARV,Adult,"Nevirapine 200mg, tablets, 60 Tabs",Tablet,60.0,52164.0,134583.12,2.58,0.04,"Aurobindo Unit VII, IN",Yes,12347,16978.83,222.06,
86238,,,,,Nigeria,,,,,,N/A - From RDC,,,,,,SCMS from RDC,,Efavirenz,Generic,600mg,,,,,,,,,,,,154-NG-T30,SO-32260,DN-1452,PMO - US,From RDC,N/A - From RDC,Air Charter,5/26/2009,30-Oct-09,20-Oct-09,20-Oct-09,ARV,Adult,"Efavirenz 600mg, tablets, 30 Tabs",Tablet,30.0,380.0,2363.6,6.22,0.21,"Aurobindo Unit III, India",No,See DN-1452 (ID#:82272),See DN-1452 (ID#:82272),4.63,FPQ-3815
12484,,,,,Tanzania,,,,,,N/A - From RDC,,,,,,SCMS from RDC,,Efavirenz,Generic,600mg,,,,,,,,,,,,109-TZ-T01,SO-2556,DN-748,PMO - US,From RDC,N/A - From RDC,Truck,Pre-PQ Process,30-Jun-08,30-Jun-08,30-Jun-08,ARV,Adult,"Efavirenz 600mg, tablets, 30 Tabs",Tablet,30.0,75000.0,900750.0,12.01,0.4,"Aurobindo Unit III, India",Yes,15566,9330,1441.2,Pre-PQ Process
84168,,,,,Nigeria,,,,,,N/A - From RDC,,,,,,SCMS from RDC,,Nevirapine,Generic,200mg,,,,,,,,,,,,151-NG-T30,SO-41254,DN-2650,PMO - US,From RDC,N/A - From RDC,Air Charter,12/8/2011,4-Jul-12,30-Apr-12,30-Apr-12,ARV,Adult,"Nevirapine 200mg, tablets, 60 Tabs",Tablet,60.0,48874.0,119252.56,2.44,0.04,"Aurobindo Unit III, India",Yes,4754,27441.21,167.19,FPQ-8952
58491,,FPQ-15736,,,"Congo, DRC",,,,,,2/9/2015,,,,,,AMSTELFARMA B.V.,,Sulfadoxine/Pyrimethamine,Generic,500/25mg,,,,,,,,,,,,101-CD-T30,SCMS-275290,ASN-30748,PMO - US,Direct Drop,EXW,Air,1/26/2015,3-Apr-15,3-Apr-15,15-Apr-15,ANTM,Malaria,"Sulfadoxine/Pyrimethamine 500/25mg, tablets, 1000 Tabs",Tablet - FDC,1000.0,580.0,19198.0,33.1,0.03,"Micro Labs, Hosur, India",Yes,500,3958.28,22.6,
7476,,,,,South Africa,,,,,,Date Not Captured,,,,,,S. BUYS WHOLESALER,,Lamivudine,Epivir,150mg,,,,,,,,,,,,116-ZA-T01,SCMS-33320,ASN-3553,PMO - US,Direct Drop,DDP,Truck,Pre-PQ Process,17-May-09,9-Oct-08,9-Oct-08,ARV,Adult,"Lamivudine 150mg [Epivir], tablets, 60 Tabs",Tablet,60.0,1200.0,5772.0,4.81,0.08,GSK Cape Town Factory (South Africa),No,Weight Captured Separately,Freight Included in Commodity Cost,11.31,Pre-PQ Process
69162,101-CD-T30,FPQ-14717,SCMS-251440,ASN-28024,"Congo, DRC",PMO - US,Direct Drop,EXW,Air,7/28/14,8/20/14,19-Dec-14,19-Dec-14,26-Jan-15,ARV,Pediatric,Aurobindo Pharma Limited,"Didanosine 200mg, delayed-release capsules, 30 Caps",Didanosine,Generic,200mg,Delayed-release capsules,30.0,550.0,6050.0,11.0,0.37,"Aurobindo Unit III, India",Yes,54,1961.49,6.22,,,,,,,,,,,,,,,,,,,,,,,,,,
84521,110-ZM-T30,FPQ-4481,SO-34180,DN-1578,Zambia,PMO - US,From RDC,N/A - From RDC,Truck,7/14/09,N/A - From RDC,15-Jan-10,8-Dec-09,8-Dec-09,ARV,Adult,SCMS from RDC,"Lamivudine/Zidovudine 150/300mg, tablets, 60 Tabs",Lamivudine/Zidovudine,Generic,150/300mg,Tablet - FDC,60.0,36760.0,322017.6,8.76,0.15,"Aurobindo Unit III, India",Yes,3294,9942.26,631.15,,,,,,,,,,,,,,,,,,,,,,,,,,
43897,110-ZM-T30,FPQ-4691,SCMS-60710,ASN-6292,Zambia,PMO - US,Direct Drop,EXW,Air,12/16/09,12/22/09,18-Mar-10,18-Mar-10,18-Mar-10,HRDT,HIV test,"Orgenics, Ltd","HIV 1/2, Determine Complete HIV Kit, 100 Tests","HIV 1/2, Determine Complete HIV Kit",Determine,,Test kit,100.0,2161.0,155592.0,72.0,0.72,Inverness Japan,Yes,1051,16633.36,335.46,,,,,,,,,,,,,,,,,,,,,,,,,,
44612,108-VN-T30,FPQ-5317,SCMS-69730,ASN-8447,Vietnam,PMO - US,Direct Drop,EXW,Air,3/22/10,3/29/10,9-Nov-10,9-Nov-10,9-Nov-10,ARV,Adult,MYLAN LABORATORIES LTD (FORMERLY MATRIX LABORATORIES),"Efavirenz 600mg, tablets, 30 Tabs",Efavirenz,Generic,600mg,Tablet,30.0,40890.0,175827.0,4.3,0.14,Mylan (formerly Matrix) Nashik,Yes,3329,10455.35,379.08,,,,,,,,,,,,,,,,,,,,,,,,,,
84567,,FPQ-5238,,,Uganda,,,,,,N/A - From RDC,,,,,,SCMS from RDC,,Lamivudine/Nevirapine/Zidovudine,Generic,150/300/200mg,,,,,,,,,,,,114-UG-T30,SO-36090,DN-1840,PMO - US,From RDC,N/A - From RDC,Air,3/2/2010,26-May-10,27-May-10,27-May-10,ARV,Adult,"Lamivudine/Nevirapine/Zidovudine 150/200/300mg, tablets, 60 Tabs",Tablet - FDC,60.0,20000.0,224400.0,11.22,0.19,Mylan (formerly Matrix) Nashik,Yes,2560,20654.81,483.81,
84045,113-ZW-T30,FPQ-4694,SO-35380,DN-2019,Zimbabwe,PMO - US,From RDC,N/A - From RDC,Truck,12/8/09,N/A - From RDC,30-Sep-10,4-Oct-10,4-Oct-10,ARV,Adult,SCMS from RDC,"Lamivudine/Nevirapine/Stavudine 150/200/30mg, tablets, 60 Tabs",Lamivudine/Nevirapine/Stavudine,Generic,150/200/30mg,Tablet - FDC,60.0,112100.0,642333.0,5.73,0.1,"Cipla, Goa, India",No,See DN-2019 (ID#:82919),See DN-2019 (ID#:82919),1384.87,,,,,,,,,,,,,,,,,,,,,,,,,,
83649,151-NG-T30,FPQ-10477,SO-43046,DN-2998,Nigeria,PMO - US,From RDC,N/A - From RDC,Air Charter,8/9/12,N/A - From RDC,11-Feb-13,11-Feb-13,11-Feb-13,ARV,Adult,SCMS from RDC,"Tenofovir Disoproxil Fumarate 300mg, tablets, 30 Tabs",Tenofovir Disoproxil Fumarate,Generic,300mg,Tablet,30.0,7395.0,29875.8,4.04,0.13,Mylan (formerly Matrix) Nashik,Yes,779,29780.5,41.89,,,,,,,,,,,,,,,,,,,,,,,,,,
1350,,,,,Côte d'Ivoire,,,,,,7/13/2007,,,,,,BRISTOL-MYERS SQUIBB,,Didanosine,Videx,50mg,,,,,,,,,,,,104-CI-T01,SCMS-698,ASN-727,PMO - US,Direct Drop,CIP,Air,Pre-PQ Process,2-Oct-07,2-Oct-07,2-Oct-07,ARV,Pediatric,"Didanosine 50mg [Videx], chewable tablets, 60 Tabs",Chewable/dispersible tablet,60.0,4270.0,40565.0,9.5,0.16,"BMS Meymac, France",No,Weight Captured Separately,Freight Included in Commodity Cost,64.9,Pre-PQ Process
85030,,FPQ-14370,,,Côte d'Ivoire,,,,,,N/A - From RDC,,,,,,SCMS from RDC,,Lamivudine/Zidovudine,Generic,150/300mg,,,,,,,,,,,,104-CI-T30,SO-49040,DN-4253,PMO - US,From RDC,N/A - From RDC,Truck,5/23/2014,8-Jun-15,8-Jun-15,19-Jun-15,ARV,Adult,"Lamivudine/Zidovudine 150/300mg, tablets, 60 Tabs",Tablet - FDC,60.0,36971.0,241050.92,6.52,0.11,Mylan (formerly Matrix) Nashik,No,See DN-4253 (ID#:83334),See DN-4253 (ID#:83334),247.8,
83999,,,,,Nigeria,,,,,,N/A - From RDC,,,,,,SCMS from RDC,,Efavirenz/Emtricitabine/Tenofovir Disoproxil Fumarate,Generic,600/200/300mg,,,,,,,,,,,,151-NG-T30,SO-35024,DN-1807,PMO - US,From RDC,N/A - From RDC,Air Charter,11/6/2009,31-May-10,18-May-10,18-May-10,ARV,Adult,"Efavirenz/Emtricitabine/Tenofovir Disoproxil Fumarate 600/200/300mg, tablets, 30 Tabs",Tablet - FDC,30.0,1590.0,31672.8,19.92,0.66,Mylan (formerly Matrix) Nashik,Yes,174,9736.1,68.29,FPQ-4537
36453,,,,,Sudan,,,,,,3/2/2011,,,,,,"Orgenics, Ltd",,"HIV 1/2, Determine Complete HIV Kit",Determine,,,,,,,,,,,,,102-SD-T30,SCMS-100480,ASN-11003,PMO - US,Direct Drop,EXW,Air,2/5/2011,27-Jun-11,27-Jun-11,27-Jun-11,HRDT,HIV test,"HIV 1/2, Determine Complete HIV Kit, 100 Tests",Test kit,100.0,213.0,18957.0,89.0,0.89,Inverness Japan,Yes,97,2542.17,31.28,FPQ-6991
81358,,FPQ-9905,,,Zimbabwe,,,,,,7/18/2012,,,,,,ABBVIE LOGISTICS (FORMERLY ABBOTT LOGISTICS BV),,Lopinavir/Ritonavir,Kaletra,80/20mg/ml,,,,,,,,,,,,103-ZW-T30,SCMS-148290,ASN-16418,PMO - US,Direct Drop,FCA,Air,5/29/2012,8-Nov-12,8-Nov-12,8-Nov-12,ARV,Pediatric,"Lopinavir/Ritonavir 80/20mg/ml [Kaletra], oral solution, cool, Bottle 5 x 60 ml",Oral solution,300.0,1500.0,46230.0,30.82,0.1,ABBVIE (Abbott) Logis. UK,Yes,1374,15504.4,64.81,
77296,,,,,Rwanda,,,,,,3/7/2010,,,,,,Aurobindo Pharma Limited,,Lopinavir/Ritonavir,Generic,200/50mg,,,,,,,,,,,,107-RW-T30,SCMS-48931,ASN-6763,PMO - US,Direct Drop,CIP,Air,6/30/2009,29-Apr-10,29-Apr-10,29-Apr-10,ARV,Adult,"Lopinavir/Ritonavir 200/50mg, tablets, 120 Tabs",Tablet,120.0,4240.0,158406.4,37.36,0.31,"Aurobindo Unit III, India",Yes,1048,14256.58,310.48,FPQ-3859
5066,,,,,Botswana,,,,,,3/25/2009,,,,,,Orasure Technologies Inc.,,"HIV 1/2, OraQuick Advance HIV Rapid Antibody Kit",OraQuick,,,,,,,,,,,,,144-BW-T01,SCMS-41890,ASN-3780,PMO - US,Direct Drop,EXW,Air,Pre-PQ Process,17-Apr-09,17-Apr-09,17-Apr-09,HRDT,HIV test,"HIV 1/2, OraQuick Advance HIV Rapid Antibody Kit, 100 Tests",Test kit,100.0,20.0,7000.0,350.0,3.5,"Pacific Biotech, Thailand",Yes,48,1119.99,13.72,Pre-PQ Process
83890,,,,,Côte d'Ivoire,,,,,,N/A - From RDC,,,,,,SCMS from RDC,,Lamivudine/Zidovudine,Generic,150/300mg,,,,,,,,,,,,104-CI-T30,SO-49050,DN-4138,PMO - US,From RDC,N/A - From RDC,Truck,5/23/2014,27-Feb-15,11-Mar-15,30-Mar-15,ARV,Adult,"Lamivudine/Zidovudine 150/300mg, tablets, 60 Tabs",Tablet - FDC,60.0,100000.0,652000.0,6.52,0.11,Hetero Unit III Hyderabad IN,Yes,8855,33900.99,670.26,FPQ-14370
5083,,Pre-PQ Process,,,South Africa,,,,,,4/2/2009,,,,,,S. BUYS WHOLESALER,,Lopinavir/Ritonavir,Aluvia,200/50mg,,,,,,,,,,,,116-ZA-T01,SCMS-47380,ASN-4285,PMO - US,Direct Drop,DDP,Truck,Pre-PQ Process,15-May-09,21-Apr-09,21-Apr-09,ARV,Adult,"Lopinavir/Ritonavir 200/50mg [Aluvia], tablets, 120 Tabs",Tablet,120.0,400.0,14400.0,36.0,0.3,ABBVIE Ludwigshafen Germany,Yes,Weight Captured Separately,Freight Included in Commodity Cost,28.22,
28601,,,,,Haiti,,,,,,2/19/2014,,,,,,"SHANGHAI KEHUA BIOENGINEERING CO.,LTD.  (KHB)",,"HIV 1/2, Colloidal Gold, Diagnostic Kit, Antibody",Colloidal Gold,,,,,,,,,,,,,106-HT-T30,SCMS-225424,ASN-30187,PMO - US,Direct Drop,EXW,Air,1/21/2014,20-Feb-15,20-Feb-15,23-Feb-15,HRDT,HIV test,"HIV 1/2, SKB Colloidal Gold, Diagnostic Kit, Antibody, 50 Tests",Test kit,1.0,400.0,9800.0,24.5,24.5,"KHB Test Kit Facility, Shanghai China",Yes,253,3087.68,10.07,FPQ-13494
9860,,,,,South Africa,,,,,,Date Not Captured,,,,,,S. BUYS WHOLESALER,,Lamivudine,Epivir,150mg,,,,,,,,,,,,116-ZA-T01,SCMS-26820,ASN-2487,PMO - US,Direct Drop,DDP,Truck,Pre-PQ Process,10-Jul-08,14-Jul-08,14-Jul-08,ARV,Adult,"Lamivudine 150mg [Epivir], tablets, 60 Tabs",Tablet,60.0,1000.0,5310.0,5.31,0.09,GSK Cape Town Factory (South Africa),No,Weight Captured Separately,Freight Included in Commodity Cost,8.5,Pre-PQ Process
10887,,Pre-PQ Process,,,Zambia,,,,,,N/A - From RDC,,,,,,SCMS from RDC,,Abacavir,Generic,20mg/ml,,,,,,,,,,,,110-ZM-T01,SO-753,DN-395,PMO - US,From RDC,N/A - From RDC,,Pre-PQ Process,2-Nov-07,2-Nov-07,2-Nov-07,ARV,Pediatric,"Abacavir 20mg/ml, oral solution, Bottle, 240 ml",Oral solution,240.0,1341.0,22126.5,16.5,0.07,"Aurobindo Unit III, India",Yes,395,3478,35.4,
12682,,Pre-PQ Process,,,Tanzania,,,,,,N/A - From RDC,,,,,,SCMS from RDC,,Efavirenz,Generic,600mg,,,,,,,,,,,,109-TZ-T01,SO-455,DN-290,PMO - US,From RDC,N/A - From RDC,,Pre-PQ Process,10-Sep-07,10-Sep-07,10-Sep-07,ARV,Adult,"Efavirenz 600mg, tablets, 30 Tabs",Tablet,30.0,8000.0,130080.0,16.26,0.54,"Aurobindo Unit III, India",No,See DN-290 (ID#:10859),See DN-290 (ID#:10859),208.13,
84940,,,,,Tanzania,,,,,,N/A - From RDC,,,,,,SCMS from RDC,,Lopinavir/Ritonavir,Aluvia,200/50mg,,,,,,,,,,,,109-TZ-T30,SO-46721,DN-3758,PMO - US,From RDC,N/A - From RDC,Truck,10/1/2013,30-Jun-14,24-Jun-14,1-Jul-14,ARV,Adult,"Lopinavir/Ritonavir 200/50mg [Aluvia], tablets, 120 Tabs",Tablet,120.0,14758.0,278926.2,18.9,0.16,ABBVIE Ludwigshafen Germany,Yes,3030,2994.62,345.03,FPQ-13042
86051,,,,,"Congo, DRC",,,,,,N/A - From RDC,,,,,,SCMS from RDC,,Lamivudine,Generic,150mg,,,,,,,,,,,,101-CD-T30,SO-47630,DN-3561,PMO - US,From RDC,N/A - From RDC,Air,1/15/2014,30-May-14,19-May-14,26-Jun-14,ARV,Adult,"Lamivudine 150mg, tablets, 60 Tabs",Tablet,60.0,960.0,2140.8,2.23,0.04,"Micro labs, Verna, Goa, India",No,See DN-3561 (ID#:82654),See DN-3561 (ID#:82654),2.2,FPQ-13554
75703,,,,,Tanzania,,,,,,5/6/2014,,,,,,"Trinity Biotech, Plc",,"HIV 1/2, Uni-Gold HIV Kit",Uni-Gold,,,,,,,,,,,,,109-TZ-T30,SCMS-235390,ASN-29855,PMO - US,Direct Drop,EXW,Air,3/27/2014,23-Feb-15,23-Feb-15,24-Feb-15,HRDT,HIV test,"HIV 1/2, Uni-Gold HIV Kit, 20 Tests",Test kit,20.0,168.0,5376.0,32.0,1.6,"Trinity Biotech, Plc",Yes,55,1112.11,5.53,FPQ-13945
45929,111-MZ-T30,FPQ-13093,SCMS-211560,ASN-24097,Mozambique,PMO - US,Direct Drop,EXW,Air,10/15/13,11/13/13,10-Feb-14,10-Feb-14,15-Mar-14,HRDT,HIV test,"Orgenics, Ltd","HIV 1/2, Determine Complete HIV Kit, 100 Tests","HIV 1/2, Determine Complete HIV Kit",Determine,,Test kit,100.0,9575.0,766000.0,80.0,0.8,"Alere Medical Co., Ltd.",Yes,3890,29244.02,787.45,,,,,,,,,,,,,,,,,,,,,,,,,,
67153,,FPQ-12477,,,Uganda,,,,,,7/31/2013,,,,,,MYLAN LABORATORIES LTD (FORMERLY MATRIX LABORATORIES),,Lamivudine/Nevirapine/Zidovudine,Generic,150/300/200mg,,,,,,,,,,,,114-UG-T30,SCMS-198720,ASN-21627,PMO - US,Direct Drop,EXW,Ocean,7/8/2013,6-Nov-13,6-Nov-13,13-Nov-13,ARV,Adult,"Lamivudine/Nevirapine/Zidovudine 150/200/300mg, tablets, 60 Tabs",Tablet - FDC,60.0,165374.0,1339529.4,8.1,0.13,Mylan (formerly Matrix) Nashik,No,See ASN-21627 (ID#:48945),See ASN-21627 (ID#:48945),1657.0,
2328,,,,,Haiti,,,,,,2/3/2009,,,,,,"Orgenics, Ltd",,"HIV 1/2, Determine HIV Kit, without Lancets",Determine,,,,,,,,,,,,,106-HT-T01,SCMS-38160,ASN-3457,PMO - US,Direct Drop,EXW,Air,Pre-PQ Process,16-Mar-09,16-Mar-09,16-Mar-09,HRDT,HIV test,"HIV 1/2, Determine HIV Kit, without Lancets, 100 Tests",Test kit,100.0,1680.0,117600.0,70.0,0.7,Inverness Japan,Yes,382,3241.06,230.5,Pre-PQ Process
12794,113-ZW-T01,Pre-PQ Process,SO-1052,DN-838,Zimbabwe,PMO - US,From RDC,N/A - From RDC,Truck,Pre-PQ Process,N/A - From RDC,26-Jul-08,26-Jul-08,26-Jul-08,HRDT,HIV test,SCMS from RDC,"HIV 1/2, Bioline 3.0 Kit, Lancets, Capillary pipets, Alcohol swabs included, 25 Tests","HIV 1/2, Bioline 3.0 Kit, Lancets, Capillary pipets, Alcohol swabs included",Bioline,,Test kit,25.0,4342.0,86840.0,20.0,0.8,"Standard Diagnostics, Korea",No,See DN-838 (ID#:10718),See DN-838 (ID#:10718),138.94,,,,,,,,,,,,,,,,,,,,,,,,,,
84306,105-GY-T30,FPQ-12619,SO-46100,DN-3409,Guyana,PMO - US,From RDC,N/A - From RDC,Air,7/16/13,N/A - From RDC,31-Dec-13,30-Nov-13,23-Dec-13,ARV,Adult,SCMS from RDC,"Emtricitabine/Tenofovir Disoproxil Fumarate 200/300mg, tablets, 30 Tabs",Emtricitabine/Tenofovir Disoproxil Fumarate,Generic,200/300mg,Tablet - FDC,30.0,3402.0,19969.74,5.87,0.2,"Aurobindo Unit III, India",Yes,392,4523,24.7,,,,,,,,,,,,,,,,,,,,,,,,,,
70526,108-VN-T30,FPQ-13524,SCMS-226260,ASN-26927,Vietnam,PMO - US,Direct Drop,EXW,Air,2/6/14,3/10/14,13-Aug-14,13-Aug-14,25-Aug-14,ARV,Adult,HETERO LABS LIMITED,"Abacavir 300mg, tablets, 60 Tabs",Abacavir,Generic,300mg,Tablet,60.0,950.0,10877.5,11.45,0.19,Hetero Unit III Hyderabad IN,No,See ASN-26927 (ID#:26612),See ASN-26927 (ID#:26612),11.18,,,,,,,,,,,,,,,,,,,,,,,,,,
81450,,FPQ-10811,,,Vietnam,,,,,,11/7/2012,,,,,,HETERO LABS LIMITED,,Abacavir,Generic,300mg,,,,,,,,,,,,108-VN-T30,SCMS-164680,ASN-18664,PMO - US,Direct Drop,EXW,Air,10/15/2012,2-Apr-13,2-Apr-13,2-Apr-13,ARV,Adult,"Abacavir 300mg, tablets, 60 Tabs",Tablet,60.0,293.0,3779.7,12.9,0.22,Hetero Unit III Hyderabad IN,No,See ASN-18664 (ID#:19406),See ASN-18664 (ID#:19406),4.68,
30601,,FPQ-4691,,,Zambia,,,,,,12/22/2009,,,,,,"Orgenics, Ltd",,"HIV 1/2, Determine Complete HIV Kit",Determine,,,,,,,,,,,,,110-ZM-T30,SCMS-60711,ASN-6614,PMO - US,Direct Drop,EXW,Air,12/16/2009,3-May-10,23-Apr-10,23-Apr-10,HRDT,HIV test,"HIV 1/2, Determine Complete HIV Kit, 100 Tests",Test kit,100.0,2700.0,194400.0,72.0,0.72,Inverness Japan,Yes,1304,19502.09,419.13,
63355,,FPQ-13809,,,Ghana,,,,,,5/5/2014,,,,,,Aurobindo Pharma Limited,,Lopinavir/Ritonavir,Generic,200/50mg,,,,,,,,,,,,105-GH-T30,SCMS-234031,ASN-26374,PMO - US,Direct Drop,EXW,Air,3/7/2014,12-Jun-14,12-Jun-14,12-Jun-14,ARV,Adult,"Lopinavir/Ritonavir 200/50mg, tablets, 120 Tabs",Tablet,120.0,3393.0,73967.4,21.8,0.18,"Aurobindo Unit III, India",Yes,901,7326.63,76.04,
43600,,FPQ-13034,,,Vietnam,,,,,,10/10/2013,,,,,,HETERO LABS LIMITED,,Tenofovir Disoproxil Fumarate,Generic,300mg,,,,,,,,,,,,108-VN-T30,SCMS-210150,ASN-24398,PMO - US,Direct Drop,EXW,Air,10/4/2013,23-Apr-14,23-Apr-14,23-Apr-14,ARV,Adult,"Tenofovir Disoproxil Fumarate 300mg, tablets, 30 Tabs",Tablet,30.0,12317.0,43725.35,3.55,0.12,Hetero Unit III Hyderabad IN,No,See ASN-24398 (ID#:18664),See ASN-24398 (ID#:18664),54.09,
84028,,FPQ-5523,,,Haiti,,,,,,N/A - From RDC,,,,,,SCMS from RDC,,Zidovudine,Generic,300mg,,,,,,,,,,,,106-HT-T30,SO-36770,DN-1965,PMO - US,From RDC,N/A - From RDC,Air,4/19/2010,24-Aug-10,23-Aug-10,23-Aug-10,ARV,Adult,"Zidovudine 300mg, tablets, 60 Tabs",Tablet,60.0,2280.0,16438.8,7.21,0.12,"Aurobindo Unit III, India",Yes,123,2136.1,35.44,
70750,105-SS-T30,FPQ-14470,SCMS-245240,ASN-29503,South Sudan,PMO - US,Direct Drop,EXW,Air,6/17/14,7/1/14,9-Jan-15,9-Jan-15,19-Jan-15,HRDT,HIV test,"Trinity Biotech, Plc","HIV 1/2, Uni-Gold HIV Kit, 20 Tests","HIV 1/2, Uni-Gold HIV Kit",Uni-Gold,,Test kit,20.0,450.0,14400.0,32.0,1.6,"Trinity Biotech, Plc",No,See ASN-29503 (ID#:13571),See ASN-29503 (ID#:13571),14.8,,,,,,,,,,,,,,,,,,,,,,,,,,
82445,,FPQ-8157,,,Mozambique,,,,,,N/A - From RDC,,,,,,SCMS from RDC,,Nevirapine,Generic,200mg,,,,,,,,,,,,111-MZ-T30,SO-40310,DN-2517,PMO - US,From RDC,N/A - From RDC,Truck,8/4/2011,15-Feb-12,8-Mar-12,8-Mar-12,ARV,Adult,"Nevirapine 200mg, tablets, 60 Tabs",Tablet,60.0,2870.0,7031.5,2.45,0.04,"Aurobindo Unit VII, IN",Yes,277,4313.33,11.6,
82443,101-CD-T30,FPQ-8840,SO-41148,DN-2512,"Congo, DRC",PMO - US,From RDC,N/A - From RDC,Air,11/21/11,N/A - From RDC,16-Mar-12,14-Mar-12,14-Mar-12,ARV,Adult,SCMS from RDC,"Lamivudine/Tenofovir Disoproxil Fumarate 300/300mg, tablets, 30 Tabs",Lamivudine/Tenofovir Disoproxil Fumarate,Generic,300/300mg,Tablet - FDC,30.0,103.0,626.24,6.08,0.2,Mylan (formerly Matrix) Nashik,Yes,1072,5636.3,0.88,,,,,,,,,,,,,,,,,,,,,,,,,,
2740,102-NG-T01,Pre-PQ Process,SCMS-687,ASN-544,Nigeria,PMO - US,Direct Drop,EXW,Air,Pre-PQ Process,6/8/07,10-Jul-07,10-Jul-07,10-Jul-07,HRDT,HIV test,"CHEMBIO DIAGNOSTIC SYSTEMS, INC.","HIV 1/2, Stat-Pak HIV, Kit, 20 Tests","HIV 1/2, Stat-Pak HIV, Kit",Stat-Pak,,Test kit,20.0,10000.0,270000.0,27.0,1.35,Chembio Diagnostics Sys. Inc.,Yes,3045,28118.58,432.0,,,,,,,,,,,,,,,,,,,,,,,,,,
8062,,Pre-PQ Process,,,Tanzania,,,,,,5/14/2008,,,,,,"Standard Diagnostics, Inc.",,"HIV 1/2, Bioline 3.0 Kit, Lancets, Capillary pipets, Alcohol swabs included",Bioline,,,,,,,,,,,,,109-TZ-T01,SCMS-10330,ASN-1932,PMO - US,Direct Drop,EXW,Air,Pre-PQ Process,22-Jul-08,22-Jul-08,22-Jul-08,HRDT,HIV test,"HIV 1/2, Bioline 3.0 Kit, Lancets, Capillary pipets, Alcohol swabs included, 25 Tests",Test kit,25.0,10000.0,200000.0,20.0,0.8,"Standard Diagnostics, Korea",Yes,3122,22691.75,320.0,
83652,,,,,Zimbabwe,,,,,,N/A - From RDC,,,,,,SCMS from RDC,,Nevirapine,Generic,10mg/ml,,,,,,,,,,,,113-ZW-T30,SO-44330,DN-3007,PMO - US,From RDC,N/A - From RDC,Truck,1/23/2013,21-Feb-13,4-Feb-13,4-Feb-13,ARV,Pediatric,"Nevirapine 10mg/ml, oral suspension w/syringe, Bottle, 240 ml",Oral suspension,240.0,62500.0,121875.0,1.95,0.01,"Aurobindo Unit III, India",Yes,23176,17308.69,150.76,FPQ-11514
12060,111-MZ-T01,Pre-PQ Process,SO-578,DN-184,Mozambique,PMO - US,From RDC,N/A - From RDC,Air,Pre-PQ Process,N/A - From RDC,11-Jul-07,11-Jul-07,11-Jul-07,ARV,Adult,SCMS from RDC,"Lopinavir/Ritonavir 200/50mg [Aluvia], tablets, 120 Tabs",Lopinavir/Ritonavir,Aluvia,200/50mg,Tablet,120.0,801.0,32921.1,41.1,0.34,ABBVIE Ludwigshafen Germany,Yes,333,630.23,,,,,,,,,,,,,,,,,,,,,,,,,,,
44204,,FPQ-12932,,,South Africa,,,,,,9/19/2013,,,,,,PHARMACY DIRECT,,Lamivudine,Epivir,150mg,,,,,,,,,,,,101-ZA-T30,SCMS-206100,ASN-24547,PMO - US,Direct Drop,DDP,Truck,9/7/2013,17-Feb-14,17-Feb-14,17-Feb-14,ARV,Adult,"Lamivudine 150mg [Epivir], tablets, 60 Tabs",Tablet,60.0,2500.0,21941.29,8.78,0.15,GSK Cape Town Factory (South Africa),No,Weight Captured Separately,Freight Included in Commodity Cost,27.14,
84860,109-TZ-T30,FPQ-12015,SO-44990,DN-3346,Tanzania,PMO - US,From RDC,N/A - From RDC,Truck,4/2/13,N/A - From RDC,28-Oct-13,1-Nov-13,6-Nov-13,ARV,Pediatric,SCMS from RDC,"Efavirenz 200mg, scored tablets, 90 Tabs",Efavirenz,Generic,200mg,Tablet,90.0,5117.0,47588.1,9.3,0.1,"Strides, Bangalore, India.",Yes,333,1956,58.87,,,,,,,,,,,,,,,,,,,,,,,,,,
39226,,FPQ-14942,,,South Africa,,,,,,3/9/2015,,,,,,PHARMACY DIRECT,,Abacavir,Generic,300mg,,,,,,,,,,,,116-ZA-T30,SCMS-259074,ASN-31070,PMO - US,Direct Drop,DDP,Truck,9/11/2014,9-Mar-15,9-Mar-15,9-Mar-15,ARV,Adult,"Abacavir 300mg, tablets, 60 Tabs",Tablet,60.0,5.0,249.26,49.85,0.83,"Aurobindo Unit III, India",No,Weight Captured Separately,Freight Included in Commodity Cost,0.26,
83569,,,,,Côte d'Ivoire,,,,,,N/A - From RDC,,,,,,SCMS from RDC,,Lamivudine,Generic,150mg,,,,,,,,,,,,104-CI-T30,SO-41171,DN-2545,PMO - US,From RDC,N/A - From RDC,Air,11/11/2011,21-May-12,1-Mar-12,1-Mar-12,ARV,Adult,"Lamivudine 150mg, tablets, 60 Tabs",Tablet,60.0,10350.0,24115.5,2.33,0.04,"Aurobindo Unit III, India",Yes,495,20548.8,33.81,FPQ-8787
83901,,,,,Mozambique,,,,,,N/A - From RDC,,,,,,SCMS from RDC,,Efavirenz/Lamivudine/Tenofovir Disoproxil Fumarate,Generic,600/300/300mg,,,,,,,,,,,,111-MZ-T30,SO-50140,DN-4191,PMO - US,From RDC,N/A - From RDC,Truck,10/17/2014,31-May-15,13-May-15,15-May-15,ARV,Adult,"Efavirenz/Lamivudine/Tenofovir Disoproxil Fumarate 600/300/300mg, tablets, 30 Tabs",Tablet - FDC,30.0,122449.0,1175510.4,9.6,0.32,Mylan (formerly Matrix) Nashik,No,See DN-4191 (ID#:83900),See DN-4191 (ID#:83900),1383.58,FPQ-15195
86408,114-UG-T30,FPQ-7267,SO-39070,DN-2333,Uganda,PMO - US,From RDC,N/A - From RDC,Truck,3/4/11,N/A - From RDC,20-Sep-11,6-Sep-11,6-Sep-11,ARV,Adult,SCMS from RDC,"Efavirenz/Emtricitabine/Tenofovir Disoproxil Fumarate 600/200/300mg, tablets, 30 Tabs",Efavirenz/Emtricitabine/Tenofovir Disoproxil Fumarate,Generic,600/200/300mg,Tablet - FDC,30.0,3360.0,66931.2,19.92,0.66,Mylan (formerly Matrix) Nashik,Yes,617,2886.92,110.44,,,,,,,,,,,,,,,,,,,,,,,,,,
81477,161-ZA-T30,FPQ-5648,SCMS-76020,ASN-8901,South Africa,PMO - US,Direct Drop,DDP,Ocean,6/2/10,6/17/10,3-Dec-10,3-Dec-10,3-Dec-10,ARV,Adult,Aurobindo Pharma Limited,"Lamivudine 150mg, tablets, 60 Tabs",Lamivudine,Generic,150mg,Tablet,60.0,75000.0,181500.0,2.42,0.04,"Aurobindo Unit III, India",Yes,2915,6012.42,391.31,,,,,,,,,,,,,,,,,,,,,,,,,,
83426,151-NG-T30,FPQ-4537,SO-36003,DN-1822,Nigeria,PMO - US,From RDC,N/A - From RDC,Air Charter,11/6/09,N/A - From RDC,31-May-10,18-May-10,18-May-10,ARV,Adult,SCMS from RDC,"Lamivudine/Nevirapine/Stavudine 150/200/30mg, tablets, 60 Tabs",Lamivudine/Nevirapine/Stavudine,Generic,150/200/30mg,Tablet - FDC,60.0,72560.0,424476.0,5.85,0.1,"Strides, Bangalore, India.",Yes,5420,9736.1,915.17,,,,,,,,,,,,,,,,,,,,,,,,,,
11292,117-ET-T01,Pre-PQ Process,SO-22020,DN-1052,Ethiopia,PMO - US,From RDC,N/A - From RDC,Air,Pre-PQ Process,N/A - From RDC,3-Mar-09,3-Mar-09,3-Mar-09,ARV,Adult,SCMS from RDC,"Lamivudine/Stavudine 150/30mg, tablets, 60 Tabs",Lamivudine/Stavudine,Generic,150/30mg,Tablet - FDC,60.0,1044.0,3967.2,3.8,0.06,Mylan (formerly Matrix) Nashik,No,See DN-1052 (ID#:10737),See DN-1052 (ID#:10737),7.78,,,,,,,,,,,,,,,,,,,,,,,,,,
11605,114-UG-T01,Pre-PQ Process,SO-10180,DN-898,Uganda,PMO - US,From RDC,N/A - From RDC,Air,Pre-PQ Process,N/A - From RDC,25-Sep-08,25-Sep-08,25-Sep-08,ARV,Pediatric,SCMS from RDC,"Zidovudine 10mg/ml, oral solution, Bottle, 240 ml",Zidovudine,Generic,10mg/ml,Oral solution,240.0,14668.0,30802.8,2.1,0.01,"Aurobindo Unit III, India",Yes,5511,7876.44,49.28,,,,,,,,,,,,,,,,,,,,,,,,,,
86446,,FPQ-8840,,,"Congo, DRC",,,,,,N/A - From RDC,,,,,,SCMS from RDC,,Zidovudine,Generic,300mg,,,,,,,,,,,,101-CD-T30,SO-41141,DN-2505,PMO - US,From RDC,N/A - From RDC,Air,11/21/2011,16-Mar-12,14-Mar-12,14-Mar-12,ARV,Adult,"Zidovudine 300mg, tablets, 60 Tabs",Tablet,60.0,720.0,5054.4,7.02,0.12,Hetero Unit III Hyderabad IN,No,See DN-2505 (ID#:83561),See DN-2505 (ID#:83561),7.09,
82535,,,,,Côte d'Ivoire,,,,,,N/A - From RDC,,,,,,SCMS from RDC,,Lamivudine/Tenofovir Disoproxil Fumarate,Generic,300/300mg,,,,,,,,,,,,104-CI-T30,SO-43270,DN-2974,PMO - US,From RDC,N/A - From RDC,Truck,9/6/2012,10-Jan-13,27-Dec-12,27-Dec-12,ARV,Adult,"Lamivudine/Tenofovir Disoproxil Fumarate 300/300mg, tablets, 30 Tabs",Tablet - FDC,30.0,9767.0,52351.12,5.36,0.18,"Cipla, Kurkumbh, India",Yes,852,3026.61,73.4,FPQ-10626
85108,,,,,Nigeria,,,,,,N/A - From RDC,,,,,,SCMS from RDC,,Lamivudine/Tenofovir Disoproxil Fumarate,Generic,300/300mg,,,,,,,,,,,,151-NG-T30,SO-36010,DN-1810,PMO - US,From RDC,N/A - From RDC,Air Charter,11/6/2009,31-May-10,18-May-10,18-May-10,ARV,Adult,"Lamivudine/Tenofovir Disoproxil Fumarate 300/300mg, tablets, 30 Tabs",Tablet - FDC,30.0,9852.0,98520.0,10.0,0.33,Mylan (formerly Matrix) Nashik,Yes,1078,9736.1,212.41,FPQ-4537
50383,109-TZ-T30,FPQ-7992,SCMS-117230,ASN-13952,Tanzania,PMO - US,Direct Drop,FCA,Air,7/8/11,8/4/11,29-Mar-12,29-Mar-12,29-Mar-12,ARV,Pediatric,LAWRENCE LABORATORIES (SUBSIDIARY OF BRISTOL MYERS SQUIBB),"Didanosine 25mg [Videx], chewable tablets, 60 Tabs",Didanosine,Videx,25mg,Chewable/dispersible tablet,60.0,3000.0,21000.0,7.0,0.12,Bristol-Myers Squibb Anagni IT,No,See ASN-13952 (ID#:16173),See ASN-13952 (ID#:16173),34.65,,,,,,,,,,,,,,,,,,,,,,,,,,
82932,151-NG-T30,FPQ-6243,SO-38320,DN-2090,Nigeria,PMO - US,From RDC,N/A - From RDC,Air Charter,8/25/10,N/A - From RDC,22-Feb-11,16-Feb-11,16-Feb-11,ARV,Pediatric,SCMS from RDC,"Efavirenz 200mg, capsule, 90 Caps",Efavirenz,Generic,200mg,Capsule,90.0,1050.0,10174.5,9.69,0.11,"Aurobindo Unit III, India",No,See DN-2090 (ID#:82366),See DN-2090 (ID#:82366),21.94,,,,,,,,,,,,,,,,,,,,,,,,,,
85422,,,,,Guyana,,,,,,N/A - From RDC,,,,,,SCMS from RDC,,Lamivudine,Generic,10mg/ml,,,,,,,,,,,,105-GY-T30,SO-46070,DN-3408,PMO - US,From RDC,N/A - From RDC,Air,7/16/2013,31-Dec-13,30-Nov-13,23-Dec-13,ARV,Pediatric,"Lamivudine 10mg/ml, oral solution w/syringe, Bottle, 240 ml",Oral solution,240.0,81.0,117.45,1.45,0.01,"Aurobindo Unit III, India",Yes,32,728.3,0.15,FPQ-12619
31963,116-ZA-T30,FPQ-11828,SCMS-183950,ASN-19166,South Africa,South Africa Field Office,Direct Drop,DDP,Truck,3/18/13,Date Not Captured,16-Apr-13,16-Apr-13,16-Apr-13,ARV,Adult,S. BUYS WHOLESALER,"Didanosine 250mg, delayed-release capsules, 30 Caps",Didanosine,Generic,250mg,Delayed-release capsules,30.0,2.0,30.85,15.42,0.51,"Aurobindo Unit III, India",No,Weight Captured Separately,Freight Included in Commodity Cost,0.04,,,,,,,,,,,,,,,,,,,,,,,,,,
47923,113-ZW-T30,FPQ-3998,SCMS-50150,ASN-4753,Zimbabwe,PMO - US,Direct Drop,EXW,Air,7/14/09,7/25/09,7-Sep-09,7-Sep-09,7-Sep-09,HRDT,HIV test,"Orgenics, Ltd","HIV 1/2, Determine Complete HIV Kit, 100 Tests","HIV 1/2, Determine Complete HIV Kit",Determine,,Test kit,100.0,1000.0,72000.0,72.0,0.72,Inverness Japan,Yes,324,3791.81,141.12,,,,,,,,,,,,,,,,,,,,,,,,,,
45267,,FPQ-11440,,,Mozambique,,,,,,1/17/2013,,,,,,"Trinity Biotech, Plc",,"HIV 1/2, Uni-Gold HIV Kit",Uni-Gold,,,,,,,,,,,,,111-MZ-T30,SCMS-174050,ASN-18080,PMO - US,Direct Drop,EXW,Air,1/9/2013,17-Mar-13,17-Mar-13,17-Mar-13,HRDT,HIV test,"HIV 1/2, Uni-Gold HIV Kit, 20 Tests",Test kit,20.0,151.0,4832.0,32.0,1.6,"Trinity Biotech, Plc",Yes,54,1032.57,5.98,
84430,,,,,Côte d'Ivoire,,,,,,N/A - From RDC,,,,,,SCMS from RDC,,Lopinavir/Ritonavir,Generic,200/50mg,,,,,,,,,,,,104-CI-T30,SO-47912,DN-4024,PMO - US,From RDC,N/A - From RDC,Truck,1/29/2014,30-Jan-15,11-Feb-15,16-Feb-15,ARV,Adult,"Lopinavir/Ritonavir 200/50mg, tablets, 120 Tabs",Tablet,120.0,10275.0,213720.0,20.8,0.17,"Aurobindo Unit III, India",No,See DN-4024 (ID#:82756),See DN-4024 (ID#:82756),219.7,FPQ-13628
84623,,,,,Zimbabwe,,,,,,N/A - From RDC,,,,,,SCMS from RDC,,Lamivudine/Nevirapine/Stavudine,Generic,150/200/30mg,,,,,,,,,,,,113-ZW-T30,SO-37830,DN-2127,PMO - US,From RDC,N/A - From RDC,Truck,10/13/2010,31-Mar-11,17-Mar-11,17-Mar-11,ARV,Adult,"Lamivudine/Nevirapine/Stavudine 150/200/30mg, tablets, 60 Tabs",Tablet - FDC,60.0,66645.0,370546.2,5.56,0.09,"Strides, Bangalore, India.",No,See DN-2127 (ID#:82371),See DN-2127 (ID#:82371),798.9,FPQ-6470
77772,,,,,Uganda,,,,,,3/18/2010,,,,,,ABBVIE LOGISTICS (FORMERLY ABBOTT LOGISTICS BV),,Lopinavir/Ritonavir,Aluvia,200/50mg,,,,,,,,,,,,114-UG-T30,SCMS-68320,ASN-6788,PMO - US,Direct Drop,FCA,Air,3/12/2010,12-May-10,12-May-10,12-May-10,ARV,Adult,"Lopinavir/Ritonavir 200/50mg [Aluvia], tablets, 120 Tabs",Tablet,120.0,160.0,5785.6,36.16,0.3,ABBVIE Ludwigshafen Germany,Yes,47,1238.94,12.47,FPQ-5277
38510,106-HT-T30,FPQ-16241,SCMS-288890,ASN-32682,Haiti,PMO - US,Direct Drop,EXW,Ocean,5/5/15,5/27/15,13-Aug-15,13-Aug-15,14-Aug-15,ARV,Adult,HETERO LABS LIMITED,"Lamivudine/Nevirapine/Zidovudine 150/200/300mg, tablets, 60 Tabs",Lamivudine/Nevirapine/Zidovudine,Generic,150/300/200mg,Tablet - FDC,60.0,55536.0,449841.6,8.1,0.13,"Hetero, Jadcherla, unit 5, IN",Yes,Weight Captured Separately,Invoiced Separately,529.46,,,,,,,,,,,,,,,,,,,,,,,,,,
86625,113-ZW-T30,FPQ-10895,SO-43550,DN-3404,Zimbabwe,PMO - US,From RDC,N/A - From RDC,Truck,10/25/12,N/A - From RDC,30-Nov-13,25-Nov-13,9-Dec-13,ARV,Adult,SCMS from RDC,"Efavirenz/Lamivudine/Tenofovir Disoproxil Fumarate 600/300/300mg, tablets, 30 Tabs",Efavirenz/Lamivudine/Tenofovir Disoproxil Fumarate,Generic,600/300/300mg,Tablet - FDC,30.0,20160.0,224784.0,11.15,0.37,Mylan (formerly Matrix) Nashik,Yes,2277,10942.88,278.06,,,,,,,,,,,,,,,,,,,,,,,,,,
84879,,FPQ-11884,,,Mozambique,,,,,,N/A - From RDC,,,,,,SCMS from RDC,,Efavirenz/Lamivudine/Tenofovir Disoproxil Fumarate,Generic,600/300/300mg,,,,,,,,,,,,111-MZ-T30,SO-44840,DN-3485,PMO - US,From RDC,N/A - From RDC,Truck,3/19/2013,20-Mar-14,28-Mar-14,4-Apr-14,ARV,Adult,"Efavirenz/Lamivudine/Tenofovir Disoproxil Fumarate 600/300/300mg, tablets, 30 Tabs",Tablet - FDC,30.0,70000.0,780500.0,11.15,0.37,"Aurobindo Unit VII, IN",Yes,18957,16813.62,965.48,
14846,101-CD-T30,FPQ-11103,SCMS-170640,ASN-18068,"Congo, DRC",PMO - US,Direct Drop,FCA,Air,12/7/12,1/3/13,16-Apr-13,16-Apr-13,16-Apr-13,ARV,Pediatric,ABBVIE LOGISTICS (FORMERLY ABBOTT LOGISTICS BV),"Lopinavir/Ritonavir 80/20mg/ml [Kaletra], oral solution, cool, Bottle 5 x 60 ml",Lopinavir/Ritonavir,Kaletra,80/20mg/ml,Oral solution,300.0,60.0,1849.2,30.82,0.1,ABBVIE (Abbott) Logis. UK,Yes,113,2570.86,2.29,,,,,,,,,,,,,,,,,,,,,,,,,,
83713,,FPQ-12587,,,Tanzania,,,,,,N/A - From RDC,,,,,,SCMS from RDC,,Abacavir,Generic,300mg,,,,,,,,,,,,109-TZ-T30,SO-45991,DN-3304,PMO - US,From RDC,N/A - From RDC,Truck,7/4/2013,20-Nov-13,9-Sep-13,9-Sep-13,ARV,Adult,"Abacavir 300mg, tablets, 60 Tabs",Tablet,60.0,2788.0,31950.48,11.46,0.19,"Aurobindo Unit III, India",Yes,285,1883,39.52,
30508,,FPQ-7520,,,Rwanda,,,,,,4/28/2011,,,,,,"Trinity Biotech, Plc",,"HIV 1/2, Uni-Gold HIV Kit",Uni-Gold,,,,,,,,,,,,,107-RW-T30,SCMS-106800,ASN-10852,PMO - US,Direct Drop,EXW,Air,4/3/2011,28-Jun-11,28-Jun-11,28-Jun-11,HRDT,HIV test,"HIV 1/2, Uni-Gold HIV Kit, 20 Tests",Test kit,20.0,240.0,7680.0,32.0,1.6,"Trinity Biotech, Plc",Yes,83,1215.46,12.67,
40702,,FPQ-15569,,,South Sudan,,,,,,2/20/2015,,,,,,"Orgenics, Ltd",,"Chase Buffer, Determine, 100 Tests, 2.5ml x 1 Vial",Determine,,,,,,,,,,,,,105-SS-T30,SCMS-272160,ASN-31321,PMO - US,Direct Drop,EXW,Air,12/29/2014,3-Jun-15,3-Jun-15,5-Jun-15,HRDT,HIV test - Ancillary,"Chase Buffer, Determine, 100 Tests, 2.5ml x 1 Vial",Test kit - Ancillary,1.0,45.0,225.0,5.0,5.0,"Alere Medical Co., Ltd.",No,See ASN-31321 (ID#:30363),See ASN-31321 (ID#:30363),0.26,
7477,116-ZA-T01,Pre-PQ Process,SCMS-33320,ASN-3553,South Africa,PMO - US,Direct Drop,DDP,Truck,Pre-PQ Process,Date Not Captured,17-May-09,9-Oct-08,9-Oct-08,ARV,Pediatric,S. BUYS WHOLESALER,"Didanosine 25mg [Videx], chewable tablets, 60 Tabs",Didanosine,Videx,25mg,Chewable/dispersible tablet,60.0,10.0,123.1,12.31,0.21,"BMS Meymac, France",No,Weight Captured Separately,Freight Included in Commodity Cost,0.24,,,,,,,,,,,,,,,,,,,,,,,,,,
86082,109-TZ-T30,FPQ-13566,SO-47662,DN-3700,Tanzania,PMO - US,From RDC,N/A - From RDC,Truck,1/15/14,N/A - From RDC,29-Jul-14,2-Aug-14,4-Aug-14,ARV,Pediatric,SCMS from RDC,"Lamivudine/Nevirapine/Zidovudine 30/50/60mg, dispersible tablets, 60 Tabs",Lamivudine/Nevirapine/Zidovudine,Generic,30/50/60mg,Chewable/dispersible tablet - FDC,60.0,14789.0,55458.75,3.75,0.06,Mylan (formerly Matrix) Nashik,Yes,825,5137.06,57.01,,,,,,,,,,,,,,,,,,,,,,,,,,
32883,,,,,South Africa,,,,,,11/4/2014,,,,,,PHARMACY DIRECT,,Lamivudine/Zidovudine,Generic,150/300mg,,,,,,,,,,,,116-ZA-T30,SCMS-238555,ASN-29257,PMO - US,Direct Drop,DDP,Truck,4/30/2014,5-Nov-14,5-Nov-14,5-Nov-14,ARV,Adult,"Lamivudine/Zidovudine 150/300mg, tablets, 60 Tabs",Tablet - FDC,60.0,19.0,592.65,31.19,0.52,"Aurobindo Unit III, India",No,Weight Captured Separately,Freight Included in Commodity Cost,0.61,FPQ-13973
12756,112-NG-T01,Pre-PQ Process,SO-1570,DN-535,Nigeria,PMO - US,From RDC,N/A - From RDC,Air,Pre-PQ Process,N/A - From RDC,9-Jan-08,9-Jan-08,9-Jan-08,ARV,Adult,SCMS from RDC,"Zidovudine 300mg, tablets, 60 Tabs",Zidovudine,Generic,300mg,Tablet,60.0,125.0,1018.75,8.15,0.14,"Aurobindo Unit III, India",No,See DN-535 (ID#:10658),See DN-535 (ID#:10658),1.63,,,,,,,,,,,,,,,,,,,,,,,,,,
84157,,,,,Côte d'Ivoire,,,,,,N/A - From RDC,,,,,,SCMS from RDC,,Lamivudine/Zidovudine,Generic,150/300mg,,,,,,,,,,,,104-CI-T30,SO-40830,DN-2612,PMO - US,From RDC,N/A - From RDC,Truck,8/29/2011,27-Apr-12,19-Apr-12,19-Apr-12,ARV,Adult,"Lamivudine/Zidovudine 150/300mg, tablets, 60 Tabs",Tablet - FDC,60.0,7273.0,60074.98,8.26,0.14,"Cipla, Goa, India",Yes,650,4029.71,99.12,FPQ-8363
75733,,,,,South Sudan,,,,,,7/31/2014,,,,,,CIPLA LIMITED,,Lamivudine/Zidovudine,Generic,30/60mg,,,,,,,,,,,,103-SS-T30,SCMS-249920,ASN-29167,PMO - US,Direct Drop,EXW,Air,6/30/2014,11-Dec-14,11-Dec-14,16-Dec-14,ARV,Pediatric,"Lamivudine/Zidovudine 30/60mg, dispersible tablets, 60 Tabs",Chewable/dispersible tablet - FDC,60.0,635.0,1206.5,1.9,0.03,"Cipla, Goa, India",Yes,59,1944.99,1.24,FPQ-14517
82371,,,,,Zimbabwe,,,,,,N/A - From RDC,,,,,,SCMS from RDC,,Lamivudine/Tenofovir Disoproxil Fumarate,Generic,300/300mg,,,,,,,,,,,,113-ZW-T30,SO-37830,DN-2127,PMO - US,From RDC,N/A - From RDC,Truck,10/13/2010,31-Mar-11,17-Mar-11,17-Mar-11,ARV,Adult,"Lamivudine/Tenofovir Disoproxil Fumarate 300/300mg, tablets, 30 Tabs",Tablet - FDC,30.0,97100.0,856422.0,8.82,0.29,Mylan (formerly Matrix) Nashik,Yes,14340,16222.85,1846.45,FPQ-6470
12656,104-CI-T01,Pre-PQ Process,SO-517,DN-160,Côte d'Ivoire,PMO - US,From RDC,N/A - From RDC,,Pre-PQ Process,N/A - From RDC,15-Jun-07,15-Jun-07,15-Jun-07,ARV,Adult,SCMS from RDC,"Nelfinavir (as mesilate) 250mg [Viracept], tablets, 270 Tabs",Nelfinavir (as mesilate),Viracept,250mg,Tablet,270.0,460.0,37453.2,81.42,0.3,Roche Madrid,No,See DN-160 (ID#:11397),See DN-160 (ID#:11397),,,,,,,,,,,,,,,,,,,,,,,,,,,
83411,,,,,Zimbabwe,,,,,,N/A - From RDC,,,,,,SCMS from RDC,,Lamivudine/Zidovudine,Generic,150/300mg,,,,,,,,,,,,113-ZW-T30,SO-36120,DN-1739,PMO - US,From RDC,N/A - From RDC,Air,3/4/2010,27-May-10,31-Mar-10,31-Mar-10,ARV,Adult,"Lamivudine/Zidovudine 150/300mg, tablets, 60 Tabs",Tablet - FDC,60.0,12000.0,105120.0,8.76,0.15,"Aurobindo Unit III, India",Yes,1088,4170.65,226.64,FPQ-5278
62521,,FPQ-3967,,,Côte d'Ivoire,,,,,,9/14/2009,,,,,,MYLAN LABORATORIES LTD (FORMERLY MATRIX LABORATORIES),,Abacavir/Lamivudine/Zidovudine,Generic,300/150/300mg,,,,,,,,,,,,104-CI-T30,SCMS-52660,ASN-5864,PMO - US,Direct Drop,EXW,Air,8/21/2009,5-Feb-10,5-Feb-10,5-Feb-10,ARV,Adult,"Abacavir/Lamivudine/Zidovudine 300/150/300mg, tablets, 60 Tabs",Tablet - FDC,60.0,2688.0,86016.0,32.0,0.53,Mylan (formerly Matrix) Nashik,Yes,421,4022.89,168.59,
86388,151-NG-T30,FPQ-7217,SO-39700,DN-2229,Nigeria,PMO - US,From RDC,N/A - From RDC,Air Charter,2/21/11,N/A - From RDC,15-Jun-11,6-Jul-11,6-Jul-11,ARV,Adult,SCMS from RDC,"Nevirapine 200mg, tablets, 60 Tabs",Nevirapine,Generic,200mg,Tablet,60.0,64995.0,163137.45,2.51,0.04,"Strides, Bangalore, India.",Yes,4618,13398.06,269.18,,,,,,,,,,,,,,,,,,,,,,,,,,
74858,,,,,Haiti,,,,,,6/28/2012,,,,,,LAWRENCE LABORATORIES (SUBSIDIARY OF BRISTOL MYERS SQUIBB),,Stavudine,Zerit,1mg/ml,,,,,,,,,,,,106-HT-T30,SCMS-148870,ASN-16439,PMO - US,Direct Drop,FCA,Air,5/14/2012,4-Oct-12,4-Oct-12,4-Oct-12,ARV,Pediatric,"Stavudine 1mg/ml [Zerit], powder for oral solution, Bottle, 200 ml",Powder for oral solution,200.0,90.0,135.0,1.5,0.01,Bristol-Myers Squibb Anagni IT,Yes,Weight Captured Separately,Invoiced Separately,0.19,FPQ-9635
85786,,,,,Mozambique,,,,,,N/A - From RDC,,,,,,SCMS from RDC,,Stavudine,Generic,30mg,,,,,,,,,,,,111-MZ-T30,SO-40410,DN-2335,PMO - US,From RDC,N/A - From RDC,Truck,1/24/2011,20-Sep-11,30-Sep-11,30-Sep-11,ARV,Adult,"Stavudine 30mg, capsules, 60 Caps",Capsule,60.0,538.0,753.2,1.4,0.02,"Aurobindo Unit III, India",Yes,43,888.93,1.24,FPQ-7053
4635,,,,,Vietnam,,,,,,7/1/2008,,,,,,Aurobindo Pharma Limited,,Nevirapine,Generic,200mg,,,,,,,,,,,,108-VN-T01,SCMS-26171,ASN-2515,PMO - US,Direct Drop,EXW,Air,Pre-PQ Process,25-Sep-08,25-Sep-08,25-Sep-08,ARV,Adult,"Nevirapine 200mg, tablets, 60 Tabs",Tablet,60.0,1848.0,5359.2,2.9,0.05,"Aurobindo Unit III, India",Yes,327,3171.36,8.57,Pre-PQ Process
11685,151-NG-T01,Pre-PQ Process,SO-27825,DN-1444,Nigeria,PMO - US,From RDC,N/A - From RDC,Air Charter,Date Not Captured,N/A - From RDC,20-Oct-09,20-Oct-09,20-Oct-09,ARV,Adult,SCMS from RDC,"Emtricitabine/Tenofovir Disoproxil Fumarate 200/300mg, tablets, 30 Tabs",Emtricitabine/Tenofovir Disoproxil Fumarate,Generic,200/300mg,Tablet - FDC,30.0,243.0,2855.25,11.75,0.39,Mylan (formerly Matrix) Nashik,Yes,22,9341.49,5.6,,,,,,,,,,,,,,,,,,,,,,,,,,
6431,104-CI-T01,Pre-PQ Process,SCMS-42240,ASN-4457,Côte d'Ivoire,PMO - US,Direct Drop,FCA,Air,Pre-PQ Process,3/30/09,24-Aug-09,24-Aug-09,24-Aug-09,ARV,Pediatric,ABBVIE LOGISTICS (FORMERLY ABBOTT LOGISTICS BV),"Lopinavir/Ritonavir 80/20mg/ml [Kaletra], oral solution, cool, Bottle 5 x 60 ml",Lopinavir/Ritonavir,Kaletra,80/20mg/ml,Oral solution,300.0,50.0,2055.0,41.1,0.14,ABBVIE (Abbott) Logis. UK,Yes,99,1939.99,4.03,,,,,,,,,,,,,,,,,,,,,,,,,,
67448,,FPQ-13973,,,South Africa,,,,,,6/25/2014,,,,,,PHARMACY DIRECT,,Tenofovir Disoproxil Fumarate,Generic,300mg,,,,,,,,,,,,116-ZA-T30,SCMS-238551,ASN-26882,PMO - US,Direct Drop,DDP,Truck,4/30/2014,25-Jun-14,25-Jun-14,25-Jun-14,ARV,Adult,"Tenofovir Disoproxil Fumarate 300mg, tablets, 30 Tabs",Tablet,30.0,91.0,1644.26,18.07,0.6,Mylan (formerly Matrix) Nashik,No,Weight Captured Separately,Freight Included in Commodity Cost,1.69,
84832,104-CI-T30,FPQ-11254,SO-44120,DN-3246,Côte d'Ivoire,PMO - US,From RDC,N/A - From RDC,Truck,12/14/12,N/A - From RDC,1-Aug-13,23-Jul-13,23-Jul-13,ARV,Adult,SCMS from RDC,"Tenofovir Disoproxil Fumarate 300mg, tablets, 30 Tabs",Tenofovir Disoproxil Fumarate,Generic,300mg,Tablet,30.0,3000.0,12120.0,4.04,0.13,Mylan (formerly Matrix) Nashik,Yes,188,1478.35,14.99,,,,,,,,,,,,,,,,,,,,,,,,,,
34960,,,,,Tanzania,,,,,,7/18/2011,,,,,,"Standard Diagnostics, Inc.",,"HIV 1/2, Bioline 3.0 Kit, Lancets, Capillary pipets, Alcohol swabs included",Bioline,,,,,,,,,,,,,109-TZ-T30,SCMS-114980,ASN-12870,PMO - US,Direct Drop,EXW,Air,6/24/2011,29-Sep-11,20-Sep-11,20-Sep-11,HRDT,HIV test,"HIV 1/2, Bioline 3.0 Kit, Lancets, Capillary pipets, Alcohol swabs included, 25 Tests",Test kit,25.0,10000.0,200000.0,20.0,0.8,"Standard Diagnostics, Korea",Yes,Weight Captured Separately,Invoiced Separately,330.0,FPQ-7909
9836,107-RW-T01,Pre-PQ Process,SCMS-25910,ASN-2390,Rwanda,PMO - US,Direct Drop,CIP,Air,Pre-PQ Process,8/6/08,23-Sep-08,23-Sep-08,23-Sep-08,ARV,Adult,HETERO LABS LIMITED,"Efavirenz 600mg, tablets, 30 Tabs",Efavirenz,Generic,600mg,Tablet,30.0,83400.0,931578.0,11.17,0.37,Hetero Unit III Hyderabad IN,Yes,6701,87692.85,1490.52,,,,,,,,,,,,,,,,,,,,,,,,,,
75336,,,,,Vietnam,,,,,,8/14/2012,,,,,,Aurobindo Pharma Limited,,Efavirenz,Generic,600mg,,,,,,,,,,,,108-VN-T30,SCMS-156140,ASN-17077,PMO - US,Direct Drop,EXW,Air,7/25/2012,10-Dec-12,10-Dec-12,10-Dec-12,ARV,Adult,"Efavirenz 600mg, tablets, 30 Tabs",Tablet,30.0,14119.0,46592.7,3.3,0.11,"Aurobindo Unit III, India",No,See ASN-17077 (ID#:37031),See ASN-17077 (ID#:37031),65.32,FPQ-10287
48958,101-CD-T30,FPQ-13548,SCMS-224840,ASN-24721,"Congo, DRC",PMO - US,Direct Drop,EXW,Air,1/22/14,1/28/14,4-Apr-14,4-Apr-14,28-Apr-14,HRDT,HIV test,"Trinity Biotech, Plc","HIV 1/2, Uni-Gold HIV Kit, 20 Tests","HIV 1/2, Uni-Gold HIV Kit",Uni-Gold,,Test kit,20.0,30.0,960.0,32.0,1.6,"Trinity Biotech, Plc",No,See ASN-24721 (ID#:13708),See ASN-24721 (ID#:13708),0.99,,,,,,,,,,,,,,,,,,,,,,,,,,
12836,,,,,Mozambique,,,,,,N/A - From RDC,,,,,,SCMS from RDC,,Indinavir,Crixivan,400mg,,,,,,,,,,,,111-MZ-T01,SO-15080,DN-1034,PMO - US,From RDC,N/A - From RDC,Air,Pre-PQ Process,21-Feb-09,21-Feb-09,21-Feb-09,ARV,Adult,"Indinavir 400mg [Crixivan], capsules, 180 Caps",Capsule,180.0,252.0,12600.0,50.0,0.28,"MSD, Haarlem, NL",No,See DN-1034 (ID#:10732),See DN-1034 (ID#:10732),24.7,Pre-PQ Process
53683,,,,,South Africa,,,,,,10/15/2009,,,,,,S. BUYS WHOLESALER,,Didanosine EC,Videx EC,400mg,,,,,,,,,,,,116-ZA-T30,SCMS-54980,ASN-5373,PMO - US,Direct Drop,DDP,Truck,10/8/2009,19-Oct-09,19-Oct-09,19-Oct-09,ARV,Adult,"Didanosine EC 400mg [Videx EC], delayed-release capsules, Blister 3 x 10 Caps",Delayed-release capsules - blister,30.0,140.0,3996.98,28.55,0.95,"BMS Meymac, France",No,Weight Captured Separately,Freight Included in Commodity Cost,7.83,FPQ-4359
10651,,,,,Mozambique,,,,,,N/A - From RDC,,,,,,SCMS from RDC,,Stavudine,Generic,30mg,,,,,,,,,,,,111-MZ-T01,SO-1039,DN-601,PMO - US,From RDC,N/A - From RDC,Air,Pre-PQ Process,8-Apr-08,5-Apr-08,5-Apr-08,ARV,Adult,"Stavudine 30mg, capsules, 60 Caps",Capsule,60.0,120.0,182.4,1.52,0.03,"Aurobindo Unit III, India",Yes,5092,8118.64,0.29,Pre-PQ Process
85507,,,,,Zambia,,,,,,N/A - From RDC,,,,,,SCMS from RDC,,Efavirenz/Lamivudine/Tenofovir Disoproxil Fumarate,Generic,600/300/300mg,,,,,,,,,,,,110-ZM-T30,SO-48000,DN-3819,PMO - US,From RDC,N/A - From RDC,Truck,2/6/2014,31-Jul-14,23-Jul-14,28-Aug-14,ARV,Adult,"Efavirenz/Lamivudine/Tenofovir Disoproxil Fumarate 600/300/300mg, tablets, 30 Tabs",Tablet - FDC,30.0,106280.0,1145698.4,10.78,0.36,"Aurobindo Unit VII, IN",No,See DN-3819 (ID#:85506),See DN-3819 (ID#:85506),1177.78,FPQ-13692
82869,114-UG-T30,FPQ-4497,SO-34870,DN-1733,Uganda,PMO - US,From RDC,N/A - From RDC,Air,10/28/09,N/A - From RDC,31-Mar-10,19-Mar-10,19-Mar-10,ARV,Adult,SCMS from RDC,"Efavirenz 600mg, tablets, 30 Tabs",Efavirenz,Generic,600mg,Tablet,30.0,1000.0,5130.0,5.13,0.17,"Aurobindo Unit III, India",Yes,95,3549.77,11.06,,,,,,,,,,,,,,,,,,,,,,,,,,
11569,,Pre-PQ Process,,,Rwanda,,,,,,N/A - From RDC,,,,,,SCMS from RDC,,Lamivudine/Zidovudine,Generic,150/300mg,,,,,,,,,,,,107-RW-T01,SO-24620,DN-1117,PMO - US,From RDC,N/A - From RDC,Air,Pre-PQ Process,6-Mar-09,6-Mar-09,6-Mar-09,ARV,Adult,"Lamivudine/Zidovudine 150/300mg, tablets, 60 Tabs",Tablet - FDC,60.0,15000.0,131400.0,8.76,0.15,"Aurobindo Unit III, India",Yes,1364,21215.4,257.54,
17697,,FPQ-6384,,,Vietnam,,,,,,10/18/2010,,,,,,HETERO LABS LIMITED,,Lamivudine/Nevirapine/Stavudine,Generic,150/200/30mg,,,,,,,,,,,,108-VN-T30,SCMS-87770,ASN-9407,PMO - US,Direct Drop,EXW,Air,9/30/2010,9-Feb-11,9-Feb-11,9-Feb-11,ARV,Adult,"Lamivudine/Nevirapine/Stavudine 150/200/30mg, tablets, 60 Tabs",Tablet - FDC,60.0,19760.0,94848.0,4.8,0.08,Hetero Unit III Hyderabad IN,Yes,3998,12974.12,204.49,
60966,901-LR-T30,FPQ-8135,SCMS-118700,ASN-12267,Liberia,PMO - US,Direct Drop,EXW,Air,8/4/11,8/18/11,13-Oct-11,13-Oct-11,13-Oct-11,HRDT,HIV test,"Orgenics, Ltd","HIV 1/2, Determine Complete HIV Kit, 100 Tests","HIV 1/2, Determine Complete HIV Kit",Determine,,Test kit,100.0,695.0,55600.0,80.0,0.8,"Alere Medical Co., Ltd.",Yes,332,8738.06,91.74,,,,,,,,,,,,,,,,,,,,,,,,,,
82979,105-GY-T30,FPQ-8023,SO-40440,DN-2348,Guyana,PMO - US,From RDC,N/A - From RDC,Air,8/19/11,N/A - From RDC,18-Oct-11,3-Oct-11,3-Oct-11,ARV,Adult,SCMS from RDC,"Abacavir 300mg, tablets, 60 Tabs",Abacavir,Generic,300mg,Tablet,60.0,89.0,1302.07,14.63,0.24,Mylan (formerly Matrix) Nashik,No,See DN-2348 (ID#:82402),See DN-2348 (ID#:82402),2.15,,,,,,,,,,,,,,,,,,,,,,,,,,
83114,,FPQ-10674,,,Zimbabwe,,,,,,N/A - From RDC,,,,,,SCMS from RDC,,Abacavir/Lamivudine,Generic,600/300mg,,,,,,,,,,,,102-ZW-T30,SO-43240,DN-3037,PMO - US,From RDC,N/A - From RDC,Truck,9/18/2012,30-Mar-13,23-Mar-13,23-Mar-13,ARV,Adult,"Abacavir/Lamivudine 600/300mg, scored tablets, 30 Tabs",Tablet - FDC,30.0,270.0,3769.2,13.96,0.47,Mylan (formerly Matrix) Nashik,Yes,18,1100,5.28,
28617,104-CI-T30,FPQ-8209,SCMS-124120,ASN-12957,Côte d'Ivoire,PMO - US,Direct Drop,EXW,Air,8/11/11,10/5/11,14-Dec-11,14-Dec-11,14-Dec-11,HRDT,HIV test,"Orgenics, Ltd","HIV 1/2, Determine Complete HIV Kit, 100 Tests","HIV 1/2, Determine Complete HIV Kit",Determine,,Test kit,100.0,1384.0,110720.0,80.0,0.8,"Alere Medical Co., Ltd.",Yes,661,13740.74,182.69,,,,,,,,,,,,,,,,,,,,,,,,,,
43912,106-HT-T30,FPQ-15038,SCMS-263170,ASN-31573,Haiti,PMO - US,Direct Drop,EXW,Air,10/22/14,12/24/14,11-May-15,11-May-15,13-May-15,ARV,Adult,Aurobindo Pharma Limited,"Lamivudine/Zidovudine 150/300mg, tablets, 60 Tabs",Lamivudine/Zidovudine,Generic,150/300mg,Tablet - FDC,60.0,1217.0,8239.09,6.77,0.11,"Aurobindo Unit III, India",Yes,124,976.44,8.47,,,,,,,,,,,,,,,,,,,,,,,,,,
52081,,FPQ-6262,,,South Africa,,,,,,9/24/2010,,,,,,Aurobindo Pharma Limited,,Lamivudine/Zidovudine,Generic,150/300mg,,,,,,,,,,,,161-ZA-T30,SCMS-83830,ASN-9942,PMO - US,Direct Drop,DDP,Ocean,8/31/2010,3-May-11,3-May-11,3-May-11,ARV,Adult,"Lamivudine/Zidovudine 150/300mg, tablets, 60 Tabs",Tablet - FDC,60.0,25000.0,209000.0,8.36,0.14,"Aurobindo Unit III, India",Yes,2275,3073.74,450.6,
10791,104-CI-T01,Pre-PQ Process,SO-32840,DN-1388,Côte d'Ivoire,PMO - US,From RDC,N/A - From RDC,Air,Date Not Captured,N/A - From RDC,28-Sep-09,28-Sep-09,28-Sep-09,ARV,Adult,SCMS from RDC,"Zidovudine 300mg, tablets, 60 Tabs",Zidovudine,Generic,300mg,Tablet,60.0,7000.0,52710.0,7.53,0.13,Hetero Unit III Hyderabad IN,Yes,396,6087.84,103.31,,,,,,,,,,,,,,,,,,,,,,,,,,
86801,,FPQ-13575,,,Mozambique,,,,,,N/A - From RDC,,,,,,SCMS from RDC,,Lamivudine/Nevirapine/Zidovudine,Generic,150/300/200mg,,,,,,,,,,,,111-MZ-T30,SO-47707,DN-4234,PMO - US,From RDC,N/A - From RDC,Truck,1/17/2014,29-May-15,15-Jun-15,15-Jun-15,ARV,Adult,"Lamivudine/Nevirapine/Zidovudine 150/200/300mg, tablets, 60 Tabs",Tablet - FDC,60.0,28516.0,220143.52,7.72,0.13,Hetero Unit III Hyderabad IN,Yes,3772,3567.08,226.31,
12898,,,,,Mozambique,,,,,,N/A - From RDC,,,,,,SCMS from RDC,,Lamivudine,Generic,150mg,,,,,,,,,,,,111-MZ-T01,SO-26423,DN-1332,PMO - US,From RDC,N/A - From RDC,Truck,Date Not Captured,27-Aug-09,27-Aug-09,27-Aug-09,ARV,Adult,"Lamivudine 150mg, tablets, 60 Tabs",Tablet,60.0,1894.0,4621.36,2.44,0.04,"Aurobindo Unit III, India",No,See DN-1332 (ID#:11663),See DN-1332 (ID#:11663),9.06,Pre-PQ Process
83761,,FPQ-12587,,,Tanzania,,,,,,N/A - From RDC,,,,,,SCMS from RDC,,Emtricitabine/Tenofovir Disoproxil Fumarate,Generic,200/300mg,,,,,,,,,,,,109-TZ-T30,SO-45999,DN-3531,PMO - US,From RDC,N/A - From RDC,Truck,7/4/2013,31-Jan-14,19-Feb-14,24-Feb-14,ARV,Adult,"Emtricitabine/Tenofovir Disoproxil Fumarate 200/300mg, tablets, 30 Tabs",Tablet - FDC,30.0,40000.0,234800.0,5.87,0.2,"Aurobindo Unit III, India",Yes,7393,7083.18,290.45,
83461,,FPQ-4694,,,Zimbabwe,,,,,,N/A - From RDC,,,,,,SCMS from RDC,,Efavirenz,Generic,600mg,,,,,,,,,,,,113-ZW-T30,SO-35370,DN-2041,PMO - US,From RDC,N/A - From RDC,Truck,12/8/2009,30-Nov-10,25-Nov-10,25-Nov-10,ARV,Adult,"Efavirenz 600mg, tablets, 30 Tabs",Tablet,30.0,5900.0,26668.0,4.52,0.15,"Aurobindo Unit III, India",Yes,12810,15919.75,57.5,
62077,,FPQ-15038,,,Haiti,,,,,,1/7/2015,,,,,,HETERO LABS LIMITED,,Efavirenz/Lamivudine/Tenofovir Disoproxil Fumarate,Generic,600/300/300mg,,,,,,,,,,,,106-HT-T30,SCMS-262980,ASN-30463,PMO - US,Direct Drop,EXW,Ocean,10/22/2014,9-Apr-15,9-Apr-15,13-Apr-15,ARV,Adult,"Efavirenz/Lamivudine/Tenofovir Disoproxil Fumarate 600/300/300mg, tablets, 30 Tabs",Tablet - FDC,30.0,39015.0,399903.75,10.25,0.34,Hetero Unit III Hyderabad IN,No,See ASN-30463 (ID#:15460),See ASN-30463 (ID#:15460),411.1,
10961,110-ZM-T01,Pre-PQ Process,SO-2550,DN-839,Zambia,PMO - US,From RDC,N/A - From RDC,Truck,Pre-PQ Process,N/A - From RDC,20-Aug-08,20-Aug-08,20-Aug-08,ARV,Adult,SCMS from RDC,"Lamivudine/Nevirapine/Stavudine 150/200/30mg, tablets, 60 Tabs",Lamivudine/Nevirapine/Stavudine,Generic,150/200/30mg,Tablet - FDC,60.0,40000.0,288000.0,7.2,0.12,"Strides, Bangalore, India.",Yes,7393,6051.02,460.8,,,,,,,,,,,,,,,,,,,,,,,,,,
42334,,FPQ-5293,,,Sudan,,,,,,3/24/2010,,,,,,"Standard Diagnostics, Inc.",,"HIV 1/2, Bioline 3.0 Kit, Lancets, Capillary pipets, Alcohol swabs included",Bioline,,,,,,,,,,,,,102-SD-T30,SCMS-68640,ASN-6657,PMO - US,Direct Drop,EXW,Air,3/15/2010,7-May-10,7-May-10,7-May-10,HRDT,HIV test,"HIV 1/2, Bioline 3.0 Kit, Lancets, Capillary pipets, Alcohol swabs included, 25 Tests",Test kit,25.0,60.0,1200.0,20.0,0.8,"Standard Diagnostics, Korea",Yes,353,3843.25,2.59,
48706,107-RW-T30,FPQ-6341,SCMS-84950,ASN-9368,Rwanda,PMO - US,Direct Drop,EXW,Ocean,9/3/10,9/28/10,1-Mar-11,1-Mar-11,1-Mar-11,ARV,Adult,HETERO LABS LIMITED,"Efavirenz 600mg, tablets, 30 Tabs",Efavirenz,Generic,600mg,Tablet,30.0,38113.0,157406.69,4.13,0.14,Hetero Unit III Hyderabad IN,Yes,3077,6499.25,339.37,,,,,,,,,,,,,,,,,,,,,,,,,,
66352,116-ZA-T30,FPQ-14942,SCMS-259074,ASN-31070,South Africa,PMO - US,Direct Drop,DDP,Truck,9/11/14,3/9/15,9-Mar-15,9-Mar-15,9-Mar-15,ARV,Adult,PHARMACY DIRECT,"Lamivudine/Zidovudine 150/300mg, tablets, 60 Tabs",Lamivudine/Zidovudine,Generic,150/300mg,Tablet - FDC,60.0,20.0,428.71,21.44,0.36,"Aurobindo Unit III, India",No,Weight Captured Separately,Freight Included in Commodity Cost,0.44,,,,,,,,,,,,,,,,,,,,,,,,,,
3261,,,,,Vietnam,,,,,,7/1/2008,,,,,,MYLAN LABORATORIES LTD (FORMERLY MATRIX LABORATORIES),,Tenofovir Disoproxil Fumarate,Generic,300mg,,,,,,,,,,,,108-VN-T01,SCMS-26380,ASN-2338,PMO - US,Direct Drop,EXW,Air,Pre-PQ Process,20-Sep-08,20-Sep-08,20-Sep-08,ARV,Adult,"Tenofovir Disoproxil Fumarate 300mg, tablets, 30 Tabs",Tablet,30.0,2016.0,24917.76,12.36,0.41,Mylan (formerly Matrix) Nashik,Yes,120,5921.97,39.87,Pre-PQ Process
84860,,FPQ-12015,,,Tanzania,,,,,,N/A - From RDC,,,,,,SCMS from RDC,,Efavirenz,Generic,200mg,,,,,,,,,,,,109-TZ-T30,SO-44990,DN-3346,PMO - US,From RDC,N/A - From RDC,Truck,4/2/2013,28-Oct-13,1-Nov-13,6-Nov-13,ARV,Pediatric,"Efavirenz 200mg, scored tablets, 90 Tabs",Tablet,90.0,5117.0,47588.1,9.3,0.1,"Strides, Bangalore, India.",Yes,333,1956,58.87,
22600,105-SS-T30,FPQ-11539,SCMS-176930,ASN-19142,South Sudan,PMO - US,Direct Drop,EXW,Air,1/24/13,2/26/13,20-Jul-13,20-Jul-13,20-Jul-13,HRDT,HIV test,"Orgenics, Ltd","HIV 1/2, Determine Complete HIV Kit, 100 Tests","HIV 1/2, Determine Complete HIV Kit",Determine,,Test kit,100.0,250.0,22250.0,89.0,0.89,"Alere Medical Co., Ltd.",Yes,115,2561.61,27.52,,,,,,,,,,,,,,,,,,,,,,,,,,
24151,106-HT-T30,FPQ-15884,SCMS-288090,ASN-33666,Haiti,PMO - US,Direct Drop,CIP,Air,3/4/15,5/18/15,7-Sep-15,7-Sep-15,8-Sep-15,ARV,Adult,"MSD LATIN AMERICA SERVICES, S. DE R.L. DE C.V.","Raltegravir 400mg [Isentress], tablets, 60 Tabs",Raltegravir,Isentress,400mg,Tablet,60.0,400.0,22200.0,55.5,0.92,"MSD, Haarlem, NL",Yes,Weight Captured Separately,Freight Included in Commodity Cost,26.13,,,,,,,,,,,,,,,,,,,,,,,,,,
67195,,FPQ-14048,,,Guyana,,,,,,4/28/2014,,,,,,ABBVIE LOGISTICS (FORMERLY ABBOTT LOGISTICS BV),,Lopinavir/Ritonavir,Kaletra,80/20mg/ml,,,,,,,,,,,,105-GY-T30,SCMS-235750,ASN-26388,PMO - US,Direct Drop,FCA,Air,4/9/2014,11-Aug-14,11-Aug-14,12-Aug-14,ARV,Pediatric,"Lopinavir/Ritonavir 80/20mg/ml [Kaletra], oral solution, cool, Bottle 5 x 60 ml",Oral solution,300.0,17.0,1033.94,60.82,0.2,ABBVIE (Abbott) Logis. UK,Yes,50,828.23,1.06,
82861,106-HT-T30,FPQ-4384,SO-35920,DN-1667,Haiti,PMO - US,From RDC,N/A - From RDC,Air,10/23/09,N/A - From RDC,10-Mar-10,3-Mar-10,3-Mar-10,ARV,Pediatric,SCMS from RDC,"Abacavir 20mg/ml, oral solution, Bottle, 240 ml",Abacavir,Generic,20mg/ml,Oral solution,240.0,224.0,3046.4,13.6,0.06,"Aurobindo Unit III, India",Yes,746,6036.96,6.57,,,,,,,,,,,,,,,,,,,,,,,,,,
56465,,,,,South Africa,,,,,,6/2/2015,,,,,,PHARMACY DIRECT,,Efavirenz,Generic,600mg,,,,,,,,,,,,116-ZA-T30,SCMS-259076,ASN-32524,PMO - US,Direct Drop,DDP,Truck,9/11/2014,2-Jun-15,2-Jun-15,2-Jun-15,ARV,Adult,"Efavirenz 600mg, tablets, 30 Tabs",Tablet,30.0,38.0,428.22,11.27,0.38,"Aurobindo Unit III, India",No,Weight Captured Separately,Freight Included in Commodity Cost,0.44,FPQ-14942
10623,,,,,Nigeria,,,,,,N/A - From RDC,,,,,,SCMS from RDC,,Lamivudine/Zidovudine+Nevirapine,Generic,150/300+200mg,,,,,,,,,,,,112-NG-T01,SO-565,DN-373,PMO - US,From RDC,N/A - From RDC,Air,Pre-PQ Process,20-Sep-07,20-Sep-07,20-Sep-07,ARV,Adult,"Lamivudine/Zidovudine+Nevirapine 150/300+200mg, tablets, co-blister, 60+60 Tabs",Tablet - FDC + co-blister,120.0,9980.0,204590.0,20.5,0.17,"Aspen-OSD, Port Elizabeth, SA",Yes,2846,13873,327.34,Pre-PQ Process
12628,,,,,Zambia,,,,,,N/A - From RDC,,,,,,SCMS from RDC,,Efavirenz,Generic,600mg,,,,,,,,,,,,110-ZM-T01,SO-203,DN-39,PMO - US,From RDC,N/A - From RDC,,Pre-PQ Process,28-Mar-07,28-Mar-07,28-Mar-07,ARV,Adult,"Efavirenz 600mg, tablets, 30 Tabs",Tablet,30.0,16033.0,260536.25,16.25,0.54,"Aurobindo Unit III, India",Yes,536,3807.29,,Pre-PQ Process
54984,,FPQ-12588,,,Tanzania,,,,,,8/9/2013,,,,,,ABBVIE LOGISTICS (FORMERLY ABBOTT LOGISTICS BV),,Lopinavir/Ritonavir,Generic,100/25mg,,,,,,,,,,,,109-TZ-T30,SCMS-202300,ASN-22082,PMO - US,Direct Drop,FCA,Air,7/15/2013,21-Nov-13,21-Nov-13,21-Nov-13,ARV,Pediatric,"Lopinavir/Ritonavir 100/25mg [Aluvia], tablets, 60 Tabs",Tablet,60.0,2736.0,16251.84,5.94,0.1,ABBVIE Ludwigshafen Germany,Yes,328,3940.54,20.1,
83038,114-UG-T30,FPQ-9875,SO-42050,DN-2675,Uganda,PMO - US,From RDC,N/A - From RDC,Air,5/9/12,N/A - From RDC,4-Jul-12,12-Jun-12,12-Jun-12,ARV,Adult,SCMS from RDC,"Efavirenz 600mg, tablets, 30 Tabs",Efavirenz,Generic,600mg,Tablet,30.0,20000.0,78200.0,3.91,0.13,"Strides, Bangalore, India.",Yes,2501,18520.22,109.64,,,,,,,,,,,,,,,,,,,,,,,,,,
6438,,Pre-PQ Process,,,South Africa,,,,,,4/2/2009,,,,,,S. BUYS WHOLESALER,,Stavudine,Generic,1mg/ml,,,,,,,,,,,,116-ZA-T01,SCMS-47500,ASN-4332,PMO - US,Direct Drop,DDP,Truck,Pre-PQ Process,15-May-09,23-Apr-09,23-Apr-09,ARV,Pediatric,"Stavudine 1mg/ml, powder for oral solution, 200 ml",Oral solution,200.0,400.0,832.0,2.08,0.01,"Aurobindo Unit III, India",No,See ASN-4332 (ID#:1115),See ASN-4332 (ID#:1115),1.63,
83701,,FPQ-11253,,,Côte d'Ivoire,,,,,,N/A - From RDC,,,,,,SCMS from RDC,,Lopinavir/Ritonavir,Generic,200/50mg,,,,,,,,,,,,104-CI-T30,SO-44220,DN-3216,PMO - US,From RDC,N/A - From RDC,Truck,12/14/2012,31-Jul-13,6-Aug-13,6-Aug-13,ARV,Adult,"Lopinavir/Ritonavir 200/50mg, tablets, 120 Tabs",Tablet,120.0,20000.0,420000.0,21.0,0.18,"Aurobindo Unit III, India",Yes,5633,17548.42,519.54,
82781,,,,,Burundi,,,,,,N/A - From RDC,,,,,,SCMS from RDC,,Lamivudine/Tenofovir Disoproxil Fumarate,Generic,300/300mg,,,,,,,,,,,,102-BI-T30,SO-50270,DN-4144,PMO - US,From RDC,N/A - From RDC,Air,11/19/2014,27-Feb-15,28-Feb-15,5-Mar-15,ARV,Adult,"Lamivudine/Tenofovir Disoproxil Fumarate 300/300mg, tablets, 30 Tabs",Tablet - FDC,30.0,912.0,4213.44,4.62,0.15,"Cipla, Kurkumbh, India",Yes,1744,10363.49,4.96,FPQ-15406
86528,110-ZM-T30,FPQ-9773,SO-41990,DN-2919,Zambia,PMO - US,From RDC,N/A - From RDC,Truck,4/27/12,N/A - From RDC,17-Dec-12,17-Dec-12,17-Dec-12,ARV,Adult,SCMS from RDC,"Efavirenz/Emtricitabine/Tenofovir Disoproxil Fumarate 600/200/300mg, tablets, 30 Tabs",Efavirenz/Emtricitabine/Tenofovir Disoproxil Fumarate,Generic,600/200/300mg,Tablet - FDC,30.0,107000.0,1538660.0,14.38,0.48,Mylan (formerly Matrix) Nashik,No,See DN-2919 (ID#:84201),See DN-2919 (ID#:84201),2157.2,,,,,,,,,,,,,,,,,,,,,,,,,,
24473,,,,,Uganda,,,,,,4/17/2012,,,,,,ASPEN PHARMACARE,,Etravirine,Intelence,100mg,,,,,,,,,,,,114-UG-T30,SCMS-143500,ASN-15426,PMO - US,Direct Drop,DDP,Air,3/15/2012,5-Jul-12,5-Jul-12,5-Jul-12,ARV,Adult,"Etravirine 100mg [Intelence], tablets, 120 Tabs",Tablet,120.0,144.0,10800.0,75.0,0.62,"Janssen-Cilag, Latina, IT",Yes,47,449,15.14,FPQ-9365
10768,,Pre-PQ Process,,,Swaziland,,,,,,N/A - From RDC,,,,,,SCMS from RDC,,Efavirenz,Generic,200mg,,,,,,,,,,,,100-SZ-T01,SO-30800,DN-1237,PMO - US,From RDC,N/A - From RDC,Air,Pre-PQ Process,20-May-09,20-May-09,20-May-09,ARV,Pediatric,"Efavirenz 200mg, capsule, 90 Caps",Capsule,90.0,523.0,6657.79,12.73,0.14,"Aurobindo Unit III, India",No,See DN-1237 (ID#:10767),See DN-1237 (ID#:10767),13.05,
82465,,,,,Tanzania,,,,,,N/A - From RDC,,,,,,SCMS from RDC,,Lamivudine/Zidovudine,Generic,150/300mg,,,,,,,,,,,,109-TZ-T30,SO-40610,DN-2598,PMO - US,From RDC,N/A - From RDC,Truck,8/22/2011,4-May-12,11-Apr-12,11-Apr-12,ARV,Adult,"Lamivudine/Zidovudine 150/300mg, tablets, 60 Tabs",Tablet - FDC,60.0,22340.0,184528.4,8.26,0.14,"Aurobindo Unit III, India",Yes,20975,3279.25,304.47,FPQ-8297
66352,,,,,South Africa,,,,,,3/9/2015,,,,,,PHARMACY DIRECT,,Lamivudine/Zidovudine,Generic,150/300mg,,,,,,,,,,,,116-ZA-T30,SCMS-259074,ASN-31070,PMO - US,Direct Drop,DDP,Truck,9/11/2014,9-Mar-15,9-Mar-15,9-Mar-15,ARV,Adult,"Lamivudine/Zidovudine 150/300mg, tablets, 60 Tabs",Tablet - FDC,60.0,20.0,428.71,21.44,0.36,"Aurobindo Unit III, India",No,Weight Captured Separately,Freight Included in Commodity Cost,0.44,FPQ-14942
43634,,,,,South Sudan,,,,,,2/27/2013,,,,,,"Trinity Biotech, Plc",,"HIV 1/2, Uni-Gold HIV Kit",Uni-Gold,,,,,,,,,,,,,900-SS-T30,SCMS-178020,ASN-18785,PMO - US,Direct Drop,EXW,Air,2/8/2013,16-May-13,16-May-13,16-May-13,HRDT,HIV test,"HIV 1/2, Uni-Gold HIV Kit, 20 Tests",Test kit,20.0,52.0,1664.0,32.0,1.6,"Trinity Biotech, Plc",Yes,24,1170.36,2.06,FPQ-11623
75706,,FPQ-13809,,,Ghana,,,,,,4/14/2014,,,,,,ABBVIE LOGISTICS (FORMERLY ABBOTT LOGISTICS BV),,Lopinavir/Ritonavir,Generic,100/25mg,,,,,,,,,,,,105-GH-T30,SCMS-234010,ASN-27059,PMO - US,Direct Drop,FCA,Air,3/7/2014,7-Aug-14,7-Aug-14,15-Aug-14,ARV,Pediatric,"Lopinavir/Ritonavir 100/25mg [Aluvia], tablets, 60 Tabs",Tablet,60.0,934.0,5547.96,5.94,0.1,ABBVIE Ludwigshafen Germany,Yes,110,2060.79,5.7,
82611,,,,,Tanzania,,,,,,N/A - From RDC,,,,,,SCMS from RDC,,Lamivudine/Nevirapine/Stavudine,Generic,30/50/6mg,,,,,,,,,,,,109-TZ-T30,SO-44980,DN-3347,PMO - US,From RDC,N/A - From RDC,Truck,4/2/2013,31-Oct-13,4-Nov-13,6-Nov-13,ARV,Pediatric,"Lamivudine/Nevirapine/Stavudine 30/50/6mg, dispersible tablets, 60 Tabs",Chewable/dispersible tablet - FDC,60.0,6097.0,14023.1,2.3,0.04,"Cipla, Goa, India",Yes,12213,7607.2,17.35,FPQ-12015
24530,,FPQ-8155,,,Kenya,,,,,,8/29/2011,,,,,,"Trinity Biotech, Plc",,"HIV 1/2, Uni-Gold HIV Kit",Uni-Gold,,,,,,,,,,,,,127-KE-T30,SCMS-119180,ASN-12300,PMO - US,Direct Drop,EXW,Air,8/5/2011,4-Nov-11,4-Nov-11,4-Nov-11,HRDT,HIV test,"HIV 1/2, Uni-Gold HIV Kit, 20 Tests",Test kit,20.0,1500.0,48000.0,32.0,1.6,"Trinity Biotech, Plc",Yes,499,4976.33,79.2,
13568,,,,,South Africa,,,,,,3/9/2015,,,,,,PHARMACY DIRECT,,Efavirenz,Generic,600mg,,,,,,,,,,,,116-ZA-T30,SCMS-259074,ASN-31070,PMO - US,Direct Drop,DDP,Truck,9/11/2014,9-Mar-15,9-Mar-15,9-Mar-15,ARV,Adult,"Efavirenz 600mg, tablets, 30 Tabs",Tablet,30.0,139.0,1566.38,11.27,0.38,"Aurobindo Unit III, India",Yes,Weight Captured Separately,Freight Included in Commodity Cost,1.61,FPQ-14942
12256,117-ET-T01,Pre-PQ Process,SO-22030,DN-1062,Ethiopia,PMO - US,From RDC,N/A - From RDC,Air,Pre-PQ Process,N/A - From RDC,4-Mar-09,4-Mar-09,4-Mar-09,ARV,Adult,SCMS from RDC,"Lamivudine/Nevirapine/Stavudine 150/200/30mg, tablets, 60 Tabs",Lamivudine/Nevirapine/Stavudine,Generic,150/200/30mg,Tablet - FDC,60.0,107556.0,765798.72,7.12,0.12,"Cipla, Goa, India",Yes,14450,14144.68,1500.97,,,,,,,,,,,,,,,,,,,,,,,,,,
84720,,,,,Dominican Republic,,,,,,N/A - From RDC,,,,,,SCMS from RDC,,Zidovudine,Generic,10mg/ml,,,,,,,,,,,,102-DO-T30,SO-41870,DN-2639,PMO - US,From RDC,N/A - From RDC,Air,4/9/2012,21-May-12,16-May-12,16-May-12,ARV,Pediatric,"Zidovudine 10mg/ml, oral solution w/syringe, Bottle, 240 ml",Oral solution,240.0,1100.0,2310.0,2.1,0.01,"Aurobindo Unit III, India",No,See DN-2639 (ID#:83588),See DN-2639 (ID#:83588),3.24,FPQ-9676
38573,,,,,South Africa,,,,,,4/21/2010,,,,,,S. BUYS WHOLESALER,,Ritonavir,Norvir,100mg,,,,,,,,,,,,116-ZA-T30,SCMS-71490,ASN-7428,PMO - US,Direct Drop,DDP,Truck,4/19/2010,11-Jun-10,11-Jun-10,11-Jun-10,ARV,Adult,"Ritonavir 100mg [Norvir], capsules, cool, 84 Caps",Capsule,84.0,30.0,330.11,11.0,0.13,ABBVIE (Abbott) Logis. UK,No,Weight Captured Separately,Freight Included in Commodity Cost,0.71,FPQ-5535
16213,,FPQ-14594,,,Burundi,,,,,,8/5/2014,,,,,,"CHEMBIO DIAGNOSTIC SYSTEMS, INC.",,"HIV 1/2, Stat-Pak Dipstick Assay Kit",Stat-Pak,,,,,,,,,,,,,102-BI-T30,SCMS-250100,ASN-28054,PMO - US,Direct Drop,EXW,Air,7/17/2014,26-Sep-14,26-Sep-14,29-Sep-14,HRDT,HIV test,"HIV 1/2, Stat-Pak Dipstick Assay Kit, 30 Tests",Test kit,30.0,414.0,11426.4,27.6,0.92,Chembio Diagnostics Sys. Inc.,Yes,44,694.1,11.75,
10633,,Pre-PQ Process,,,Mozambique,,,,,,N/A - From RDC,,,,,,SCMS from RDC,,Lamivudine/Zidovudine,Generic,150/300mg,,,,,,,,,,,,111-MZ-T01,SO-1038,DN-426,PMO - US,From RDC,N/A - From RDC,Air,Pre-PQ Process,29-Nov-07,29-Nov-07,29-Nov-07,ARV,Adult,"Lamivudine/Zidovudine 150/300mg, tablets, 60 Tabs",Tablet - FDC,60.0,10044.0,95418.0,9.5,0.16,"Cipla, Goa, India",Yes,7341,10879.28,152.67,
82342,,FPQ-5436,,,Tanzania,,,,,,N/A - From RDC,,,,,,SCMS from RDC,,Tenofovir Disoproxil Fumarate,Generic,300mg,,,,,,,,,,,,109-TZ-T30,SO-36630,DN-1953,PMO - US,From RDC,N/A - From RDC,Air,4/1/2010,26-Aug-10,23-Aug-10,23-Aug-10,ARV,Adult,"Tenofovir Disoproxil Fumarate 300mg, tablets, 30 Tabs",Tablet,30.0,3000.0,21900.0,7.3,0.24,Mylan (formerly Matrix) Nashik,Yes,269,1647.25,47.22,
13007,102-BI-T30,FPQ-11670,SCMS-179360,ASN-19161,Burundi,PMO - US,Direct Drop,EXW,Air,2/20/13,3/14/13,10-Jun-13,10-Jun-13,10-Jun-13,HRDT,HIV test,"Orgenics, Ltd","HIV 1/2, Determine Complete HIV Kit, 100 Tests","HIV 1/2, Determine Complete HIV Kit",Determine,,Test kit,100.0,1468.0,117440.0,80.0,0.8,"Alere Medical Co., Ltd.",Yes,638,12922.07,145.27,,,,,,,,,,,,,,,,,,,,,,,,,,
5113,107-RW-T01,Pre-PQ Process,SCMS-43900,ASN-4553,Rwanda,PMO - US,Direct Drop,CIP,Air,Pre-PQ Process,7/15/09,12-Aug-09,12-Aug-09,12-Aug-09,ARV,Adult,HETERO LABS LIMITED,"Efavirenz 600mg, tablets, 30 Tabs",Efavirenz,Generic,600mg,Tablet,30.0,28034.0,195677.32,6.98,0.23,Hetero Unit III Hyderabad IN,Yes,2268,19023.36,383.53,,,,,,,,,,,,,,,,,,,,,,,,,,
75925,901-CM-T30,FPQ-12528,SCMS-196520,ASN-21946,Cameroon,PMO - US,Direct Drop,EXW,Air,6/21/13,7/1/13,9-Nov-13,9-Nov-13,13-Nov-13,ARV,Adult,HETERO LABS LIMITED,"Efavirenz/Lamivudine/Tenofovir Disoproxil Fumarate 600/300/300mg, tablets, 30 Tabs",Efavirenz/Lamivudine/Tenofovir Disoproxil Fumarate,Generic,600/300/300mg,Tablet - FDC,30.0,82471.0,865945.5,10.5,0.35,Hetero Unit III Hyderabad IN,Yes,11615,102199.13,1071.17,,,,,,,,,,,,,,,,,,,,,,,,,,
11373,,Pre-PQ Process,,,Côte d'Ivoire,,,,,,N/A - From RDC,,,,,,SCMS from RDC,,Efavirenz,Generic,600mg,,,,,,,,,,,,100-CI-T01,SO-397,DN-54,PMO - US,From RDC,N/A - From RDC,,Pre-PQ Process,4-May-07,4-May-07,4-May-07,ARV,Adult,"Efavirenz 600mg, tablets, 30 Tabs",Tablet,30.0,4500.0,73125.0,16.25,0.54,"Aurobindo Unit III, India",Yes,410,1931,,
11810,100-ZW-T01,Pre-PQ Process,SO-1150,DN-425,Zimbabwe,PMO - US,From RDC,N/A - From RDC,Air,Pre-PQ Process,N/A - From RDC,16-Nov-07,16-Nov-07,16-Nov-07,ARV,Adult,SCMS from RDC,"Lamivudine/Nevirapine/Stavudine 150/200/30mg, tablets, 60 Tabs",Lamivudine/Nevirapine/Stavudine,Generic,150/200/30mg,Tablet - FDC,60.0,22240.0,164576.0,7.4,0.12,"Cipla, Goa, India",Yes,2262,7364.52,263.32,,,,,,,,,,,,,,,,,,,,,,,,,,
85569,,FPQ-14370,,,Côte d'Ivoire,,,,,,N/A - From RDC,,,,,,SCMS from RDC,,Tenofovir Disoproxil Fumarate,Generic,300mg,,,,,,,,,,,,104-CI-T30,SO-49054,DN-4174,PMO - US,From RDC,N/A - From RDC,Truck,5/23/2014,31-Mar-15,26-Mar-15,30-Mar-15,ARV,Adult,"Tenofovir Disoproxil Fumarate 300mg, tablets, 30 Tabs",Tablet,30.0,1764.0,6262.2,3.55,0.12,Mylan (formerly Matrix) Nashik,Yes,110,707.7,6.44,
60812,,,,,Haiti,,,,,,8/19/2009,,,,,,MERCK SHARP & DOHME IDEA GMBH (FORMALLY MERCK SHARP & DOHME B.V.),,Efavirenz,Stocrin/Sustiva,30mg/ml,,,,,,,,,,,,106-HT-T30,SCMS-51120,ASN-5487,PMO - US,Direct Drop,CIP,Air,7/29/2009,30-Nov-09,30-Nov-09,30-Nov-09,ARV,Pediatric,"Efavirenz 30mg/ml [Stocrin/Sustiva], oral solution, Bottle, 180 ml",Oral solution,180.0,192.0,3256.32,16.96,0.09,"MSD, Haarlem, NL",Yes,54,290,6.38,FPQ-3948
83979,110-ZM-T30,FPQ-4273,SO-33690,DN-1643,Zambia,PMO - US,From RDC,N/A - From RDC,Truck,9/17/09,N/A - From RDC,15-Mar-10,5-Mar-10,5-Mar-10,ARV,Adult,SCMS from RDC,"Lamivudine/Nevirapine/Stavudine 150/200/30mg, tablets, 60 Tabs",Lamivudine/Nevirapine/Stavudine,Generic,150/200/30mg,Tablet - FDC,60.0,1541.0,9970.27,6.47,0.11,"Strides, Bangalore, India.",No,See DN-1643 (ID#:82293),See DN-1643 (ID#:82293),19.54,,,,,,,,,,,,,,,,,,,,,,,,,,
83843,114-UG-T30,FPQ-14396,SO-48980,DN-3863,Uganda,PMO - US,From RDC,N/A - From RDC,Truck,6/4/14,N/A - From RDC,11-Sep-14,9-Aug-14,13-Aug-14,ARV,Adult,SCMS from RDC,"Lopinavir/Ritonavir 200/50mg [Aluvia], tablets, 120 Tabs",Lopinavir/Ritonavir,Aluvia,200/50mg,Tablet,120.0,12713.0,240275.7,18.9,0.16,ABBVIE Ludwigshafen Germany,Yes,2630,6926.9,247.0,,,,,,,,,,,,,,,,,,,,,,,,,,
85098,,,,,Nigeria,,,,,,N/A - From RDC,,,,,,SCMS from RDC,,Nevirapine,Generic,200mg,,,,,,,,,,,,151-NG-T30,SO-34897,DN-1707,PMO - US,From RDC,N/A - From RDC,Air Charter,11/6/2009,19-Apr-10,31-Mar-10,31-Mar-10,ARV,Adult,"Nevirapine 200mg, tablets, 60 Tabs",Tablet,60.0,6000.0,16380.0,2.73,0.05,"Aurobindo Unit III, India",Yes,577,Freight Included in Commodity Cost,35.32,FPQ-4537
84391,,,,,Zimbabwe,,,,,,N/A - From RDC,,,,,,SCMS from RDC,,Lamivudine/Zidovudine,Generic,30/60mg,,,,,,,,,,,,103-ZW-T30,SO-48431,DN-3824,PMO - US,From RDC,N/A - From RDC,Truck,4/2/2014,30-Nov-14,29-Jun-14,4-Aug-14,ARV,Pediatric,"Lamivudine/Zidovudine 30/60mg, tablets, 60 Tabs",Tablet - FDC,60.0,23999.0,47758.01,1.99,0.03,Mylan (formerly Matrix) Nashik,Yes,1069,7500,49.1,FPQ-13967
25476,,,,,South Africa,,,,,,2/12/2015,,,,,,PHARMACY DIRECT,,Emtricitabine/Tenofovir Disoproxil Fumarate,Generic,200/300mg,,,,,,,,,,,,116-ZA-T30,SCMS-259073,ASN-30671,PMO - US,Direct Drop,DDP,Truck,9/11/2014,12-Feb-15,12-Feb-15,12-Feb-15,ARV,Adult,"Emtricitabine/Tenofovir Disoproxil Fumarate 200/300mg, tablets, 30 Tabs",Tablet - FDC,30.0,11.0,240.13,21.83,0.73,"Aurobindo Unit III, India",No,Weight Captured Separately,Freight Included in Commodity Cost,0.25,FPQ-14942
53675,,FPQ-7175,,,South Africa,,,,,,3/28/2011,,,,,,CIPLA LIMITED,,Lamivudine,Generic,10mg/ml,,,,,,,,,,,,161-ZA-T30,SCMS-103810,ASN-12497,PMO - US,Direct Drop,DDP,Ocean,3/10/2011,7-Dec-11,7-Dec-11,7-Dec-11,ARV,Pediatric,"Lamivudine 10mg/ml, oral solution, Bottle, 240 ml",Oral solution,240.0,9960.0,20517.6,2.06,0.01,"Cipla, Goa, India",Yes,3670,9021.5,33.85,
23957,,FPQ-14516,,,Vietnam,,,,,,8/11/2014,,,,,,HETERO LABS LIMITED,,Efavirenz/Lamivudine/Tenofovir Disoproxil Fumarate,Generic,600/300/300mg,,,,,,,,,,,,108-VN-T30,SCMS-249050,ASN-29373,PMO - US,Direct Drop,EXW,Air,7/9/2014,17-Dec-14,17-Dec-14,17-Dec-14,ARV,Adult,"Efavirenz/Lamivudine/Tenofovir Disoproxil Fumarate 600/300/300mg, tablets, 30 Tabs",Tablet - FDC,30.0,19200.0,201600.0,10.5,0.35,Hetero Unit III Hyderabad IN,Yes,2877,4312.92,207.24,
59750,,,,,Mozambique,,,,,,4/25/2013,,,,,,ASPEN PHARMACARE,,Darunavir,Prezista,300mg,,,,,,,,,,,,111-MZ-T30,SCMS-187100,ASN-22575,PMO - US,Direct Drop,CIP,Air,4/19/2013,8-Nov-13,8-Nov-13,29-Jan-14,ARV,Adult,"Darunavir 300mg [Prezista], tablets, 120 Tabs",Tablet,120.0,90.0,5994.0,66.6,0.55,"Janssen-Cilag, Latina, IT",Yes,Weight Captured Separately,Freight Included in Commodity Cost,7.41,FPQ-11923
84272,,FPQ-11032,,,Zambia,,,,,,N/A - From RDC,,,,,,SCMS from RDC,,Efavirenz/Emtricitabine/Tenofovir Disoproxil Fumarate,Generic,600/200/300mg,,,,,,,,,,,,110-ZM-T30,SO-43830,DN-3203,PMO - US,From RDC,N/A - From RDC,Truck,11/28/2012,18-Jul-13,23-Jul-13,23-Jul-13,ARV,Adult,"Efavirenz/Emtricitabine/Tenofovir Disoproxil Fumarate 600/200/300mg, tablets, 30 Tabs",Tablet - FDC,30.0,176213.0,2283720.48,12.96,0.43,Mylan (formerly Matrix) Nashik,Yes,19962,31401.08,2824.96,
84712,,FPQ-9229,,,Burundi,,,,,,N/A - From RDC,,,,,,SCMS from RDC,,Efavirenz,Generic,600mg,,,,,,,,,,,,102-BI-T30,SO-41530,DN-2594,PMO - US,From RDC,N/A - From RDC,Air,1/25/2012,26-Apr-12,4-May-12,4-May-12,ARV,Adult,"Efavirenz 600mg, tablets, 30 Tabs",Tablet,30.0,27000.0,111240.0,4.12,0.14,"Strides, Bangalore, India.",No,See DN-2594 (ID#:83021),See DN-2594 (ID#:83021),155.96,
56234,,,,,Kenya,,,,,,1/6/2012,,,,,,"Trinity Biotech, Plc",,"HIV 1/2, Uni-Gold HIV Kit",Uni-Gold,,,,,,,,,,,,,102-KE-T30,SCMS-132950,ASN-13560,PMO - US,Direct Drop,EXW,Air,1/3/2012,16-Feb-12,16-Feb-12,16-Feb-12,HRDT,HIV test,"HIV 1/2, Uni-Gold HIV Kit, 20 Tests",Test kit,20.0,18000.0,576000.0,32.0,1.6,"Trinity Biotech, Plc",Yes,5876,40091.65,807.55,FPQ-9119
16901,,,,,Vietnam,,,,,,10/4/2011,,,,,,Aurobindo Pharma Limited,,Abacavir,Generic,300mg,,,,,,,,,,,,108-VN-T30,SCMS-123600,ASN-13410,PMO - US,Direct Drop,EXW,Air,9/21/2011,18-Feb-12,18-Feb-12,18-Feb-12,ARV,Adult,"Abacavir 300mg, tablets, 60 Tabs",Tablet,60.0,112.0,1618.4,14.45,0.24,"Aurobindo Unit III, India",Yes,1701,4288.83,2.67,FPQ-8428
52081,161-ZA-T30,FPQ-6262,SCMS-83830,ASN-9942,South Africa,PMO - US,Direct Drop,DDP,Ocean,8/31/10,9/24/10,3-May-11,3-May-11,3-May-11,ARV,Adult,Aurobindo Pharma Limited,"Lamivudine/Zidovudine 150/300mg, tablets, 60 Tabs",Lamivudine/Zidovudine,Generic,150/300mg,Tablet - FDC,60.0,25000.0,209000.0,8.36,0.14,"Aurobindo Unit III, India",Yes,2275,3073.74,450.6,,,,,,,,,,,,,,,,,,,,,,,,,,
83783,,,,,Mozambique,,,,,,N/A - From RDC,,,,,,SCMS from RDC,,Lopinavir/Ritonavir,Aluvia,200/50mg,,,,,,,,,,,,111-MZ-T30,SO-47084,DN-3627,PMO - US,From RDC,N/A - From RDC,Truck,10/21/2013,3-Jun-14,3-Jun-14,11-Jun-14,ARV,Adult,"Lopinavir/Ritonavir 200/50mg [Aluvia], tablets, 120 Tabs",Tablet,120.0,10040.0,189756.0,18.9,0.16,ABBVIE Ludwigshafen Germany,No,See DN-3627 (ID#:83782),See DN-3627 (ID#:83782),195.07,FPQ-13123
84838,,FPQ-11637,,,South Sudan,,,,,,N/A - From RDC,,,,,,SCMS from RDC,,Nevirapine,Generic,200mg,,,,,,,,,,,,900-SS-T30,SO-44701,DN-3259,PMO - US,From RDC,N/A - From RDC,Truck,2/27/2013,26-Aug-13,26-Aug-13,26-Aug-13,ARV,Adult,"Nevirapine 200mg, tablets, 60 Tabs",Tablet,60.0,225.0,508.5,2.26,0.04,Hetero Unit III Hyderabad IN,Yes,81,1641,0.63,
36411,116-ZA-T30,FPQ-14942,SCMS-259075,ASN-32138,South Africa,PMO - US,Direct Drop,DDP,Truck,9/11/14,5/11/15,12-May-15,12-May-15,12-May-15,ARV,Adult,PHARMACY DIRECT,"Abacavir 300mg, tablets, 60 Tabs",Abacavir,Generic,300mg,Tablet,60.0,3.0,149.56,49.85,0.83,"Aurobindo Unit III, India",No,Weight Captured Separately,Freight Included in Commodity Cost,0.15,,,,,,,,,,,,,,,,,,,,,,,,,,
85936,,,,,Uganda,,,,,,N/A - From RDC,,,,,,SCMS from RDC,,Lopinavir/Ritonavir,Generic,200/50mg,,,,,,,,,,,,114-UG-T30,SO-43520,DN-3011,PMO - US,From RDC,N/A - From RDC,Air,10/10/2012,4-Mar-13,4-Mar-13,4-Mar-13,ARV,Adult,"Lopinavir/Ritonavir 200/50mg, tablets, 120 Tabs",Tablet,120.0,8494.0,210311.44,24.76,0.21,"Aurobindo Unit III, India",Yes,2089,17032.59,260.16,FPQ-10786
85682,151-NG-T30,FPQ-5023,SO-36440,DN-1898,Nigeria,PMO - US,From RDC,N/A - From RDC,Air,2/10/10,N/A - From RDC,15-Jul-10,28-Jun-10,28-Jun-10,ARV,Adult,SCMS from RDC,"Efavirenz 600mg, tablets, 30 Tabs",Efavirenz,Generic,600mg,Tablet,30.0,44295.0,203757.0,4.6,0.15,"Strides, Bangalore, India.",Yes,3045,Freight Included in Commodity Cost,439.3,,,,,,,,,,,,,,,,,,,,,,,,,,
84911,,FPQ-12800,,,Côte d'Ivoire,,,,,,N/A - From RDC,,,,,,SCMS from RDC,,Lamivudine/Tenofovir Disoproxil Fumarate,Generic,300/300mg,,,,,,,,,,,,104-CI-T30,SO-46430,DN-3599,PMO - US,From RDC,N/A - From RDC,Truck,8/9/2013,30-Apr-14,14-Apr-14,22-May-14,ARV,Adult,"Lamivudine/Tenofovir Disoproxil Fumarate 300/300mg, tablets, 30 Tabs",Tablet - FDC,30.0,26000.0,122200.0,4.7,0.16,Hetero Unit III Hyderabad IN,No,See DN-3599 (ID#:84351),See DN-3599 (ID#:84351),151.16,
82446,101-CD-T30,FPQ-8840,SO-41380,DN-2522,"Congo, DRC",PMO - US,From RDC,N/A - From RDC,Air,11/21/11,N/A - From RDC,22-Mar-12,22-Mar-12,22-Mar-12,ARV,Adult,SCMS from RDC,"Lamivudine 150mg, tablets, 60 Tabs",Lamivudine,Generic,150mg,Tablet,60.0,6.0,13.98,2.33,0.04,Hetero Unit III Hyderabad IN,Yes,6,522.42,0.02,,,,,,,,,,,,,,,,,,,,,,,,,,
31561,,,,,South Africa,,,,,,8/29/2014,,,,,,S. BUYS WHOLESALER,,Zidovudine,Generic,300mg,,,,,,,,,,,,116-ZA-T30,SCMS-199289,ASN-28033,PMO - US,Direct Drop,DDP,Truck,7/11/2013,29-Aug-14,29-Aug-14,29-Aug-14,ARV,Adult,"Zidovudine 300mg, tablets, 60 Tabs",Tablet,60.0,19.0,515.11,27.11,0.45,Mylan (formerly Matrix) Nashik,Yes,Weight Captured Separately,Freight Included in Commodity Cost,0.64,FPQ-12522
18099,116-ZA-T30,FPQ-13973,SCMS-238553,ASN-28021,South Africa,PMO - US,Direct Drop,DDP,Truck,4/30/14,8/28/14,28-Aug-14,28-Aug-14,28-Aug-14,ARV,Pediatric,PHARMACY DIRECT,"Efavirenz 50mg, capsule, 30 Caps",Efavirenz,Generic,50mg,Capsule,30.0,39.0,117.24,3.01,0.1,"Aurobindo Unit III, India",Yes,Weight Captured Separately,Freight Included in Commodity Cost,0.12,,,,,,,,,,,,,,,,,,,,,,,,,,
10819,,Pre-PQ Process,,,Tanzania,,,,,,N/A - From RDC,,,,,,SCMS from RDC,,"HIV 1/2, Bioline 3.0 Kit, Lancets, Capillary pipets, Alcohol swabs included",Bioline,,,,,,,,,,,,,109-TZ-T01,SO-420,DN-133,PMO - US,From RDC,N/A - From RDC,Air,Pre-PQ Process,31-May-07,31-May-07,31-May-07,HRDT,HIV test,"HIV 1/2, Bioline 3.0 Kit, Lancets, Capillary pipets, Alcohol swabs included, 25 Tests",Test kit,25.0,8009.0,160180.0,20.0,0.8,"Standard Diagnostics, Korea",Yes,Weight Captured Separately,12740.42,,
3360,,,,,Namibia,,,,,,8/26/2008,,,,,,"Orgenics, Ltd",,"HIV 1/2, Clearview Complete Kit",Clearview,,,,,,,,,,,,,119-NA-T01,SCMS-28850,ASN-2513,PMO - US,Direct Drop,EXW,Air,Pre-PQ Process,25-Sep-08,25-Sep-08,25-Sep-08,HRDT,HIV test,"HIV 1/2, Clearview Complete Kit, 25 Tests",Test kit,25.0,1.0,75.0,75.0,3.0,Inverness Japan,Yes,Weight Captured Separately,Invoiced Separately,0.12,Pre-PQ Process
82934,,,,,Côte d'Ivoire,,,,,,N/A - From RDC,,,,,,SCMS from RDC,,Zidovudine,Generic,300mg,,,,,,,,,,,,104-CI-T30,SO-38470,DN-2107,PMO - US,From RDC,N/A - From RDC,Air,6/23/2010,16-Feb-11,22-Feb-11,22-Feb-11,ARV,Adult,"Zidovudine 300mg, tablets, 60 Tabs",Tablet,60.0,12240.0,88250.4,7.21,0.12,"Aurobindo Unit III, India",Yes,671,8758.36,190.27,FPQ-5925
51467,116-ZA-T30,FPQ-12522,SCMS-199289,ASN-28034,South Africa,PMO - US,Direct Drop,DDP,Truck,7/11/13,8/29/14,29-Aug-14,29-Aug-14,29-Aug-14,ARV,Adult,S. BUYS WHOLESALER,"Zidovudine 300mg, tablets, 60 Tabs",Zidovudine,Generic,300mg,Tablet,60.0,18.0,488.0,27.11,0.45,Mylan (formerly Matrix) Nashik,No,Weight Captured Separately,Freight Included in Commodity Cost,0.6,,,,,,,,,,,,,,,,,,,,,,,,,,
2721,,,,,Zambia,,,,,,3/8/2007,,,,,,BRISTOL-MYERS SQUIBB,,Didanosine,Videx,100mg,,,,,,,,,,,,110-ZM-T01,SCMS-416,ASN-465,PMO - US,Direct Drop,CIP,Air,Pre-PQ Process,6-Jun-07,6-Jun-07,6-Jun-07,ARV,Pediatric,"Didanosine 100mg [Videx],chewable tablets, 60 Tabs",Chewable/dispersible tablet,60.0,5408.0,68952.0,12.75,0.21,"BMS Meymac, France",Yes,1072,Freight Included in Commodity Cost,,Pre-PQ Process
2257,102-GY-T01,Pre-PQ Process,SCMS-36540,ASN-3166,Guyana,PMO - US,Direct Drop,EXW,Air,Pre-PQ Process,12/23/08,25-Feb-09,27-Jan-09,27-Jan-09,HRDT,HIV test,"CHEMBIO DIAGNOSTIC SYSTEMS, INC.","HIV 1/2, Stat-Pak HIV, Kit, 20 Tests","HIV 1/2, Stat-Pak HIV, Kit",Stat-Pak,,Test kit,20.0,100.0,2700.0,27.0,1.35,Chembio Diagnostics Sys. Inc.,Yes,28,692.38,5.29,,,,,,,,,,,,,,,,,,,,,,,,,,
83271,100-ZM-T30,FPQ-13679,SO-48011,DN-3862,Zambia,PMO - US,From RDC,N/A - From RDC,Truck,2/2/14,N/A - From RDC,6-Aug-14,6-Aug-14,22-Aug-14,ARV,Adult,SCMS from RDC,"Abacavir 300mg, tablets, 60 Tabs",Abacavir,Generic,300mg,Tablet,60.0,4636.0,52664.96,11.36,0.19,"Aurobindo Unit III, India",Yes,458,4130.15,54.14,,,,,,,,,,,,,,,,,,,,,,,,,,
86312,,,,,Nigeria,,,,,,N/A - From RDC,,,,,,SCMS from RDC,,Lamivudine/Nevirapine/Zidovudine,Generic,150/300/200mg,,,,,,,,,,,,151-NG-T30,SO-36430,DN-1881,PMO - US,From RDC,N/A - From RDC,Air,2/10/2010,15-Jul-10,28-Jun-10,28-Jun-10,ARV,Adult,"Lamivudine/Nevirapine/Zidovudine 150/200/300mg, tablets, 60 Tabs",Tablet - FDC,60.0,51132.0,573701.04,11.22,0.19,"Aurobindo Unit III, India",Yes,6002,Freight Included in Commodity Cost,1236.9,FPQ-5023
85721,,FPQ-6202,,,Uganda,,,,,,N/A - From RDC,,,,,,SCMS from RDC,,Lamivudine/Nevirapine/Zidovudine,Generic,150/300/200mg,,,,,,,,,,,,102-UG-T30,SO-37510,DN-2048,PMO - US,From RDC,N/A - From RDC,Air,8/6/2010,26-Nov-10,23-Nov-10,23-Nov-10,ARV,Adult,"Lamivudine/Nevirapine/Zidovudine 150/200/300mg, tablets, 60 Tabs",Tablet - FDC,60.0,115745.0,1298658.9,11.22,0.19,Mylan (formerly Matrix) Nashik,Yes,15500,83195.98,2799.91,
30388,,,,,Haiti,,,,,,2/11/2013,,,,,,ABBVIE LOGISTICS (FORMERLY ABBOTT LOGISTICS BV),,Ritonavir,Norvir,100mg,,,,,,,,,,,,106-HT-T30,SCMS-177110,ASN-19116,PMO - US,Direct Drop,FCA,Air,1/30/2013,3-May-13,3-May-13,3-May-13,ARV,Adult,"Ritonavir 100mg [Norvir], film coated tablets, 60 Tabs",Tablet,60.0,240.0,1644.0,6.85,0.11,ABBVIE Ludwigshafen Germany,Yes,30,877.61,2.03,FPQ-11442
46228,103-ZW-T30,FPQ-13969,SCMS-239220,ASN-27095,Zimbabwe,PMO - US,Direct Drop,EXW,Air,4/8/14,5/16/14,30-Jul-14,30-Jul-14,31-Jul-14,ARV,Pediatric,MYLAN LABORATORIES LTD (FORMERLY MATRIX LABORATORIES),"Lamivudine/Zidovudine 30/60mg, tablets, 60 Tabs",Lamivudine/Zidovudine,Generic,30/60mg,Tablet - FDC,60.0,48127.0,95772.73,1.99,0.03,Mylan (formerly Matrix) Nashik,Yes,2383,18232.17,98.45,,,,,,,,,,,,,,,,,,,,,,,,,,
11394,,,,,Zambia,,,,,,N/A - From RDC,,,,,,SCMS from RDC,,Efavirenz,Stocrin/Sustiva,50mg,,,,,,,,,,,,110-ZM-T01,SO-479,DN-186,PMO - US,From RDC,N/A - From RDC,,Pre-PQ Process,12-Jun-07,12-Jun-07,12-Jun-07,ARV,Pediatric,"Efavirenz 50mg [Stocrin/Sustiva], capsule, 30 Caps",Capsule,30.0,570.0,1977.9,3.47,0.12,"MSD Manati, Puerto Rico, (USA)",Yes,26,505.17,,Pre-PQ Process
14278,117-ET-T30,FPQ-4851,SCMS-62830,ASN-6210,Ethiopia,PMO - US,Direct Drop,EXW,Air,1/5/10,1/13/10,4-Mar-10,4-Mar-10,4-Mar-10,ARV,Adult,Aurobindo Pharma Limited,"Lamivudine 150mg, tablets, 60 Tabs",Lamivudine,Generic,150mg,Tablet,60.0,56000.0,133280.0,2.38,0.04,"Aurobindo Unit III, India",Yes,2996,10612.93,287.35,,,,,,,,,,,,,,,,,,,,,,,,,,
76073,,,,,South Africa,,,,,,6/25/2014,,,,,,PHARMACY DIRECT,,Zidovudine,Generic,300mg,,,,,,,,,,,,116-ZA-T30,SCMS-238551,ASN-26882,PMO - US,Direct Drop,DDP,Truck,4/30/2014,25-Jun-14,25-Jun-14,25-Jun-14,ARV,Adult,"Zidovudine 300mg, tablets, 60 Tabs",Tablet,60.0,13.0,324.4,24.95,0.42,"Aurobindo Unit III, India",No,Weight Captured Separately,Freight Included in Commodity Cost,0.33,FPQ-13973
84770,104-CI-T30,FPQ-10405,SO-42990,DN-2936,Côte d'Ivoire,PMO - US,From RDC,N/A - From RDC,Truck,7/24/12,N/A - From RDC,13-Dec-12,3-Dec-12,3-Dec-12,ARV,Adult,SCMS from RDC,"Lamivudine/Zidovudine 150/300mg, tablets, 60 Tabs",Lamivudine/Zidovudine,Generic,150/300mg,Tablet - FDC,60.0,36180.0,279309.6,7.72,0.13,Mylan (formerly Matrix) Nashik,Yes,2907,11320.56,391.59,,,,,,,,,,,,,,,,,,,,,,,,,,
82805,101-CD-T30,FPQ-16158,SO-51280,DN-4284,"Congo, DRC",PMO - US,From RDC,N/A - From RDC,Air,3/31/15,N/A - From RDC,17-Aug-15,7-Aug-15,11-Aug-15,ARV,Adult,SCMS from RDC,"Lamivudine/Zidovudine 150/300mg, tablets, 60 Tabs",Lamivudine/Zidovudine,Generic,150/300mg,Tablet - FDC,60.0,11700.0,76284.0,6.52,0.11,Hetero Unit III Hyderabad IN,Yes,Weight Captured Separately,Invoiced Separately,89.79,,,,,,,,,,,,,,,,,,,,,,,,,,
10737,,Pre-PQ Process,,,Ethiopia,,,,,,N/A - From RDC,,,,,,SCMS from RDC,,Efavirenz,Generic,600mg,,,,,,,,,,,,117-ET-T01,SO-22020,DN-1052,PMO - US,From RDC,N/A - From RDC,Air,Pre-PQ Process,3-Mar-09,3-Mar-09,3-Mar-09,ARV,Adult,"Efavirenz 600mg, tablets, 30 Tabs",Tablet,30.0,28926.0,307194.12,10.62,0.35,Mylan (formerly Matrix) Nashik,Yes,4593,16901.37,602.1,
55083,116-ZA-T30,FPQ-15269,SCMS-267020,ASN-29764,South Africa,PMO - US,Direct Drop,DDP,Truck,10/29/14,12/10/14,10-Dec-14,10-Dec-14,10-Dec-14,ARV,Adult,S. BUYS WHOLESALER,"Didanosine 250mg, delayed-release capsules, 30 Caps",Didanosine,Generic,250mg,Delayed-release capsules,30.0,4.0,54.01,13.5,0.45,"Aurobindo Unit III, India",No,Weight Captured Separately,Freight Included in Commodity Cost,0.06,,,,,,,,,,,,,,,,,,,,,,,,,,
82806,,FPQ-16158,,,"Congo, DRC",,,,,,N/A - From RDC,,,,,,SCMS from RDC,,Lopinavir/Ritonavir,Generic,200/50mg,,,,,,,,,,,,101-CD-T30,SO-51270,DN-4285,PMO - US,From RDC,N/A - From RDC,Air,3/31/2015,8-Jul-15,30-Jul-15,30-Jul-15,ARV,Adult,"Lopinavir/Ritonavir 200/50mg, tablets, 120 Tabs",Tablet,120.0,2710.0,52465.6,19.36,0.16,"Aurobindo Unit III, India",Yes,731,9041.74,61.75,
43827,,FPQ-14100,,,"Congo, DRC",,,,,,5/20/2014,,,,,,"Trinity Biotech, Plc",,"HIV 1/2, Uni-Gold HIV Kit",Uni-Gold,,,,,,,,,,,,,101-CD-T30,SCMS-239410,ASN-26738,PMO - US,Direct Drop,EXW,Air,4/23/2014,5-Sep-14,5-Sep-14,16-Sep-14,HRDT,HIV test,"HIV 1/2, Uni-Gold HIV Kit, 20 Tests",Test kit,20.0,6.0,192.0,32.0,1.6,"Trinity Biotech, Plc",No,See ASN-26738 (ID#:15115),See ASN-26738 (ID#:15115),0.2,
82750,,FPQ-13704,,,Nigeria,,,,,,N/A - From RDC,,,,,,SCMS from RDC,,Abacavir/Lamivudine,Generic,600/300mg,,,,,,,,,,,,151-NG-T30,SO-48310,DN-3997,PMO - US,From RDC,N/A - From RDC,Air Charter,2/13/2014,31-Oct-14,30-Oct-14,3-Nov-14,ARV,Adult,"Abacavir/Lamivudine 600/300mg, tablets, 30 Tabs",Tablet - FDC,30.0,19356.0,261112.44,13.49,0.45,Mylan (formerly Matrix) Nashik,Yes,1960,7009,268.42,
36431,,FPQ-7175,,,South Africa,,,,,,3/28/2011,,,,,,CIPLA LIMITED,,Nevirapine,Generic,200mg,,,,,,,,,,,,161-ZA-T30,SCMS-104080,ASN-12988,PMO - US,Direct Drop,DDP,Ocean,3/10/2011,13-Dec-11,30-Jan-12,30-Jan-12,ARV,Adult,"Nevirapine 200mg, tablets, 60 Tabs",Tablet,60.0,35364.0,96190.08,2.72,0.05,"Cipla, Goa, India",Yes,3793,8527.45,158.71,
64218,119-NA-T30,FPQ-4186,SCMS-53271,ASN-5363,Namibia,PMO - US,Direct Drop,EXW,Air,9/3/09,9/11/09,12-Nov-09,12-Nov-09,12-Nov-09,HRDT,HIV test,"Orgenics, Ltd","HIV 1/2, Determine HIV Kit, without Lancets, 100 Tests","HIV 1/2, Determine HIV Kit, without Lancets",Determine,,Test kit,100.0,180.0,12600.0,70.0,0.7,Inverness Japan,Yes,42,2863.47,24.7,,,,,,,,,,,,,,,,,,,,,,,,,,
76799,,,,,Vietnam,,,,,,7/14/2009,,,,,,ABBVIE LOGISTICS (FORMERLY ABBOTT LOGISTICS BV),,Lopinavir/Ritonavir,Aluvia,200/50mg,,,,,,,,,,,,108-VN-T30,SCMS-48800,ASN-4828,PMO - US,Direct Drop,FCA,Air,7/6/2009,11-Sep-09,11-Sep-09,11-Sep-09,ARV,Adult,"Lopinavir/Ritonavir 200/50mg [Aluvia], tablets, 120 Tabs",Tablet,120.0,760.0,62472.0,82.2,0.68,ABBVIE Ludwigshafen Germany,Yes,188,1088.79,122.45,FPQ-3934
83184,,,,,Rwanda,,,,,,N/A - From RDC,,,,,,SCMS from RDC,,Nevirapine,Generic,200mg,,,,,,,,,,,,107-RW-T30,SO-45390,DN-3421,PMO - US,From RDC,N/A - From RDC,Truck,5/6/2013,31-Jan-14,23-Dec-13,17-Jan-14,ARV,Adult,"Nevirapine 200mg, tablets, 60 Tabs",Tablet,60.0,20124.0,45480.24,2.26,0.04,"Aurobindo Unit III, India",No,See DN-3421 (ID#:82617),See DN-3421 (ID#:82617),56.26,FPQ-12190
85751,,,,,Côte d'Ivoire,,,,,,N/A - From RDC,,,,,,SCMS from RDC,,Efavirenz/Emtricitabine/Tenofovir Disoproxil Fumarate,Generic,600/200/300mg,,,,,,,,,,,,104-CI-T30,SO-37730,DN-2158,PMO - US,From RDC,N/A - From RDC,Air,10/4/2010,24-Mar-11,7-Jun-11,7-Jun-11,ARV,Adult,"Efavirenz/Emtricitabine/Tenofovir Disoproxil Fumarate 600/200/300mg, tablets, 30 Tabs",Tablet - FDC,30.0,300.0,5976.0,19.92,0.66,Mylan (formerly Matrix) Nashik,No,See DN-2158 (ID#:84075),See DN-2158 (ID#:84075),9.86,FPQ-6499
78050,104-CI-T30,FPQ-4509,SCMS-56640,ASN-6775,Côte d'Ivoire,PMO - US,Direct Drop,CIP,Air,10/29/09,11/9/09,7-May-10,7-May-10,7-May-10,ARV,Pediatric,BRISTOL-MYERS SQUIBB,"Didanosine 50mg [Videx], chewable tablets, 60 Tabs",Didanosine,Videx,50mg,Chewable/dispersible tablet,60.0,1888.0,17936.0,9.5,0.16,"BMS Meymac, France",Yes,368,824.37,38.67,,,,,,,,,,,,,,,,,,,,,,,,,,
82809,114-UG-T30,FPQ-15294,SO-50052,DN-4309,Uganda,PMO - US,From RDC,N/A - From RDC,Truck,11/3/14,N/A - From RDC,31-Jul-15,23-Jul-15,23-Jul-15,ARV,Adult,SCMS from RDC,"Nevirapine 200mg, tablets, 60 Tabs",Nevirapine,Generic,200mg,Tablet,60.0,9566.0,20853.88,2.18,0.04,Hetero Unit III Hyderabad IN,Yes,Weight Captured Separately,Invoiced Separately,24.55,,,,,,,,,,,,,,,,,,,,,,,,,,
44860,,FPQ-16194,,,Vietnam,,,,,,5/13/2015,,,,,,HETERO LABS LIMITED,,Efavirenz/Lamivudine/Tenofovir Disoproxil Fumarate,Generic,600/300/300mg,,,,,,,,,,,,108-VN-T30,SCMS-285490,ASN-33146,PMO - US,Direct Drop,EXW,Air,4/14/2015,7-Sep-15,7-Sep-15,7-Sep-15,ARV,Adult,"Efavirenz/Lamivudine/Tenofovir Disoproxil Fumarate 600/300/300mg, tablets, 30 Tabs",Tablet - FDC,30.0,2196.0,20862.0,9.5,0.32,Hetero Unit III Hyderabad IN,Yes,Weight Captured Separately,Invoiced Separately,24.55,
67868,,,,,Côte d'Ivoire,,,,,,11/23/2009,,,,,,ABBVIE LOGISTICS (FORMERLY ABBOTT LOGISTICS BV),,Ritonavir,Norvir,100mg,,,,,,,,,,,,104-CI-T30,SCMS-57601,ASN-10179,PMO - US,Direct Drop,FCA,Air,11/5/2009,29-Apr-11,29-Apr-11,29-Apr-11,ARV,Adult,"Ritonavir 100mg [Norvir], film coated tablets, 60 Tabs",Tablet,60.0,3450.0,23632.5,6.85,0.11,ABBVIE Ludwigshafen Germany,Yes,440,4588.02,46.32,FPQ-4381
52380,,FPQ-7400,,,South Africa,,,,,,3/30/2011,,,,,,GLAXOSMITHKLINE EXPORT LIMITED,,Abacavir,Ziagen,20mg/ml,,,,,,,,,,,,161-ZA-T30,SCMS-104220,ASN-12745,PMO - US,Direct Drop,DDP,Ocean,3/11/2011,9-Jan-12,9-Jan-12,9-Jan-12,ARV,Pediatric,"Abacavir 20mg/ml [Ziagen], oral solution, Bottle, 240 ml",Oral solution,240.0,17337.0,160887.36,9.28,0.04,GSK Mississauga (Canada),Yes,6680,3755.91,265.46,
10977,110-ZM-T01,Pre-PQ Process,SO-1888,DN-701,Zambia,PMO - US,From RDC,N/A - From RDC,,Pre-PQ Process,N/A - From RDC,9-May-08,9-May-08,9-May-08,ARV,Adult,SCMS from RDC,"Emtricitabine/Tenofovir Disoproxil Fumarate 200/300mg [Truvada], tablets, 30 Tabs",Emtricitabine/Tenofovir Disoproxil Fumarate,Truvada,300/200mg,Tablet - FDC,30.0,40000.0,1050000.0,26.25,0.88,"Aspen-OSD, Port Elizabeth, SA",Yes,3512,1772.4,1680.0,,,,,,,,,,,,,,,,,,,,,,,,,,
79173,,,,,Vietnam,,,,,,2/17/2015,,,,,,HETERO LABS LIMITED,,Efavirenz/Lamivudine/Tenofovir Disoproxil Fumarate,Generic,600/300/300mg,,,,,,,,,,,,108-VN-T30,SCMS-274370,ASN-32258,PMO - US,Direct Drop,EXW,Air,1/28/2015,13-Jul-15,13-Jul-15,14-Jul-15,ARV,Adult,"Efavirenz/Lamivudine/Tenofovir Disoproxil Fumarate 600/300/300mg, tablets, 30 Tabs",Tablet - FDC,30.0,5120.0,51200.0,10.0,0.33,Hetero Unit III Hyderabad IN,No,See ASN-32258 (ID#:29880),See ASN-32258 (ID#:29880),60.26,FPQ-15692
11932,,,,,Nigeria,,,,,,N/A - From RDC,,,,,,SCMS from RDC,,Emtricitabine/Tenofovir Disoproxil Fumarate,Truvada,300/200mg,,,,,,,,,,,,151-NG-T01,SO-21782,DN-1144,PMO - US,From RDC,N/A - From RDC,Air,Pre-PQ Process,24-Mar-09,24-Mar-09,24-Mar-09,ARV,Adult,"Emtricitabine/Tenofovir Disoproxil Fumarate 200/300mg [Truvada], tablets, 30 Tabs",Tablet - FDC,30.0,37666.0,988732.5,26.25,0.88,"Aspen-OSD, Port Elizabeth, SA",Yes,3273,6443.63,1937.92,Pre-PQ Process
11174,117-ET-T01,Pre-PQ Process,SO-914,DN-332,Ethiopia,PMO - US,From RDC,N/A - From RDC,,Pre-PQ Process,N/A - From RDC,4-Sep-07,4-Sep-07,4-Sep-07,ARV,Adult,SCMS from RDC,"Lamivudine 150mg, tablets, 60 Tabs",Lamivudine,Generic,150mg,Tablet,60.0,60029.0,182488.16,3.04,0.05,"Ranbaxy, Paonta Shahib, India",No,See DN-332 (ID#:10613),See DN-332 (ID#:10613),291.98,,,,,,,,,,,,,,,,,,,,,,,,,,
11041,,Pre-PQ Process,,,Uganda,,,,,,N/A - From RDC,,,,,,SCMS from RDC,,Emtricitabine/Tenofovir Disoproxil Fumarate,Truvada,300/200mg,,,,,,,,,,,,114-UG-T01,SO-26150,DN-1223,PMO - US,From RDC,N/A - From RDC,Air,Pre-PQ Process,1-Jun-09,1-Jun-09,1-Jun-09,ARV,Adult,"Emtricitabine/Tenofovir Disoproxil Fumarate 200/300mg [Truvada], tablets, 30 Tabs",Tablet - FDC,30.0,260.0,6825.0,26.25,0.88,"Aspen-OSD, Port Elizabeth, SA",Yes,28,1180.71,13.38,
75502,,FPQ-13048,,,Tanzania,,,,,,10/28/2013,,,,,,Aurobindo Pharma Limited,,Efavirenz,Generic,50mg,,,,,,,,,,,,109-TZ-T30,SCMS-210910,ASN-23397,PMO - US,Direct Drop,EXW,Air,10/3/2013,28-Jan-14,28-Jan-14,28-Jan-14,ARV,Pediatric,"Efavirenz 50mg, capsule, 30 Caps",Capsule,30.0,11912.0,18582.72,1.56,0.05,"Aurobindo Unit III, India",Yes,802,5740.54,22.99,
11420,104-CI-T01,Pre-PQ Process,SO-522,DN-240,Côte d'Ivoire,PMO - US,From RDC,N/A - From RDC,,Pre-PQ Process,N/A - From RDC,16-Jul-07,16-Jul-07,16-Jul-07,ARV,Adult,SCMS from RDC,"Saquinavir 200mg [Invirase], capsules, 270 Caps",Saquinavir,Invirase,200mg,Capsule,270.0,575.0,45218.0,78.64,0.29,Roche Basel,No,See DN-240 (ID#:10847),See DN-240 (ID#:10847),72.35,,,,,,,,,,,,,,,,,,,,,,,,,,
12205,,,,,Namibia,,,,,,N/A - From RDC,,,,,,SCMS from RDC,,"HIV, Lancet, Safety, for HIV Test kits, 100 Pcs",Generic,,,,,,,,,,,,,119-NA-T01,SO-1929,DN-650,PMO - US,From RDC,N/A - From RDC,Air,Pre-PQ Process,17-Apr-08,17-Apr-08,17-Apr-08,HRDT,HIV test - Ancillary,"HIV, Lancet, Safety, for HIV Test kits, 100 Pcs",Test kit - Ancillary,100.0,90.0,0.9,0.01,0.0,Inverness Japan,No,See DN-650 (ID#:11897),See DN-650 (ID#:11897),0.0,Pre-PQ Process
81421,161-ZA-T30,FPQ-6262,SCMS-84210,ASN-9173,South Africa,PMO - US,Direct Drop,DDP,Ocean,8/31/10,9/21/10,9-Feb-11,9-Feb-11,9-Feb-11,ARV,Adult,CIPLA LIMITED,"Tenofovir Disoproxil Fumarate 300mg, tablets, 30 Tabs",Tenofovir Disoproxil Fumarate,Generic,300mg,Tablet,30.0,58423.0,410713.69,7.03,0.23,"Cipla, Goa, India",Yes,4007,6639.33,885.5,,,,,,,,,,,,,,,,,,,,,,,,,,
27553,116-ZA-T30,FPQ-5535,SCMS-71490,ASN-7428,South Africa,PMO - US,Direct Drop,DDP,Truck,4/19/10,4/21/10,11-Jun-10,11-Jun-10,11-Jun-10,ARV,Pediatric,S. BUYS WHOLESALER,"Lopinavir/Ritonavir 80/20mg/ml [Kaletra], oral solution, cool, Bottle 5 x 60 ml",Lopinavir/Ritonavir,Kaletra,80/20mg/ml,Oral solution,300.0,120.0,4978.94,41.49,0.14,ABBVIE (Abbott) Logis. UK,Yes,Weight Captured Separately,Freight Included in Commodity Cost,10.73,,,,,,,,,,,,,,,,,,,,,,,,,,
12480,112-NG-T01,Pre-PQ Process,SO-2351,DN-717,Nigeria,PMO - US,From RDC,N/A - From RDC,Air,Pre-PQ Process,N/A - From RDC,18-Apr-08,18-Apr-08,18-Apr-08,ARV,Adult,SCMS from RDC,"Abacavir 300mg, tablets, 60 Tabs",Abacavir,Generic,300mg,Tablet,60.0,15.0,412.95,27.53,0.46,Mylan (formerly Matrix) Nashik,No,See DN-717 (ID#:11858),See DN-717 (ID#:11858),0.66,,,,,,,,,,,,,,,,,,,,,,,,,,
50261,113-ZW-T30,FPQ-13939,SCMS-240580,ASN-27033,Zimbabwe,PMO - US,Direct Drop,EXW,Air Charter,4/1/14,5/26/14,23-Jul-14,22-Jul-14,29-Jul-14,ARV,Adult,Aurobindo Pharma Limited,"Lamivudine/Tenofovir Disoproxil Fumarate 300/300mg, tablets, 30 Tabs",Lamivudine/Tenofovir Disoproxil Fumarate,Generic,300/300mg,Tablet - FDC,30.0,18000.0,83700.0,4.65,0.16,"Aurobindo Unit VII, IN",Yes,1764,13959.22,86.04,,,,,,,,,,,,,,,,,,,,,,,,,,
85832,,FPQ-8364,,,Nigeria,,,,,,N/A - From RDC,,,,,,SCMS from RDC,,Nevirapine,Generic,200mg,,,,,,,,,,,,151-NG-T30,SO-40650,DN-2559,PMO - US,From RDC,N/A - From RDC,Air Charter,8/29/2011,2-Mar-12,16-Feb-12,16-Feb-12,ARV,Adult,"Nevirapine 200mg, tablets, 60 Tabs",Tablet,60.0,51355.0,125819.75,2.45,0.04,"Aurobindo Unit III, India",Yes,6436,25231.96,207.6,
59080,,,,,Zambia,,,,,,5/21/2014,,,,,,Aurobindo Pharma Limited,,Nevirapine,Generic,200mg,,,,,,,,,,,,110-ZM-T30,SCMS-240080,ASN-26465,PMO - US,Direct Drop,EXW,Air,4/30/2014,20-Jul-14,20-Jul-14,1-Aug-14,ARV,Adult,"Nevirapine 200mg, tablets, 60 Tabs",Tablet,60.0,39132.0,88047.0,2.25,0.04,"Aurobindo Unit III, India",Yes,3978,20519.07,90.51,FPQ-14151
83437,151-NG-T30,FPQ-5023,SO-36431,DN-1882,Nigeria,PMO - US,From RDC,N/A - From RDC,Air,2/10/10,N/A - From RDC,15-Jul-10,28-Jun-10,28-Jun-10,ARV,Adult,SCMS from RDC,"Lamivudine/Nevirapine/Zidovudine 150/200/300mg, tablets, 60 Tabs",Lamivudine/Nevirapine/Zidovudine,Generic,150/300/200mg,Tablet - FDC,60.0,10000.0,112200.0,11.22,0.19,"Aurobindo Unit III, India",Yes,1173,Freight Included in Commodity Cost,241.9,,,,,,,,,,,,,,,,,,,,,,,,,,
12145,111-MZ-T01,Pre-PQ Process,SO-1039,DN-601,Mozambique,PMO - US,From RDC,N/A - From RDC,Air,Pre-PQ Process,N/A - From RDC,8-Apr-08,5-Apr-08,5-Apr-08,ARV,Adult,SCMS from RDC,"Ritonavir 100mg [Norvir], capsules, cool, 84 Caps",Ritonavir,Norvir,100mg,Capsule,84.0,760.0,7288.4,9.59,0.11,ABBVIE (Abbott) Logis. UK,No,See DN-601 (ID#:10651),See DN-601 (ID#:10651),11.66,,,,,,,,,,,,,,,,,,,,,,,,,,
85836,110-ZM-T30,FPQ-9186,SO-41400,DN-2574,Zambia,PMO - US,From RDC,N/A - From RDC,Truck,1/16/12,N/A - From RDC,8-May-12,16-Mar-12,16-Mar-12,ARV,Adult,SCMS from RDC,"Efavirenz 600mg, tablets, 30 Tabs",Efavirenz,Generic,600mg,Tablet,30.0,61060.0,251567.2,4.12,0.14,"Strides, Bangalore, India.",Yes,3718,19949.86,352.7,,,,,,,,,,,,,,,,,,,,,,,,,,
49660,105-SS-T30,FPQ-15569,SCMS-272150,ASN-31765,South Sudan,PMO - US,Direct Drop,EXW,Air,12/29/14,2/20/15,25-Jul-15,25-Jul-15,29-Jul-15,HRDT,HIV test,"Trinity Biotech, Plc","HIV 1/2, Uni-Gold HIV Kit, 20 Tests","HIV 1/2, Uni-Gold HIV Kit",Uni-Gold,,Test kit,20.0,10.0,320.0,32.0,1.6,"Trinity Biotech, Plc",No,See ASN-31765 (ID#:41640),See ASN-31765 (ID#:41640),0.38,,,,,,,,,,,,,,,,,,,,,,,,,,
56016,105-SS-T30,FPQ-15569,SCMS-272160,ASN-31321,South Sudan,PMO - US,Direct Drop,EXW,Air,12/29/14,2/20/15,3-Jun-15,3-Jun-15,5-Jun-15,HRDT,HIV test - Ancillary,"Orgenics, Ltd","Capillary Tubes, for Determine, EDTA, 50uL,100 Pcs","HIV, Capillary Tubes, for Determine, EDTA, 50uL,100 Pcs",Determine,,Test kit - Ancillary,100.0,45.0,360.0,8.0,0.08,"Alere Medical Co., Ltd.",No,See ASN-31321 (ID#:30363),See ASN-31321 (ID#:30363),0.42,,,,,,,,,,,,,,,,,,,,,,,,,,
30237,,FPQ-12154,,,Uganda,,,,,,5/9/2013,,,,,,"Orgenics, Ltd",,"HIV, Lancet, Safety, for HIV Test kits, 100 Pcs",Generic,,,,,,,,,,,,,114-UG-T30,SCMS-188330,ASN-20242,PMO - US,Direct Drop,EXW,Air,4/23/2013,15-Jul-13,15-Jul-13,15-Jul-13,HRDT,HIV test - Ancillary,"HIV, Lancet, Safety, for HIV Test kits, 100 Pcs",Test kit - Ancillary,100.0,864.0,4320.0,5.0,0.05,"Alere Medical Co., Ltd.",No,See ASN-20242 (ID#:29951),See ASN-20242 (ID#:29951),5.34,
2656,,,,,Vietnam,,,,,,Date Not Captured,,,,,,Aurobindo Pharma Limited,,Nevirapine,Generic,200mg,,,,,,,,,,,,108-VN-T01,SCMS-81,ASN-55,PMO - US,Direct Drop,EXW,Air,Pre-PQ Process,11-Aug-06,11-Aug-06,11-Aug-06,ARV,Adult,"Nevirapine 200mg, tablets, 60 Tabs",Tablet,60.0,35000.0,152250.0,4.35,0.07,"Aurobindo Unit III, India",No,See ASN-55 (ID#:16),See ASN-55 (ID#:16),,Pre-PQ Process
3552,,,,,Guyana,,,,,,12/11/2008,,,,,,"Orgenics, Ltd",,"HIV 1/2, Determine Complete HIV Kit",Determine,,,,,,,,,,,,,102-GY-T01,SCMS-35570,ASN-3511,PMO - US,Direct Drop,EXW,Air,Pre-PQ Process,17-Mar-09,17-Mar-09,17-Mar-09,HRDT,HIV test,"HIV 1/2, Determine Complete HIV Kit, 100 Tests",Test kit,100.0,213.0,15336.0,72.0,0.72,Inverness Japan,Yes,64,1083.36,30.06,Pre-PQ Process
70471,,FPQ-6708,,,South Africa,,,,,,12/14/2010,,,,,,GLAXOSMITHKLINE EXPORT LIMITED,,Abacavir,Ziagen,20mg/ml,,,,,,,,,,,,161-ZA-T30,SCMS-93430,ASN-11284,PMO - US,Direct Drop,DDP,Air,11/26/2010,12-Aug-11,12-Aug-11,12-Aug-11,ARV,Pediatric,"Abacavir 20mg/ml [Ziagen], oral solution, Bottle, 240 ml",Oral solution,240.0,32000.0,320640.0,10.02,0.04,GSK Mississauga (Canada),Yes,12264,10277.92,529.06,
16104,,FPQ-6976,,,Ethiopia,,,,,,2/1/2011,,,,,,Aurobindo Pharma Limited,,Didanosine,Generic,400mg,,,,,,,,,,,,117-ET-T30,SCMS-98320,ASN-12361,PMO - US,Direct Drop,EXW,Air,1/13/2011,31-Oct-11,31-Oct-11,31-Oct-11,ARV,Adult,"Didanosine 400mg, delayed-release capsules, 30 Caps",Delayed-release capsules,30.0,2225.0,44500.0,20.0,0.67,"Aurobindo Unit III, India",Yes,174,2052.97,73.42,
11557,,Pre-PQ Process,,,Guyana,,,,,,N/A - From RDC,,,,,,SCMS from RDC,,Lopinavir/Ritonavir,Aluvia,200/50mg,,,,,,,,,,,,105-GY-T01,SO-2465,DN-728,PMO - US,From RDC,N/A - From RDC,Air,Pre-PQ Process,20-May-08,20-May-08,20-May-08,ARV,Adult,"Lopinavir/Ritonavir 200/50mg [Aluvia], tablets, 120 Tabs",Tablet,120.0,1530.0,125766.0,82.2,0.68,ABBVIE Ludwigshafen Germany,Yes,347,4220.15,201.23,
12633,110-ZM-T01,Pre-PQ Process,SO-478,DN-99,Zambia,PMO - US,From RDC,N/A - From RDC,,Pre-PQ Process,N/A - From RDC,26-Apr-07,26-Apr-07,26-Apr-07,ARV,Pediatric,SCMS from RDC,"Efavirenz 50mg [Stocrin/Sustiva], capsule, 30 Caps",Efavirenz,Stocrin/Sustiva,50mg,Capsule,30.0,1030.0,3574.1,3.47,0.12,"MSD Manati, Puerto Rico, (USA)",Yes,48,574.56,,,,,,,,,,,,,,,,,,,,,,,,,,,
10830,,,,,Tanzania,,,,,,N/A - From RDC,,,,,,SCMS from RDC,,Abacavir,Generic,300mg,,,,,,,,,,,,109-TZ-T01,SO-606,DN-168,PMO - US,From RDC,N/A - From RDC,Air,Pre-PQ Process,6-Jul-07,6-Jul-07,6-Jul-07,ARV,Adult,"Abacavir 300mg, tablets, 60 Tabs",Tablet,60.0,6781.0,242759.8,35.8,0.6,"Aurobindo Unit III, India",Yes,675,2440,,Pre-PQ Process
25752,,FPQ-5303,,,South Africa,,,,,,3/19/2010,,,,,,CIPLA LIMITED,,Tenofovir Disoproxil Fumarate,Generic,300mg,,,,,,,,,,,,161-ZA-T30,SCMS-68710,ASN-6750,PMO - US,Direct Drop,DDP,Air,3/18/2010,11-Jun-10,11-Jun-10,11-Jun-10,ARV,Adult,"Tenofovir Disoproxil Fumarate 300mg, tablets, 30 Tabs",Tablet,30.0,38890.0,304119.8,7.82,0.26,"Cipla, Goa, India",Yes,2649,3908.55,655.68,
29133,,,,,Uganda,,,,,,7/24/2013,,,,,,HETERO LABS LIMITED,,Lamivudine,Generic,150mg,,,,,,,,,,,,114-UG-T30,SCMS-198730,ASN-21532,PMO - US,Direct Drop,EXW,Air,7/8/2013,14-Sep-13,14-Sep-13,14-Sep-13,ARV,Adult,"Lamivudine 150mg, tablets, 60 Tabs",Tablet,60.0,45359.0,83914.15,1.85,0.03,Hetero Unit III Hyderabad IN,Yes,2773,8723.46,103.8,FPQ-12477
85101,,,,,Uganda,,,,,,N/A - From RDC,,,,,,SCMS from RDC,,Lamivudine/Tenofovir Disoproxil Fumarate,Generic,300/300mg,,,,,,,,,,,,114-UG-T30,SO-34990,DN-1749,PMO - US,From RDC,N/A - From RDC,Truck,10/28/2009,26-Mar-10,25-Mar-10,25-Mar-10,ARV,Adult,"Lamivudine/Tenofovir Disoproxil Fumarate 300/300mg, tablets, 30 Tabs",Tablet - FDC,30.0,3680.0,36800.0,10.0,0.33,Mylan (formerly Matrix) Nashik,Yes,328,3522.52,79.34,FPQ-4496
86772,151-NG-T30,FPQ-14156,SO-48908,DN-4097,Nigeria,PMO - US,From RDC,N/A - From RDC,Air Charter,4/25/14,N/A - From RDC,30-Jan-15,14-Jan-15,20-Jan-15,ARV,Adult,SCMS from RDC,"Lamivudine/Tenofovir Disoproxil Fumarate 300/300mg, tablets, 30 Tabs",Lamivudine/Tenofovir Disoproxil Fumarate,Generic,300/300mg,Tablet - FDC,30.0,296996.0,1369151.56,4.61,0.15,Hetero Unit III Hyderabad IN,No,See DN-4097 (ID#:85009),See DN-4097 (ID#:85009),1407.49,,,,,,,,,,,,,,,,,,,,,,,,,,
11352,,Pre-PQ Process,,,Zimbabwe,,,,,,N/A - From RDC,,,,,,SCMS from RDC,,Efavirenz,Generic,600mg,,,,,,,,,,,,113-ZW-T01,SO-21020,DN-1411,PMO - US,From RDC,N/A - From RDC,Truck,Date Not Captured,22-Sep-09,22-Sep-09,22-Sep-09,ARV,Adult,"Efavirenz 600mg, tablets, 30 Tabs",Tablet,30.0,4000.0,42480.0,10.62,0.35,"Aurobindo Unit III, India",Yes,9020,14958.2,83.26,
83901,111-MZ-T30,FPQ-15195,SO-50140,DN-4191,Mozambique,PMO - US,From RDC,N/A - From RDC,Truck,10/17/14,N/A - From RDC,31-May-15,13-May-15,15-May-15,ARV,Adult,SCMS from RDC,"Efavirenz/Lamivudine/Tenofovir Disoproxil Fumarate 600/300/300mg, tablets, 30 Tabs",Efavirenz/Lamivudine/Tenofovir Disoproxil Fumarate,Generic,600/300/300mg,Tablet - FDC,30.0,122449.0,1175510.4,9.6,0.32,Mylan (formerly Matrix) Nashik,No,See DN-4191 (ID#:83900),See DN-4191 (ID#:83900),1383.58,,,,,,,,,,,,,,,,,,,,,,,,,,
12899,,,,,Nigeria,,,,,,N/A - From RDC,,,,,,SCMS from RDC,,Lamivudine/Nevirapine/Zidovudine,Generic,150/300/200mg,,,,,,,,,,,,151-NG-T01,SO-32647,DN-1341,PMO - US,From RDC,N/A - From RDC,Air Charter,Date Not Captured,4-Aug-09,4-Aug-09,4-Aug-09,ARV,Adult,"Lamivudine/Nevirapine/Zidovudine 150/200/300mg, tablets, 60 Tabs",Tablet - FDC,60.0,1268.0,14455.2,11.4,0.19,"Aurobindo Unit III, India",Yes,143,7445.8,28.33,Pre-PQ Process
21705,,,,,Vietnam,,,,,,11/7/2012,,,,,,MYLAN LABORATORIES LTD (FORMERLY MATRIX LABORATORIES),,Efavirenz/Lamivudine/Tenofovir Disoproxil Fumarate,Generic,600/300/300mg,,,,,,,,,,,,108-VN-T30,SCMS-164570,ASN-18408,PMO - US,Direct Drop,EXW,Air,10/15/2012,18-Mar-13,18-Mar-13,18-Mar-13,ARV,Adult,"Efavirenz/Lamivudine/Tenofovir Disoproxil Fumarate 600/300/300mg, tablets, 30 Tabs",Tablet - FDC,30.0,23389.0,268739.61,11.49,0.38,Mylan (formerly Matrix) Nashik,Yes,2741,4802.92,332.43,FPQ-10811
39833,108-VN-T30,FPQ-13524,SCMS-226260,ASN-26927,Vietnam,PMO - US,Direct Drop,EXW,Air,2/6/14,3/10/14,13-Aug-14,13-Aug-14,25-Aug-14,ARV,Adult,HETERO LABS LIMITED,"Efavirenz/Lamivudine/Tenofovir Disoproxil Fumarate 600/300/300mg, tablets, 30 Tabs",Efavirenz/Lamivudine/Tenofovir Disoproxil Fumarate,Generic,600/300/300mg,Tablet - FDC,30.0,720.0,7560.0,10.5,0.35,Hetero Unit III Hyderabad IN,No,See ASN-26927 (ID#:26612),See ASN-26927 (ID#:26612),7.77,,,,,,,,,,,,,,,,,,,,,,,,,,
43693,110-ZM-T30,FPQ-15075,SCMS-260230,ASN-30881,Zambia,PMO - US,Direct Drop,EXW,Air,10/15/14,10/22/14,29-May-15,29-May-15,2-Jun-15,HRDT,HIV test,"Trinity Biotech, Plc","HIV 1/2, Uni-Gold HIV Kit, 20 Tests","HIV 1/2, Uni-Gold HIV Kit",Uni-Gold,,Test kit,20.0,8000.0,256000.0,32.0,1.6,"Trinity Biotech, Plc",Yes,2328,14581.51,301.31,,,,,,,,,,,,,,,,,,,,,,,,,,
84181,,,,,Zimbabwe,,,,,,N/A - From RDC,,,,,,SCMS from RDC,,Lamivudine/Tenofovir Disoproxil Fumarate,Generic,300/300mg,,,,,,,,,,,,113-ZW-T30,SO-40880,DN-2742,PMO - US,From RDC,N/A - From RDC,Truck,10/4/2011,14-Aug-12,23-Jul-12,23-Jul-12,ARV,Adult,"Lamivudine/Tenofovir Disoproxil Fumarate 300/300mg, tablets, 30 Tabs",Tablet - FDC,30.0,78082.0,418519.52,5.36,0.18,Mylan (formerly Matrix) Nashik,Yes,7490,15299.59,690.56,FPQ-8464
40152,,,,,South Africa,,,,,,11/28/2014,,,,,,PHARMACY DIRECT,,Abacavir,Generic,20mg/ml,,,,,,,,,,,,116-ZA-T30,SCMS-259071,ASN-29597,PMO - US,Direct Drop,DDP,Truck,9/11/2014,28-Nov-14,28-Nov-14,28-Nov-14,ARV,Pediatric,"Abacavir 20mg/ml, oral solution, Bottle, 240 ml",Oral solution,240.0,8.0,141.69,17.71,0.07,"Aurobindo Unit III, India",No,Weight Captured Separately,Freight Included in Commodity Cost,0.15,FPQ-14942
11842,,,,,Côte d'Ivoire,,,,,,N/A - From RDC,,,,,,SCMS from RDC,,Nevirapine,Generic,10mg/ml,,,,,,,,,,,,104-CI-T01,SO-1544,DN-547,PMO - US,From RDC,N/A - From RDC,Air,Pre-PQ Process,15-Jan-08,15-Jan-08,15-Jan-08,ARV,Pediatric,"Nevirapine 10mg/ml, oral suspension, Bottle, 240 ml",Oral suspension,240.0,965.0,1852.8,1.92,0.01,"Aurobindo Unit III, India",Yes,344,1729,2.96,Pre-PQ Process
85459,,,,,Côte d'Ivoire,,,,,,N/A - From RDC,,,,,,SCMS from RDC,,Abacavir,Generic,300mg,,,,,,,,,,,,104-CI-T30,SO-47131,DN-3632,PMO - US,From RDC,N/A - From RDC,Truck,10/22/2013,30-Apr-14,25-Apr-14,11-Jun-14,ARV,Adult,"Abacavir 300mg, tablets, 60 Tabs",Tablet,60.0,10620.0,119262.6,11.23,0.19,"Aurobindo Unit III, India",No,See DN-3632 (ID#:82665),See DN-3632 (ID#:82665),122.6,FPQ-13142
11417,,,,,Tanzania,,,,,,N/A - From RDC,,,,,,SCMS from RDC,,"HIV 1/2, Bioline 3.0 Kit, Lancets, Capillary pipets, Alcohol swabs included",Bioline,,,,,,,,,,,,,109-TZ-T01,SO-645,DN-216,PMO - US,From RDC,N/A - From RDC,,Pre-PQ Process,18-Jul-07,18-Jul-07,18-Jul-07,HRDT,HIV test,"HIV 1/2, Bioline 3.0 Kit, Lancets, Capillary pipets, Alcohol swabs included, 25 Tests",Test kit,25.0,6452.0,129040.0,20.0,0.8,"Standard Diagnostics, Korea",Yes,2334,9343.18,206.46,Pre-PQ Process
86323,151-NG-T30,FPQ-5688,SO-36912,DN-1970,Nigeria,PMO - US,From RDC,N/A - From RDC,Air Charter,5/27/10,N/A - From RDC,31-Aug-10,17-Aug-10,17-Aug-10,ARV,Adult,SCMS from RDC,"Emtricitabine/Tenofovir Disoproxil Fumarate 200/300mg, tablets, 30 Tabs",Emtricitabine/Tenofovir Disoproxil Fumarate,Generic,200/300mg,Tablet - FDC,30.0,10000.0,117500.0,11.75,0.39,Mylan (formerly Matrix) Nashik,Yes,900,6147.18,253.33,,,,,,,,,,,,,,,,,,,,,,,,,,
86294,151-NG-T30,FPQ-4537,SO-34913,DN-1780,Nigeria,PMO - US,From RDC,N/A - From RDC,Air Charter,11/6/09,N/A - From RDC,31-May-10,18-May-10,18-May-10,ARV,Adult,SCMS from RDC,"Efavirenz 600mg, tablets, 30 Tabs",Efavirenz,Generic,600mg,Tablet,30.0,12240.0,58140.0,4.75,0.16,"Aurobindo Unit III, India",Yes,1082,9736.1,125.35,,,,,,,,,,,,,,,,,,,,,,,,,,
53560,,,,,Nigeria,,,,,,7/10/2013,,,,,,"Orgenics, Ltd",,"HIV 1/2, Determine Complete HIV Kit",Determine,,,,,,,,,,,,,133-NG-T30,SCMS-196561,ASN-22346,PMO - US,Direct Drop,EXW,Air,6/10/2013,7-Nov-13,8-Nov-13,17-Nov-13,HRDT,HIV test,"HIV 1/2, Determine Complete HIV Kit, 100 Tests",Test kit,100.0,3038.0,270382.0,89.0,0.89,"Alere Medical Co., Ltd.",Yes,1234,21084.84,334.46,FPQ-12456
20671,,FPQ-7175,,,South Africa,,,,,,9/30/2011,,,,,,Aurobindo Pharma Limited,,Efavirenz,Generic,600mg,,,,,,,,,,,,161-ZA-T30,SCMS-123590,ASN-13057,PMO - US,Direct Drop,DDP,Ocean,3/10/2011,16-Jan-12,23-Jan-12,23-Jan-12,ARV,Adult,"Efavirenz 600mg, tablets, 30 Tabs",Tablet,30.0,91772.0,390948.72,4.26,0.14,"Aurobindo Unit III, India",Yes,7797,7292.27,645.07,
27267,108-VN-T30,FPQ-10286,SCMS-156130,ASN-17075,Vietnam,PMO - US,Direct Drop,EXW,Air,7/25/12,8/14/12,29-Nov-12,29-Nov-12,29-Nov-12,ARV,Adult,Aurobindo Pharma Limited,"Lamivudine/Nevirapine/Zidovudine 150/200/300mg, tablets, 60 Tabs",Lamivudine/Nevirapine/Zidovudine,Generic,150/300/200mg,Tablet - FDC,60.0,37215.0,320049.0,8.6,0.14,"Aurobindo Unit III, India",No,See ASN-17075 (ID#:20697),See ASN-17075 (ID#:20697),448.71,,,,,,,,,,,,,,,,,,,,,,,,,,
12885,,Pre-PQ Process,,,Nigeria,,,,,,N/A - From RDC,,,,,,SCMS from RDC,,Efavirenz,Generic,600mg,,,,,,,,,,,,112-NG-T01,SO-21050,DN-1244,PMO - US,From RDC,N/A - From RDC,Air Charter,Pre-PQ Process,16-Jun-09,16-Jun-09,16-Jun-09,ARV,Adult,"Efavirenz 600mg, tablets, 30 Tabs",Tablet,30.0,2178.0,23522.4,10.8,0.36,"Aurobindo Unit III, India",No,See DN-1244 (ID#:11048),See DN-1244 (ID#:11048),46.1,
66307,,,,,Vietnam,,,,,,2/13/2013,,,,,,MYLAN LABORATORIES LTD (FORMERLY MATRIX LABORATORIES),,Efavirenz/Lamivudine/Tenofovir Disoproxil Fumarate,Generic,600/300/300mg,,,,,,,,,,,,108-VN-T30,SCMS-177620,ASN-20367,PMO - US,Direct Drop,EXW,Air,2/7/2013,1-Aug-13,1-Aug-13,1-Aug-13,ARV,Adult,"Efavirenz/Lamivudine/Tenofovir Disoproxil Fumarate 600/300/300mg, tablets, 30 Tabs",Tablet - FDC,30.0,32673.0,375412.77,11.49,0.38,Mylan (formerly Matrix) Nashik,Yes,3425,11077.85,464.39,FPQ-11560
82603,105-GY-T30,FPQ-12047,SO-45050,DN-3331,Guyana,PMO - US,From RDC,N/A - From RDC,Air,4/15/13,N/A - From RDC,30-Sep-13,4-Oct-13,22-Oct-13,ARV,Pediatric,SCMS from RDC,"Efavirenz 200mg, scored tablets, 90 Tabs",Efavirenz,Generic,200mg,Tablet,90.0,71.0,660.3,9.3,0.1,"Strides, Bangalore, India.",Yes,395,1303,0.82,,,,,,,,,,,,,,,,,,,,,,,,,,
7728,116-ZA-T01,Pre-PQ Process,SCMS-41050,ASN-3635,South Africa,PMO - US,Direct Drop,DDP,Air,Pre-PQ Process,Date Not Captured,21-Apr-09,5-Dec-08,5-Dec-08,ARV,Pediatric,S. BUYS WHOLESALER,"Efavirenz 50mg, capsule, 30 Caps",Efavirenz,Generic,50mg,Capsule,30.0,144.0,440.64,3.06,0.1,"Aurobindo Unit III, India",No,See ASN-3635 (ID#:3745),See ASN-3635 (ID#:3745),0.86,,,,,,,,,,,,,,,,,,,,,,,,,,
60778,,FPQ-12868,,,Tanzania,,,,,,9/9/2013,,,,,,MYLAN LABORATORIES LTD (FORMERLY MATRIX LABORATORIES),,Abacavir,Generic,300mg,,,,,,,,,,,,109-TZ-T30,SCMS-205690,ASN-23213,PMO - US,Direct Drop,EXW,Air,8/23/2013,28-Jan-14,28-Jan-14,28-Jan-14,ARV,Adult,"Abacavir 300mg, tablets, 60 Tabs",Tablet,60.0,20000.0,223800.0,11.19,0.19,Mylan (formerly Matrix) Nashik,Yes,2039,9182.45,276.84,
1084,,,,,South Africa,,,,,,3/27/2009,,,,,,S. BUYS WHOLESALER,,Lopinavir/Ritonavir,Aluvia,200/50mg,,,,,,,,,,,,116-ZA-T01,SCMS-41581,ASN-4196,PMO - US,Direct Drop,DDP,Air,Pre-PQ Process,25-Jun-09,14-Apr-09,14-Apr-09,ARV,Adult,"Lopinavir/Ritonavir 200/50mg [Aluvia], tablets, 120 Tabs",Tablet,120.0,3735.0,134385.3,35.98,0.3,ABBVIE Ludwigshafen Germany,Yes,Weight Captured Separately,Freight Included in Commodity Cost,263.4,Pre-PQ Process
14571,,FPQ-10349,,,Nigeria,,,,,,8/13/2012,,,,,,"Orgenics, Ltd",,"HIV 1/2, Determine Complete HIV Kit",Determine,,,,,,,,,,,,,133-NG-T30,SCMS-155321,ASN-17168,PMO - US,Direct Drop,EXW,Air,7/17/2012,28-Nov-12,27-Nov-12,27-Nov-12,HRDT,HIV test,"HIV 1/2, Determine Complete HIV Kit, 100 Tests",Test kit,100.0,2744.0,244216.0,89.0,0.89,"Alere Medical Co., Ltd.",Yes,1303,28734.43,342.39,
85369,151-NG-T30,FPQ-11022,SO-43850,DN-3199,Nigeria,PMO - US,From RDC,N/A - From RDC,Air Charter,11/15/12,N/A - From RDC,4-Jun-13,29-May-13,29-May-13,ARV,Adult,SCMS from RDC,"Efavirenz 600mg, tablets, 30 Tabs",Efavirenz,Generic,600mg,Tablet,30.0,1428.0,4755.24,3.33,0.11,"Aurobindo Unit VII, IN",No,See DN-3199 (ID#:84270),See DN-3199 (ID#:84270),5.88,,,,,,,,,,,,,,,,,,,,,,,,,,
69908,,FPQ-6262,,,South Africa,,,,,,9/24/2010,,,,,,Aurobindo Pharma Limited,,Efavirenz,Generic,600mg,,,,,,,,,,,,161-ZA-T30,SCMS-83730,ASN-9943,PMO - US,Direct Drop,DDP,Ocean,8/31/2010,26-Apr-11,12-Apr-11,12-Apr-11,ARV,Adult,"Efavirenz 600mg, tablets, 30 Tabs",Tablet,30.0,128467.0,581955.51,4.53,0.15,"Aurobindo Unit III, India",Yes,11033,11203.81,1254.7,
28333,133-NG-T30,FPQ-16330,SCMS-288770,ASN-32400,Nigeria,PMO - US,Direct Drop,DDP,Air,5/11/15,5/22/15,25-May-15,25-May-15,26-May-15,HRDT,HIV test,ACOUNS NIGERIA LTD,"HIV 1/2, Determine HIV Kit, without Lancets, 100 Tests","HIV 1/2, Determine HIV Kit, without Lancets",Determine,,Test kit,100.0,6107.0,407642.25,66.75,0.67,"Alere Medical Co., Ltd.",Yes,Weight Captured Separately,Freight Included in Commodity Cost,479.79,,,,,,,,,,,,,,,,,,,,,,,,,,
62173,,FPQ-7909,,,Tanzania,,,,,,7/14/2011,,,,,,"Orgenics, Ltd",,"HIV 1/2, Determine Complete HIV Kit",Determine,,,,,,,,,,,,,109-TZ-T30,SCMS-115010,ASN-12096,PMO - US,Direct Drop,EXW,Air,6/24/2011,5-Oct-11,5-Oct-11,5-Oct-11,HRDT,HIV test,"HIV 1/2, Determine Complete HIV Kit, 100 Tests",Test kit,100.0,1500.0,120000.0,80.0,0.8,"Alere Medical Co., Ltd.",Yes,7500,19196.73,198.0,
50876,107-RW-T30,FPQ-10223,SCMS-152980,ASN-16610,Rwanda,PMO - US,Direct Drop,EXW,Ocean,7/5/12,7/16/12,11-Jan-13,11-Jan-13,11-Jan-13,ARV,Adult,HETERO LABS LIMITED,"Lamivudine/Nevirapine/Stavudine 150/200/30mg, tablets, 60 Tabs",Lamivudine/Nevirapine/Stavudine,Generic,150/200/30mg,Tablet - FDC,60.0,63410.0,278369.9,4.39,0.07,Hetero Unit III Hyderabad IN,Yes,6589,17075.43,390.27,,,,,,,,,,,,,,,,,,,,,,,,,,
61896,,FPQ-11783,,,Mali,,,,,,4/11/2013,,,,,,"Orgenics, Ltd",,"HIV, Lancet, Safety, for HIV Test kits, 100 Pcs",Generic,,,,,,,,,,,,,102-ML-T30,SCMS-182800,ASN-19649,PMO - US,Direct Drop,EXW,Air,3/15/2013,11-Jun-13,11-Jun-13,11-Jun-13,HRDT,HIV test - Ancillary,"HIV, Lancet, Safety, for HIV Test kits, 100 Pcs",Test kit - Ancillary,100.0,21.0,105.0,5.0,0.05,"Alere Medical Co., Ltd.",No,See ASN-19649 (ID#:15382),See ASN-19649 (ID#:15382),0.13,
85473,,FPQ-13142,,,Côte d'Ivoire,,,,,,N/A - From RDC,,,,,,SCMS from RDC,,Lamivudine,Generic,150mg,,,,,,,,,,,,104-CI-T30,SO-47160,DN-3685,PMO - US,From RDC,N/A - From RDC,Truck,10/22/2013,30-May-14,12-May-14,30-Jun-14,ARV,Adult,"Lamivudine 150mg, tablets, 60 Tabs",Tablet,60.0,1821.0,3168.54,1.74,0.03,"Micro labs, Verna, Goa, India",No,See DN-3685 (ID#:83245),See DN-3685 (ID#:83245),3.26,
17831,,FPQ-7321,,,Sudan,,,,,,5/2/2011,,,,,,"Orgenics, Ltd",,"HIV 1/2, Determine Complete HIV Kit",Determine,,,,,,,,,,,,,102-SD-T30,SCMS-107790,ASN-11120,PMO - US,Direct Drop,EXW,Air,3/29/2011,1-Jul-11,1-Jul-11,1-Jul-11,HRDT,HIV test,"HIV 1/2, Determine Complete HIV Kit, 100 Tests",Test kit,100.0,378.0,33642.0,89.0,0.89,Inverness Japan,Yes,180,4529.86,55.51,
10716,114-UG-T01,Pre-PQ Process,SO-17910,DN-1068,Uganda,PMO - US,From RDC,N/A - From RDC,Air,Pre-PQ Process,N/A - From RDC,19-Feb-09,19-Feb-09,19-Feb-09,ARV,Adult,SCMS from RDC,"Efavirenz 600mg, tablets, 30 Tabs",Efavirenz,Generic,600mg,Tablet,30.0,1747.0,19217.0,11.0,0.37,"Aurobindo Unit III, India",Yes,152,1340.96,37.67,,,,,,,,,,,,,,,,,,,,,,,,,,
20321,,FPQ-9576,,,Vietnam,,,,,,6/11/2012,,,,,,MYLAN LABORATORIES LTD (FORMERLY MATRIX LABORATORIES),,Abacavir,Generic,300mg,,,,,,,,,,,,108-VN-T30,SCMS-145310,ASN-16124,PMO - US,Direct Drop,EXW,Air,4/11/2012,2-Oct-12,2-Oct-12,2-Oct-12,ARV,Adult,"Abacavir 300mg, tablets, 60 Tabs",Tablet,60.0,331.0,4220.25,12.75,0.21,Mylan (formerly Matrix) Nashik,Yes,2951,7211.04,5.92,
82786,,,,,Nigeria,,,,,,N/A - From RDC,,,,,,SCMS from RDC,,Lamivudine/Nevirapine/Zidovudine,Generic,150/300/200mg,,,,,,,,,,,,151-NG-T30,SO-49685,DN-4172,PMO - US,From RDC,N/A - From RDC,Air Charter,8/13/2014,28-Feb-15,10-Mar-15,17-Mar-15,ARV,Adult,"Lamivudine/Nevirapine/Zidovudine 150/200/300mg, tablets, 60 Tabs",Tablet - FDC,60.0,59014.0,455588.08,7.72,0.13,Hetero Unit III Hyderabad IN,No,See DN-4172 (ID#:82785),See DN-4172 (ID#:82785),468.34,FPQ-14766
85410,,,,,Nigeria,,,,,,N/A - From RDC,,,,,,SCMS from RDC,,Lamivudine/Nevirapine/Zidovudine,Generic,150/300/200mg,,,,,,,,,,,,151-NG-T30,SO-44933,DN-3369,PMO - US,From RDC,N/A - From RDC,Air Charter,3/14/2013,31-Oct-13,14-Oct-13,24-Oct-13,ARV,Adult,"Lamivudine/Nevirapine/Zidovudine 150/200/300mg, tablets, 60 Tabs",Tablet - FDC,60.0,123700.0,1061346.0,8.58,0.14,"Cipla, Goa, India",Yes,18882,20225.07,1312.89,FPQ-11864
82360,200-DO-T30,FPQ-6616,SO-38020,DN-2065,Dominican Republic,PMO - US,From RDC,N/A - From RDC,Air,10/25/10,N/A - From RDC,31-Jan-11,8-Dec-10,8-Dec-10,ARV,Adult,SCMS from RDC,"Lamivudine 150mg, tablets, 60 Tabs",Lamivudine,Generic,150mg,Tablet,60.0,649.0,1512.17,2.33,0.04,Hetero Unit III Hyderabad IN,Yes,1787,18046.12,2.5,,,,,,,,,,,,,,,,,,,,,,,,,,
82604,102-BI-T30,FPQ-12602,SO-46010,DN-3335,Burundi,PMO - US,From RDC,N/A - From RDC,Air,7/9/13,N/A - From RDC,3-Nov-13,5-Nov-13,12-Nov-13,ARV,Adult,SCMS from RDC,"Lamivudine/Zidovudine 150/300mg, tablets, 60 Tabs",Lamivudine/Zidovudine,Generic,150/300mg,Tablet - FDC,60.0,6141.0,42987.0,7.0,0.12,"Cipla, Goa, India",Yes,741,3810.39,53.17,,,,,,,,,,,,,,,,,,,,,,,,,,
84010,,,,,Rwanda,,,,,,N/A - From RDC,,,,,,SCMS from RDC,,Lamivudine/Nevirapine/Zidovudine,Generic,150/300/200mg,,,,,,,,,,,,107-RW-T30,SO-36580,DN-1870,PMO - US,From RDC,N/A - From RDC,Air,3/25/2010,15-Jul-10,7-Jul-10,7-Jul-10,ARV,Adult,"Lamivudine/Nevirapine/Zidovudine 150/200/300mg, tablets, 60 Tabs",Tablet - FDC,60.0,5869.0,65850.18,11.22,0.19,Mylan (formerly Matrix) Nashik,Yes,758,8929.51,141.97,FPQ-5394
66946,,FPQ-13555,,,"Congo, DRC",,,,,,5/5/2014,,,,,,Aurobindo Pharma Limited,,Didanosine,Generic,250mg,,,,,,,,,,,,101-CD-T30,SCMS-234230,ASN-26408,PMO - US,Direct Drop,EXW,Air,3/19/2014,26-Aug-14,26-Aug-14,16-Sep-14,ARV,Adult,"Didanosine 250mg, delayed-release capsules, 30 Caps",Delayed-release capsules,30.0,100.0,758.0,7.58,0.25,"Aurobindo Unit III, India",Yes,9,734.66,0.78,
53338,,,,,South Africa,,,,,,9/24/2010,,,,,,Aurobindo Pharma Limited,,Zidovudine,Generic,300mg,,,,,,,,,,,,161-ZA-T30,SCMS-83830,ASN-8795,PMO - US,Direct Drop,DDP,Ocean,8/31/2010,8-Dec-10,8-Dec-10,8-Dec-10,ARV,Adult,"Zidovudine 300mg, tablets, 60 Tabs",Tablet,60.0,77143.0,565458.19,7.33,0.12,"Aurobindo Unit III, India",Yes,3894,3161.68,1219.13,FPQ-6262
12320,,Pre-PQ Process,,,Zambia,,,,,,N/A - From RDC,,,,,,SCMS from RDC,,Lamivudine/Nevirapine/Stavudine,Generic,150/200/30mg,,,,,,,,,,,,110-ZM-T01,SO-32850,DN-1432,PMO - US,From RDC,N/A - From RDC,Truck,Date Not Captured,2-Oct-09,2-Oct-09,2-Oct-09,ARV,Adult,"Lamivudine/Nevirapine/Stavudine 150/200/30mg, tablets, 60 Tabs",Tablet - FDC,60.0,61520.0,438022.4,7.12,0.12,"Cipla, Goa, India",Yes,23888,13518.56,858.52,
8735,,,,,Mozambique,,,,,,10/14/2008,,,,,,"Orgenics, Ltd",,"HIV 1/2, Determine Complete HIV Kit",Determine,,,,,,,,,,,,,111-MZ-T01,SCMS-31750,ASN-3507,PMO - US,Direct Drop,EXW,Air,Pre-PQ Process,14-Apr-09,14-Apr-09,14-Apr-09,HRDT,HIV test,"HIV 1/2, Determine Complete HIV Kit, 100 Tests",Test kit,100.0,4800.0,345600.0,72.0,0.72,Inverness Japan,Yes,1417,13093.27,677.38,Pre-PQ Process
29596,,FPQ-10223,,,Rwanda,,,,,,7/18/2012,,,,,,MICRO LABS LIMITED,,Nevirapine,Generic,200mg,,,,,,,,,,,,107-RW-T30,SCMS-152930,ASN-16792,PMO - US,Direct Drop,EXW,Ocean,7/5/2012,10-Dec-12,10-Dec-12,10-Dec-12,ARV,Adult,"Nevirapine 200mg, tablets, 60 Tabs",Tablet,60.0,171925.0,388550.5,2.26,0.04,"Micro labs, Verna, Goa, India",Yes,15683,36173.15,544.75,
34028,,,,,Rwanda,,,,,,8/18/2009,,,,,,HETERO LABS LIMITED,,Lamivudine,Generic,150mg,,,,,,,,,,,,107-RW-T30,SCMS-50840,ASN-7094,PMO - US,Direct Drop,CIP,Air,7/28/2009,13-Jun-10,13-Jun-10,13-Jun-10,ARV,Adult,"Lamivudine 150mg, tablets, 60 Tabs",Tablet,60.0,4500.0,11655.0,2.59,0.04,Hetero Unit III Hyderabad IN,Yes,277,1393.42,22.84,FPQ-4047
74333,,FPQ-14942,,,South Africa,,,,,,10/9/2014,,,,,,PHARMACY DIRECT,,Zidovudine,Generic,300mg,,,,,,,,,,,,116-ZA-T30,SCMS-259079,ASN-33852,PMO - US,Direct Drop,DDP,Truck,9/11/2014,24-Aug-15,24-Aug-15,24-Aug-15,ARV,Adult,"Zidovudine 300mg, tablets, 60 Tabs",Tablet,60.0,15.0,289.91,19.33,0.32,"Aurobindo Unit III, India",No,Weight Captured Separately,Freight Included in Commodity Cost,0.3,
85251,111-MZ-T30,FPQ-8157,SO-40383,DN-2615,Mozambique,PMO - US,From RDC,N/A - From RDC,Truck,8/4/11,N/A - From RDC,7-May-12,10-May-12,10-May-12,ARV,Adult,SCMS from RDC,"Lamivudine/Nevirapine/Stavudine 150/200/30mg, tablets, 60 Tabs",Lamivudine/Nevirapine/Stavudine,Generic,150/200/30mg,Tablet - FDC,60.0,4666.0,25103.08,5.38,0.09,"Strides, Bangalore, India.",Yes,346,3580.36,41.42,,,,,,,,,,,,,,,,,,,,,,,,,,
32189,,FPQ-15692,,,Vietnam,,,,,,2/17/2015,,,,,,HETERO LABS LIMITED,,Efavirenz/Lamivudine/Tenofovir Disoproxil Fumarate,Generic,600/300/300mg,,,,,,,,,,,,108-VN-T30,SCMS-274390,ASN-32268,PMO - US,Direct Drop,EXW,Air,1/28/2015,10-Jul-15,7-Jul-15,7-Jul-15,ARV,Adult,"Efavirenz/Lamivudine/Tenofovir Disoproxil Fumarate 600/300/300mg, tablets, 30 Tabs",Tablet - FDC,30.0,17760.0,177600.0,10.0,0.33,Hetero Unit III Hyderabad IN,Yes,2523,4784.19,209.04,
76180,,FPQ-10107,,,Zambia,,,,,,7/31/2012,,,,,,"Orgenics, Ltd",,"HIV 1/2, Determine Complete HIV Kit",Determine,,,,,,,,,,,,,110-ZM-T30,SCMS-153800,ASN-16720,PMO - US,Direct Drop,EXW,Air,6/19/2012,19-Oct-12,19-Oct-12,19-Oct-12,HRDT,HIV test,"HIV 1/2, Determine Complete HIV Kit, 100 Tests",Test kit,100.0,4004.0,320320.0,80.0,0.8,"Alere Medical Co., Ltd.",Yes,1907,34940.02,449.09,
70797,,FPQ-14942,,,South Africa,,,,,,5/11/2015,,,,,,PHARMACY DIRECT,,Raltegravir,Isentress,400mg,,,,,,,,,,,,116-ZA-T30,SCMS-259075,ASN-32137,PMO - US,Direct Drop,DDP,Truck,9/11/2014,12-May-15,12-May-15,12-May-15,ARV,Adult,"Raltegravir 400mg [Isentress], tablets, 60 Tabs",Tablet,60.0,6.0,366.99,61.16,1.02,"MSD, Haarlem, NL",No,Weight Captured Separately,Freight Included in Commodity Cost,0.38,
83715,,FPQ-10551,,,Tanzania,,,,,,N/A - From RDC,,,,,,SCMS from RDC,,Nevirapine,Generic,10mg/ml,,,,,,,,,,,,109-TZ-T30,SO-43141,DN-3308,PMO - US,From RDC,N/A - From RDC,Truck,8/31/2012,15-Oct-13,18-Sep-13,18-Sep-13,ARV,Pediatric,"Nevirapine 10mg/ml, oral suspension w/syringe, Bottle, 240 ml",Oral suspension,240.0,2191.0,4272.45,1.95,0.01,"Aurobindo Unit III, India",Yes,823,3524,5.99,
81253,,FPQ-14942,,,South Africa,,,,,,10/9/2014,,,,,,PHARMACY DIRECT,,Abacavir,Generic,20mg/ml,,,,,,,,,,,,116-ZA-T30,SCMS-259077,ASN-33477,PMO - US,Direct Drop,DDP,Truck,9/11/2014,24-Jul-15,24-Jul-15,24-Jul-15,ARV,Pediatric,"Abacavir 20mg/ml, oral solution, Bottle, 240 ml",Oral solution,240.0,8.0,141.69,17.71,0.07,"Aurobindo Unit III, India",No,Weight Captured Separately,Freight Included in Commodity Cost,0.15,
59157,,FPQ-12933,,,Zambia,,,,,,9/11/2013,,,,,,"Trinity Biotech, Plc",,"HIV 1/2, Uni-Gold HIV Kit",Uni-Gold,,,,,,,,,,,,,110-ZM-T30,SCMS-205880,ASN-22538,PMO - US,Direct Drop,EXW,Air,9/3/2013,2-Dec-13,2-Dec-13,11-Dec-13,HRDT,HIV test,"HIV 1/2, Uni-Gold HIV Kit, 20 Tests",Test kit,20.0,2900.0,92800.0,32.0,1.6,"Trinity Biotech, Plc",Yes,266,8308.74,114.79,
86782,,,,,Mozambique,,,,,,N/A - From RDC,,,,,,SCMS from RDC,,Nevirapine,Generic,10mg/ml,,,,,,,,,,,,111-MZ-T30,SO-50121,DN-4153,PMO - US,From RDC,N/A - From RDC,Truck,10/17/2014,30-Jun-15,10-Apr-15,20-Apr-15,ARV,Pediatric,"Nevirapine 10mg/ml, oral suspension w/syringe, Bottle, 240 ml",Oral suspension,240.0,24871.0,37555.21,1.51,0.01,"Aurobindo Unit III, India",No,See DN-4153 (ID#:86170),See DN-4153 (ID#:86170),44.2,FPQ-15195
54781,,FPQ-16312,,,Nigeria,,,,,,5/7/2015,,,,,,ABBVIE LOGISTICS (FORMERLY ABBOTT LOGISTICS BV),,Lopinavir/Ritonavir,Generic,100/25mg,,,,,,,,,,,,151-NG-T30,SCMS-287720,ASN-32933,PMO - US,Direct Drop,FCA,Air,5/4/2015,7-Jul-15,7-Jul-15,7-Jul-15,ARV,Pediatric,"Lopinavir/Ritonavir 100/25mg [Aluvia], tablets, 60 Tabs",Tablet,60.0,2890.0,17166.6,5.94,0.1,ABBVIE Ludwigshafen Germany,Yes,Weight Captured Separately,Invoiced Separately,20.21,
27092,,FPQ-11141,,,Uganda,,,,,,2/4/2013,,,,,,ABBVIE LOGISTICS (FORMERLY ABBOTT LOGISTICS BV),,Lopinavir/Ritonavir,Generic,100/25mg,,,,,,,,,,,,114-UG-T30,SCMS-173430,ASN-20630,PMO - US,Direct Drop,FCA,Air,12/13/2012,26-Jul-13,26-Jul-13,26-Jul-13,ARV,Pediatric,"Lopinavir/Ritonavir 100/25mg [Aluvia], tablets, 60 Tabs",Tablet,60.0,2565.0,15236.1,5.94,0.1,ABBVIE Ludwigshafen Germany,Yes,304,2808.12,18.85,
82415,,FPQ-7812,,,Nigeria,,,,,,N/A - From RDC,,,,,,SCMS from RDC,,Lamivudine/Nevirapine/Zidovudine,Generic,150/300/200mg,,,,,,,,,,,,151-NG-T30,SO-40723,DN-2395,PMO - US,From RDC,N/A - From RDC,Air Charter,6/6/2011,5-Dec-11,13-Oct-11,13-Oct-11,ARV,Adult,"Lamivudine/Nevirapine/Zidovudine 150/200/300mg, tablets, 60 Tabs",Tablet - FDC,60.0,105160.0,1179895.2,11.22,0.19,"Aurobindo Unit III, India",Yes,28277,21326.73,1946.83,
1347,,,,,Nigeria,,,,,,Date Not Captured,,,,,,Abbott GmbH & Co. KG,,"HIV 1/2, Determine Complete HIV Kit",Determine,,,,,,,,,,,,,102-NG-T01,SCMS-695,ASN-622,PMO - US,Direct Drop,EXW,Air,Pre-PQ Process,7-Sep-07,7-Sep-07,7-Sep-07,HRDT,HIV test,"HIV 1/2, Determine Complete HIV Kit, 100 Tests",Test kit,100.0,3500.0,280000.0,80.0,0.8,ABBVIE GmbH & Co.KG Wiesbaden,Yes,1194,5858.57,448.0,Pre-PQ Process
7718,,Pre-PQ Process,,,South Africa,,,,,,Date Not Captured,,,,,,S. BUYS WHOLESALER,,Zidovudine,Generic,300mg,,,,,,,,,,,,116-ZA-T01,SCMS-40780,ASN-3607,PMO - US,Direct Drop,DDP,Air,Pre-PQ Process,17-Mar-09,28-Nov-08,28-Nov-08,ARV,Adult,"Zidovudine 300mg, tablets, 60 Tabs",Tablet,60.0,300.0,3699.0,12.33,0.21,"Aurobindo Unit III, India",No,Weight Captured Separately,Freight Included in Commodity Cost,7.25,
31368,901-NA-T30,FPQ-14728,SCMS-252630,ASN-29183,Namibia,PMO - US,Direct Drop,EXW,Air,7/30/14,8/19/14,25-Nov-14,25-Nov-14,26-Nov-14,ARV,Adult,MYLAN LABORATORIES LTD (FORMERLY MATRIX LABORATORIES),"Efavirenz/Emtricitabine/Tenofovir Disoproxil Fumarate 600/200/300mg, tablets, 30 Tabs",Efavirenz/Emtricitabine/Tenofovir Disoproxil Fumarate,Generic,600/200/300mg,Tablet - FDC,30.0,13000.0,136500.0,10.5,0.35,"Mylan,  H-12 & H-13, India",Yes,3575,17969.34,140.32,,,,,,,,,,,,,,,,,,,,,,,,,,
79491,106-HT-T30,FPQ-11285,SCMS-176120,ASN-19476,Haiti,PMO - US,Direct Drop,CIP,Air,1/16/13,2/5/13,14-May-13,14-May-13,14-May-13,ARV,Adult,MERCK SHARP & DOHME IDEA GMBH (FORMALLY MERCK SHARP & DOHME B.V.),"Raltegravir 400mg [Isentress], tablets, 60 Tabs",Raltegravir,Isentress,400mg,Tablet,60.0,120.0,6660.0,55.5,0.92,"MSD, Haarlem, NL",Yes,11,260,8.24,,,,,,,,,,,,,,,,,,,,,,,,,,
64615,114-UG-T30,FPQ-13600,SCMS-225720,ASN-27379,Uganda,PMO - US,Direct Drop,FCA,Air,1/28/14,2/4/14,26-Aug-14,26-Aug-14,26-Aug-14,ARV,Adult,ABBVIE LOGISTICS (FORMERLY ABBOTT LOGISTICS BV),"Ritonavir 100mg [Norvir], film coated tablets, 60 Tabs",Ritonavir,Norvir,100mg,Tablet,60.0,579.0,3966.15,6.85,0.11,ABBVIE Ludwigshafen Germany,Yes,103,1393.29,4.08,,,,,,,,,,,,,,,,,,,,,,,,,,
42190,108-VN-T30,FPQ-16194,SCMS-285490,ASN-33143,Vietnam,PMO - US,Direct Drop,EXW,Air,4/14/15,5/13/15,7-Sep-15,7-Sep-15,7-Sep-15,ARV,Adult,HETERO LABS LIMITED,"Lamivudine 150mg, tablets, 60 Tabs",Lamivudine,Generic,150mg,Tablet,60.0,5300.0,9540.0,1.8,0.03,Hetero Unit III Hyderabad IN,Yes,Weight Captured Separately,Invoiced Separately,11.23,,,,,,,,,,,,,,,,,,,,,,,,,,
30119,,FPQ-11153,,,Uganda,,,,,,1/11/2013,,,,,,ABBVIE LOGISTICS (FORMERLY ABBOTT LOGISTICS BV),,Ritonavir,Norvir,100mg,,,,,,,,,,,,114-UG-T30,SCMS-171910,ASN-18485,PMO - US,Direct Drop,FCA,Air,12/13/2012,12-Mar-13,12-Mar-13,12-Mar-13,ARV,Adult,"Ritonavir 100mg [Norvir], film coated tablets, 60 Tabs",Tablet,60.0,295.0,2020.75,6.85,0.11,ABBVIE Ludwigshafen Germany,Yes,36,876.99,2.5,
80842,116-ZA-T30,FPQ-12522,SCMS-199283,ASN-27978,South Africa,PMO - US,Direct Drop,DDP,Truck,7/11/13,8/27/14,27-Aug-14,27-Aug-14,27-Aug-14,ARV,Adult,S. BUYS WHOLESALER,"Nevirapine 200mg, tablets, 60 Tabs",Nevirapine,Generic,200mg,Tablet,60.0,57.0,1123.94,19.72,0.33,"Aurobindo Unit III, India",No,Weight Captured Separately,Freight Included in Commodity Cost,1.39,,,,,,,,,,,,,,,,,,,,,,,,,,
23750,109-TZ-T30,FPQ-11919,SCMS-205460,ASN-22365,Tanzania,PMO - US,Direct Drop,EXW,Air,3/25/13,9/11/13,23-Dec-13,23-Dec-13,3-Jan-14,HRDT,HIV test,"Trinity Biotech, Plc","HIV 1/2, Uni-Gold HIV Kit, 20 Tests","HIV 1/2, Uni-Gold HIV Kit",Uni-Gold,,Test kit,20.0,3.0,96.0,32.0,1.6,"Trinity Biotech, Plc",Yes,0,1002.35,0.12,,,,,,,,,,,,,,,,,,,,,,,,,,
12296,,,,,Uganda,,,,,,N/A - From RDC,,,,,,SCMS from RDC,,Lamivudine/Nevirapine/Zidovudine,Generic,150/300/200mg,,,,,,,,,,,,114-UG-T01,SO-26170,DN-1293,PMO - US,From RDC,N/A - From RDC,Air,Pre-PQ Process,29-Jun-09,29-Jun-09,29-Jun-09,ARV,Adult,"Lamivudine/Nevirapine/Zidovudine 150/200/300mg, tablets, 60 Tabs",Tablet - FDC,60.0,10372.0,119900.32,11.56,0.19,Mylan (formerly Matrix) Nashik,Yes,1312,14569.14,235.0,Pre-PQ Process
49014,127-KE-T30,FPQ-7907,SCMS-115320,ASN-12098,Kenya,PMO - US,Direct Drop,EXW,Air,6/23/11,7/20/11,30-Sep-11,30-Sep-11,30-Sep-11,HRDT,HIV test,"Orgenics, Ltd","HIV 1/2, Determine Complete HIV Kit, 100 Tests","HIV 1/2, Determine Complete HIV Kit",Determine,,Test kit,100.0,8276.0,736564.0,89.0,0.89,Inverness Japan,Yes,2050,23226.6,1215.33,,,,,,,,,,,,,,,,,,,,,,,,,,
30237,114-UG-T30,FPQ-12154,SCMS-188330,ASN-20242,Uganda,PMO - US,Direct Drop,EXW,Air,4/23/13,5/9/13,15-Jul-13,15-Jul-13,15-Jul-13,HRDT,HIV test - Ancillary,"Orgenics, Ltd","HIV, Lancet, Safety, for HIV Test kits, 100 Pcs","HIV, Lancet, Safety, for HIV Test kits, 100 Pcs",Generic,,Test kit - Ancillary,100.0,864.0,4320.0,5.0,0.05,"Alere Medical Co., Ltd.",No,See ASN-20242 (ID#:29951),See ASN-20242 (ID#:29951),5.34,,,,,,,,,,,,,,,,,,,,,,,,,,
10085,,Pre-PQ Process,,,Ethiopia,,,,,,10/22/2008,,,,,,"CHEMBIO DIAGNOSTIC SYSTEMS, INC.",,"HIV 1/2, Stat-Pak HIV, Kit",Stat-Pak,,,,,,,,,,,,,117-ET-T01,SCMS-32410,ASN-3178,PMO - US,Direct Drop,EXW,Air,Pre-PQ Process,30-Jan-09,20-Jan-09,20-Jan-09,HRDT,HIV test,"HIV 1/2, Stat-Pak HIV, Kit, 20 Tests",Test kit,20.0,9325.0,251775.0,27.0,1.35,Chembio Diagnostics Sys. Inc.,Yes,3061,15288.75,493.48,
84069,,,,,Côte d'Ivoire,,,,,,N/A - From RDC,,,,,,SCMS from RDC,,Abacavir/Lamivudine,Generic,600/300mg,,,,,,,,,,,,104-CI-T30,SO-38540,DN-2153,PMO - US,From RDC,N/A - From RDC,Air,12/21/2010,20-Apr-11,10-Jun-11,10-Jun-11,ARV,Adult,"Abacavir/Lamivudine 600/300mg, scored tablets, 30 Tabs",Tablet - FDC,30.0,1309.0,29452.5,22.5,0.75,Mylan (formerly Matrix) Nashik,No,See DN-2153 (ID#:82374),See DN-2153 (ID#:82374),48.6,FPQ-6891
83161,,,,,Nigeria,,,,,,N/A - From RDC,,,,,,SCMS from RDC,,Lamivudine/Nevirapine/Zidovudine,Generic,150/300/200mg,,,,,,,,,,,,151-NG-T30,SO-44750,DN-3320,PMO - US,From RDC,N/A - From RDC,Air Charter,2/28/2013,20-Sep-13,12-Sep-13,12-Sep-13,ARV,Adult,"Lamivudine/Nevirapine/Zidovudine 150/200/300mg, tablets, 60 Tabs",Tablet - FDC,60.0,251047.0,2153983.26,8.58,0.14,Mylan (formerly Matrix) Nashik,Yes,36448,34218.36,2664.48,FPQ-11771
83646,,,,,Angola,,,,,,N/A - From RDC,,,,,,SCMS from RDC,,Abacavir,Generic,20mg/ml,,,,,,,,,,,,103-AO-T30,SO-43980,DN-2980,PMO - US,From RDC,N/A - From RDC,Air,12/7/2012,20-May-13,20-May-13,20-May-13,ARV,Pediatric,"Abacavir 20mg/ml, oral solution w/syringe, Bottle, 240 ml",Oral solution,240.0,480.0,6000.0,12.5,0.05,"Aurobindo Unit III, India",Yes,173,2322.47,7.42,FPQ-11071
83501,110-ZM-T30,FPQ-6482,SO-39420,DN-2198,Zambia,PMO - US,From RDC,N/A - From RDC,Truck,10/15/10,N/A - From RDC,30-Apr-11,20-May-11,20-May-11,ARV,Adult,SCMS from RDC,"Nevirapine 200mg, tablets, 60 Tabs",Nevirapine,Generic,200mg,Tablet,60.0,18000.0,45180.0,2.51,0.04,"Strides, Bangalore, India.",Yes,1032,3402.23,97.41,,,,,,,,,,,,,,,,,,,,,,,,,,
82498,,FPQ-8790,,,Côte d'Ivoire,,,,,,N/A - From RDC,,,,,,SCMS from RDC,,Efavirenz/Emtricitabine/Tenofovir Disoproxil Fumarate,Generic,600/200/300mg,,,,,,,,,,,,104-CI-T30,SO-41190,DN-2776,PMO - US,From RDC,N/A - From RDC,Air,11/11/2011,20-Aug-12,18-Aug-12,18-Aug-12,ARV,Adult,"Efavirenz/Emtricitabine/Tenofovir Disoproxil Fumarate 600/200/300mg, tablets, 30 Tabs",Tablet - FDC,30.0,14880.0,223795.2,15.04,0.5,Mylan (formerly Matrix) Nashik,Yes,1674,4754.53,313.76,
85862,151-NG-T30,FPQ-8952,SO-41255,DN-2684,Nigeria,PMO - US,From RDC,N/A - From RDC,Air Charter,12/8/11,N/A - From RDC,4-Jul-12,3-Jun-12,3-Jun-12,ARV,Adult,SCMS from RDC,"Lamivudine/Nevirapine/Zidovudine 150/200/300mg, tablets, 60 Tabs",Lamivudine/Nevirapine/Zidovudine,Generic,150/300/200mg,Tablet - FDC,60.0,3479.0,35798.91,10.29,0.17,Mylan (formerly Matrix) Nashik,No,See DN-2684 (ID#:82479),See DN-2684 (ID#:82479),50.19,,,,,,,,,,,,,,,,,,,,,,,,,,
85716,,,,,Côte d'Ivoire,,,,,,N/A - From RDC,,,,,,SCMS from RDC,,Abacavir,Generic,300mg,,,,,,,,,,,,104-CI-T30,SO-37120,DN-2033,PMO - US,From RDC,N/A - From RDC,Truck,6/23/2010,28-Oct-10,23-Nov-10,23-Nov-10,ARV,Adult,"Abacavir 300mg, tablets, 60 Tabs",Tablet,60.0,5070.0,80562.3,15.89,0.26,Mylan (formerly Matrix) Nashik,No,See DN-2033 (ID#:82922),See DN-2033 (ID#:82922),173.69,FPQ-5925
84348,,,,,Guyana,,,,,,N/A - From RDC,,,,,,SCMS from RDC,,Lamivudine/Zidovudine,Generic,150/300mg,,,,,,,,,,,,105-GY-T30,SO-46800,DN-3585,PMO - US,From RDC,N/A - From RDC,Air,10/9/2013,31-Mar-14,3-Apr-14,6-Jun-14,ARV,Adult,"Lamivudine/Zidovudine 150/300mg, tablets, 60 Tabs",Tablet - FDC,60.0,287.0,2009.0,7.0,0.12,Mylan (formerly Matrix) Nashik,No,See DN-3585 (ID#:83223),See DN-3585 (ID#:83223),2.07,FPQ-13071
82637,,FPQ-13456,,,Zambia,,,,,,N/A - From RDC,,,,,,SCMS from RDC,,Zidovudine,Generic,300mg,,,,,,,,,,,,110-ZM-T30,SO-47470,DN-3491,PMO - US,From RDC,N/A - From RDC,Truck,12/17/2013,13-Feb-14,24-Jan-14,17-Mar-14,ARV,Adult,"Zidovudine 300mg, tablets, 60 Tabs",Tablet,60.0,6350.0,35433.0,5.58,0.09,"Aurobindo Unit III, India",Yes,320,1300,36.43,
45644,,FPQ-13622,,,Côte d'Ivoire,,,,,,3/3/2014,,,,,,Aurobindo Pharma Limited,,Didanosine,Generic,250mg,,,,,,,,,,,,104-CI-T30,SCMS-228880,ASN-26338,PMO - US,Direct Drop,EXW,Air,1/23/2014,20-Jun-14,20-Jun-14,25-Jun-14,ARV,Adult,"Didanosine 250mg, delayed-release capsules, 30 Caps",Delayed-release capsules,30.0,2000.0,15160.0,7.58,0.25,"Aurobindo Unit III, India",Yes,150,1789.85,15.58,
82528,,FPQ-10210,,,Mozambique,,,,,,N/A - From RDC,,,,,,SCMS from RDC,,Lamivudine/Nevirapine/Zidovudine,Generic,150/300/200mg,,,,,,,,,,,,111-MZ-T30,SO-42830,DN-2939,PMO - US,From RDC,N/A - From RDC,Truck,6/28/2012,11-Jan-13,11-Jan-13,11-Jan-13,ARV,Adult,"Lamivudine/Nevirapine/Zidovudine 150/200/300mg, tablets, 60 Tabs",Tablet - FDC,60.0,97516.0,945905.2,9.7,0.16,Hetero Unit III Hyderabad IN,Yes,12104,7433.02,1326.16,
85070,104-CI-T30,FPQ-3964,SO-33040,DN-1510,Côte d'Ivoire,PMO - US,From RDC,N/A - From RDC,Air,7/24/09,N/A - From RDC,1-Dec-09,5-Nov-09,5-Nov-09,ARV,Adult,SCMS from RDC,"Lamivudine/Zidovudine 150/300mg, tablets, 60 Tabs",Lamivudine/Zidovudine,Generic,150/300mg,Tablet - FDC,60.0,41336.0,362103.36,8.76,0.15,"Aurobindo Unit III, India",No,See DN-1510 (ID#:84506),See DN-1510 (ID#:84506),709.72,,,,,,,,,,,,,,,,,,,,,,,,,,
68596,,FPQ-13524,,,Vietnam,,,,,,3/10/2014,,,,,,ABBVIE LOGISTICS (FORMERLY ABBOTT LOGISTICS BV),,Lopinavir/Ritonavir,Aluvia,200/50mg,,,,,,,,,,,,108-VN-T30,SCMS-226190,ASN-27098,PMO - US,Direct Drop,FCA,Air,2/6/2014,18-Aug-14,18-Aug-14,25-Aug-14,ARV,Adult,"Lopinavir/Ritonavir 200/50mg [Aluvia], tablets, 120 Tabs",Tablet,120.0,4800.0,291936.0,60.82,0.51,ABBVIE Ludwigshafen Germany,Yes,1175,1779.1,300.11,
42221,,FPQ-4265,,,Vietnam,,,,,,11/13/2009,,,,,,Aurobindo Pharma Limited,,Abacavir,Generic,300mg,,,,,,,,,,,,108-VN-T30,SCMS-57130,ASN-6266,PMO - US,Direct Drop,EXW,Air,10/20/2009,19-Mar-10,19-Mar-10,19-Mar-10,ARV,Adult,"Abacavir 300mg, tablets, 60 Tabs",Tablet,60.0,200.0,3780.0,18.9,0.32,"Aurobindo Unit III, India",No,See ASN-6266 (ID#:15368),See ASN-6266 (ID#:15368),7.41,
86588,,,,,Nigeria,,,,,,N/A - From RDC,,,,,,SCMS from RDC,,Lamivudine/Nevirapine/Zidovudine,Generic,30/50/60mg,,,,,,,,,,,,151-NG-T30,SO-44758,DN-3252,PMO - US,From RDC,N/A - From RDC,Air Charter,2/28/2013,21-Aug-13,30-Jul-13,30-Jul-13,ARV,Pediatric,"Lamivudine/Nevirapine/Zidovudine 30/50/60mg, dispersible tablets, 60 Tabs",Chewable/dispersible tablet - FDC,60.0,38705.0,160625.75,4.15,0.07,Mylan (formerly Matrix) Nashik,Yes,2352,Freight Included in Commodity Cost,198.69,FPQ-11771
11870,102-GY-T01,Pre-PQ Process,SO-1004,DN-617,Guyana,PMO - US,From RDC,N/A - From RDC,,Pre-PQ Process,N/A - From RDC,21-Feb-08,21-Feb-08,21-Feb-08,HRDT,HIV test,SCMS from RDC,"HIV 1/2, Determine HIV Kit, without Lancets, 100 Tests","HIV 1/2, Determine HIV Kit, without Lancets",Determine,,Test kit,100.0,152.0,10942.48,71.99,0.72,Inverness Japan,No,See DN-617 (ID#:11236),See DN-617 (ID#:11236),17.51,,,,,,,,,,,,,,,,,,,,,,,,,,
86466,113-ZW-T30,FPQ-8464,SO-40850,DN-2605,Zimbabwe,PMO - US,From RDC,N/A - From RDC,Truck,10/4/11,N/A - From RDC,13-Apr-12,10-Apr-12,10-Apr-12,ARV,Adult,SCMS from RDC,"Lamivudine/Nevirapine/Stavudine 150/200/30mg, tablets, 60 Tabs",Lamivudine/Nevirapine/Stavudine,Generic,150/200/30mg,Tablet - FDC,60.0,71030.0,382141.4,5.38,0.09,"Strides, Bangalore, India.",No,See DN-2605 (ID#:82467),See DN-2605 (ID#:82467),630.53,,,,,,,,,,,,,,,,,,,,,,,,,,
81521,161-ZA-T30,FPQ-6262,SCMS-84210,ASN-9694,South Africa,PMO - US,Direct Drop,DDP,Ocean,8/31/10,9/21/10,9-Feb-11,14-Mar-11,14-Mar-11,ARV,Adult,CIPLA LIMITED,"Tenofovir Disoproxil Fumarate 300mg, tablets, 30 Tabs",Tenofovir Disoproxil Fumarate,Generic,300mg,Tablet,30.0,57577.0,404766.31,7.03,0.23,"Cipla, Goa, India",Yes,3950,6639.35,872.68,,,,,,,,,,,,,,,,,,,,,,,,,,
83259,,FPQ-13293,,,Nigeria,,,,,,N/A - From RDC,,,,,,SCMS from RDC,,Lamivudine/Zidovudine,Generic,150/300mg,,,,,,,,,,,,151-NG-T30,SO-47286,DN-3792,PMO - US,From RDC,N/A - From RDC,Air Charter,11/19/2013,30-Jun-14,20-Jun-14,25-Jun-14,ARV,Adult,"Lamivudine/Zidovudine 150/300mg, tablets, 60 Tabs",Tablet - FDC,60.0,29796.0,194269.92,6.52,0.11,Mylan (formerly Matrix) Nashik,Yes,5862,28812.57,199.71,
85241,151-NG-T30,FPQ-8952,SO-41265,DN-2567,Nigeria,PMO - US,From RDC,N/A - From RDC,Air Charter,12/8/11,N/A - From RDC,20-Jun-12,16-Feb-12,16-Feb-12,ARV,Adult,SCMS from RDC,"Lamivudine 150mg, tablets, 60 Tabs",Lamivudine,Generic,150mg,Tablet,60.0,19501.0,45437.33,2.33,0.04,Hetero Unit III Hyderabad IN,Yes,2046,25231.96,63.7,,,,,,,,,,,,,,,,,,,,,,,,,,
11374,100-CI-T01,Pre-PQ Process,SO-286,DN-71,Côte d'Ivoire,PMO - US,From RDC,N/A - From RDC,,Pre-PQ Process,N/A - From RDC,30-Apr-07,30-Apr-07,30-Apr-07,ARV,Adult,SCMS from RDC,"Indinavir 400mg [Crixivan], capsules, 180 Caps",Indinavir,Crixivan,400mg,Capsule,180.0,740.0,36496.8,49.32,0.27,MSD Elkton USA,Yes,206,1583,,,,,,,,,,,,,,,,,,,,,,,,,,,
84704,,,,,Haiti,,,,,,N/A - From RDC,,,,,,SCMS from RDC,,Lamivudine/Nevirapine/Stavudine,Generic,150/200/30mg,,,,,,,,,,,,106-HT-T30,SO-41320,DN-2521,PMO - US,From RDC,N/A - From RDC,Air,12/20/2011,30-Mar-12,13-Feb-12,13-Feb-12,ARV,Adult,"Lamivudine/Nevirapine/Stavudine 150/200/30mg, tablets, 60 Tabs",Tablet - FDC,60.0,180.0,968.4,5.38,0.09,"Strides, Bangalore, India.",Yes,37,1221.01,1.36,FPQ-9056
86437,101-CD-T30,FPQ-8840,SO-41130,DN-2492,"Congo, DRC",PMO - US,From RDC,N/A - From RDC,Air,11/21/11,N/A - From RDC,16-Mar-12,14-Feb-12,14-Feb-12,ARV,Adult,SCMS from RDC,"Lopinavir/Ritonavir 200/50mg, tablets, 120 Tabs",Lopinavir/Ritonavir,Generic,200/50mg,Tablet,120.0,11.0,371.14,33.74,0.28,"Aurobindo Unit III, India",No,See DN-2492 (ID#:82999),See DN-2492 (ID#:82999),0.52,,,,,,,,,,,,,,,,,,,,,,,,,,
27804,,,,,Haiti,,,,,,1/30/2015,,,,,,ABBVIE LOGISTICS (FORMERLY ABBOTT LOGISTICS BV),,Lopinavir/Ritonavir,Aluvia,200/50mg,,,,,,,,,,,,106-HT-T30,SCMS-262890,ASN-32716,PMO - US,Direct Drop,FCA,Air,10/22/2014,7-Jul-15,7-Jul-15,7-Jul-15,ARV,Adult,"Lopinavir/Ritonavir 200/50mg [Aluvia], tablets, 120 Tabs",Tablet,120.0,6050.0,111743.5,18.47,0.15,ABBVIE Ludwigshafen Germany,No,See ASN-32716 (ID#:22417),See ASN-32716 (ID#:22417),114.87,FPQ-15038
86625,,FPQ-10895,,,Zimbabwe,,,,,,N/A - From RDC,,,,,,SCMS from RDC,,Efavirenz/Lamivudine/Tenofovir Disoproxil Fumarate,Generic,600/300/300mg,,,,,,,,,,,,113-ZW-T30,SO-43550,DN-3404,PMO - US,From RDC,N/A - From RDC,Truck,10/25/2012,30-Nov-13,25-Nov-13,9-Dec-13,ARV,Adult,"Efavirenz/Lamivudine/Tenofovir Disoproxil Fumarate 600/300/300mg, tablets, 30 Tabs",Tablet - FDC,30.0,20160.0,224784.0,11.15,0.37,Mylan (formerly Matrix) Nashik,Yes,2277,10942.88,278.06,
86575,,FPQ-10728,,,Zambia,,,,,,N/A - From RDC,,,,,,SCMS from RDC,,Lamivudine/Zidovudine,Generic,150/300mg,,,,,,,,,,,,110-ZM-T30,SO-43460,DN-3186,PMO - US,From RDC,N/A - From RDC,Truck,10/5/2012,28-Jun-13,7-Jun-13,7-Jun-13,ARV,Adult,"Lamivudine/Zidovudine 150/300mg, tablets, 60 Tabs",Tablet - FDC,60.0,12873.0,90111.0,7.0,0.12,"Cipla, Goa, India",No,See DN-3186 (ID#:83688),See DN-3186 (ID#:83688),126.34,
28992,,,,,Rwanda,,,,,,10/16/2012,,,,,,Aurobindo Pharma Limited,,Didanosine,Generic,400mg,,,,,,,,,,,,107-RW-T30,SCMS-162520,ASN-17004,PMO - US,Direct Drop,EXW,Air,10/3/2012,29-Nov-12,29-Nov-12,29-Nov-12,ARV,Adult,"Didanosine 400mg, delayed-release capsules, 30 Caps",Delayed-release capsules,30.0,1680.0,33600.0,20.0,0.67,"Aurobindo Unit III, India",Yes,131,2004.44,47.11,FPQ-10752
10540,100-CI-T01,Pre-PQ Process,SO-283,DN-16,Côte d'Ivoire,PMO - US,From RDC,N/A - From RDC,,Pre-PQ Process,N/A - From RDC,22-Feb-07,22-Feb-07,22-Feb-07,ARV,Adult,SCMS from RDC,"Lamivudine/Zidovudine 150/300mg, tablets, 60 Tabs",Lamivudine/Zidovudine,Generic,150/300mg,Tablet - FDC,60.0,2230.0,22857.5,10.25,0.17,"Aurobindo Unit III, India",Yes,909,2804,,,,,,,,,,,,,,,,,,,,,,,,,,,
85536,,FPQ-14162,,,Zambia,,,,,,N/A - From RDC,,,,,,SCMS from RDC,,Nevirapine,Generic,200mg,,,,,,,,,,,,110-ZM-T30,SO-48681,DN-3984,PMO - US,From RDC,N/A - From RDC,Truck,4/24/2014,30-Jan-15,19-Feb-15,20-Feb-15,ARV,Adult,"Nevirapine 200mg, tablets, 60 Tabs",Tablet,60.0,41768.0,92307.28,2.21,0.04,"Strides, Bangalore, India.",Yes,2599,3427.33,94.89,
41288,116-ZA-T30,FPQ-7176,SCMS-104430,ASN-11056,South Africa,PMO - US,Direct Drop,DDP,Ocean,3/10/11,4/1/11,2-Sep-11,2-Sep-11,2-Sep-11,ARV,Adult,STRIDES ARCOLAB LIMITED,"Lamivudine 150mg, tablets, 60 Tabs",Lamivudine,Generic,150mg,Tablet,60.0,75000.0,182250.0,2.43,0.04,"Strides, Bangalore, India.",Yes,3347,7414.66,300.71,,,,,,,,,,,,,,,,,,,,,,,,,,
40580,,,,,Cameroon,,,,,,7/22/2013,,,,,,"Orgenics, Ltd",,"HIV 1/2, Determine Complete HIV Kit",Determine,,,,,,,,,,,,,800-CM-T30,SCMS-198570,ASN-21309,PMO - US,Direct Drop,EXW,Air,7/2/2013,27-Aug-13,27-Aug-13,27-Aug-13,HRDT,HIV test,"HIV 1/2, Determine Complete HIV Kit, 100 Tests",Test kit,100.0,5000.0,400000.0,80.0,0.8,"Alere Medical Co., Ltd.",Yes,2268,37942.89,494.8,FPQ-12571
85587,114-UG-T30,FPQ-15294,SO-50050,DN-4218,Uganda,PMO - US,From RDC,N/A - From RDC,Truck,11/3/14,N/A - From RDC,15-Jun-15,14-May-15,15-May-15,ARV,Adult,SCMS from RDC,"Nevirapine 200mg, tablets, 60 Tabs",Nevirapine,Generic,200mg,Tablet,60.0,79258.0,172782.44,2.18,0.04,Hetero Unit III Hyderabad IN,No,See DN-4218 (ID#:83326),See DN-4218 (ID#:83326),203.36,,,,,,,,,,,,,,,,,,,,,,,,,,
86404,,FPQ-7052,,,Zimbabwe,,,,,,N/A - From RDC,,,,,,SCMS from RDC,,Efavirenz,Generic,600mg,,,,,,,,,,,,113-ZW-T30,SO-38511,DN-2324,PMO - US,From RDC,N/A - From RDC,Truck,1/19/2011,30-Sep-11,19-Sep-11,19-Sep-11,ARV,Adult,"Efavirenz 600mg, tablets, 30 Tabs",Tablet,30.0,6392.0,26974.24,4.22,0.14,Hetero Unit III Hyderabad IN,No,See DN-2324 (ID#:83526),See DN-2324 (ID#:83526),44.51,
11687,,,,,Mozambique,,,,,,N/A - From RDC,,,,,,SCMS from RDC,,Lamivudine/Zidovudine,Generic,150/300mg,,,,,,,,,,,,111-MZ-T01,SO-26424,DN-1457,PMO - US,From RDC,N/A - From RDC,Truck,Date Not Captured,7-Oct-09,7-Oct-09,7-Oct-09,ARV,Adult,"Lamivudine/Zidovudine 150/300mg, tablets, 60 Tabs",Tablet - FDC,60.0,9288.0,81362.88,8.76,0.15,"Aurobindo Unit III, India",Yes,979,1588.06,159.47,Pre-PQ Process
1084,,Pre-PQ Process,,,South Africa,,,,,,3/27/2009,,,,,,S. BUYS WHOLESALER,,Lopinavir/Ritonavir,Aluvia,200/50mg,,,,,,,,,,,,116-ZA-T01,SCMS-41581,ASN-4196,PMO - US,Direct Drop,DDP,Air,Pre-PQ Process,25-Jun-09,14-Apr-09,14-Apr-09,ARV,Adult,"Lopinavir/Ritonavir 200/50mg [Aluvia], tablets, 120 Tabs",Tablet,120.0,3735.0,134385.3,35.98,0.3,ABBVIE Ludwigshafen Germany,Yes,Weight Captured Separately,Freight Included in Commodity Cost,263.4,
305,123-NG-T01,Pre-PQ Process,SCMS-15550,ASN-1269,Nigeria,PMO - US,Direct Drop,EXW,Air,Pre-PQ Process,Date Not Captured,5-Feb-08,5-Feb-08,5-Feb-08,HRDT,HIV test - Ancillary,"Orgenics, Ltd","HIV, Lancet, Safety, for HIV Test kits, 100 Pcs","HIV, Lancet, Safety, for HIV Test kits, 100 Pcs",Generic,,Test kit - Ancillary,100.0,650.0,6.5,0.01,0.0,Inverness Japan,Yes,Weight Captured Separately,Invoiced Separately,0.01,,,,,,,,,,,,,,,,,,,,,,,,,,
11562,110-ZM-T01,Pre-PQ Process,SO-19411,DN-1029,Zambia,PMO - US,From RDC,N/A - From RDC,Air,Pre-PQ Process,N/A - From RDC,11-Dec-08,11-Dec-08,11-Dec-08,ARV,Adult,SCMS from RDC,"Zidovudine 300mg, tablets, 60 Tabs",Zidovudine,Generic,300mg,Tablet,60.0,2306.0,18793.9,8.15,0.14,"Aurobindo Unit III, India",Yes,132,1659.48,36.84,,,,,,,,,,,,,,,,,,,,,,,,,,
83785,,,,,Guyana,,,,,,N/A - From RDC,,,,,,SCMS from RDC,,Zidovudine,Generic,300mg,,,,,,,,,,,,105-GY-T30,SO-46802,DN-3635,PMO - US,From RDC,N/A - From RDC,Air,10/9/2013,30-Apr-14,22-Apr-14,11-Jun-14,ARV,Adult,"Zidovudine 300mg, tablets, 60 Tabs",Tablet,60.0,62.0,341.0,5.5,0.09,"Aurobindo Unit III, India",Yes,4,660.44,0.35,FPQ-13071
176,,,,,Nigeria,,,,,,8/28/2007,,,,,,"CHEMBIO DIAGNOSTIC SYSTEMS, INC.",,"HIV 1/2, Stat-Pak HIV, Kit",Stat-Pak,,,,,,,,,,,,,102-NG-T01,SCMS-11750,ASN-745,PMO - US,Direct Drop,EXW,Air,Pre-PQ Process,3-Oct-07,3-Oct-07,3-Oct-07,HRDT,HIV test,"HIV 1/2, Stat-Pak HIV, Kit, 20 Tests",Test kit,20.0,10000.0,270000.0,27.0,1.35,Chembio Diagnostics Sys. Inc.,Yes,3263,20885.78,432.0,Pre-PQ Process
11175,104-CI-T01,Pre-PQ Process,SO-972,DN-327,Côte d'Ivoire,PMO - US,From RDC,N/A - From RDC,,Pre-PQ Process,N/A - From RDC,10-Sep-07,10-Sep-07,10-Sep-07,ARV,Pediatric,SCMS from RDC,"Zidovudine 10mg/ml, oral solution, Bottle, 240 ml",Zidovudine,Generic,10mg/ml,Oral solution,240.0,4286.0,9214.9,2.15,0.01,"Aurobindo Unit III, India",No,See DN-327 (ID#:10883),See DN-327 (ID#:10883),14.74,,,,,,,,,,,,,,,,,,,,,,,,,,
22076,,FPQ-7064,,,Mozambique,,,,,,2/2/2011,,,,,,ABBVIE LOGISTICS (FORMERLY ABBOTT LOGISTICS BV),,Ritonavir,Norvir,100mg,,,,,,,,,,,,111-MZ-T30,SCMS-98450,ASN-12214,PMO - US,Direct Drop,FCA,Air,1/21/2011,8-Nov-11,8-Nov-11,8-Nov-11,ARV,Adult,"Ritonavir 100mg [Norvir], film coated tablets, 60 Tabs",Tablet,60.0,2464.0,16878.4,6.85,0.11,ABBVIE Ludwigshafen Germany,Yes,361,3669.84,27.85,
85746,117-ET-T30,FPQ-7000,SO-38430,DN-2131,Ethiopia,PMO - US,From RDC,N/A - From RDC,Air,1/7/11,N/A - From RDC,10-Mar-11,11-Mar-11,11-Mar-11,ARV,Adult,SCMS from RDC,"Lopinavir/Ritonavir 200/50mg [Aluvia], tablets, 120 Tabs",Lopinavir/Ritonavir,Aluvia,200/50mg,Tablet,120.0,2680.0,96908.8,36.16,0.3,ABBVIE Ludwigshafen Germany,Yes,549,3600.65,159.9,,,,,,,,,,,,,,,,,,,,,,,,,,
60818,,,,,Tanzania,,,,,,6/22/2011,,,,,,ABBVIE LOGISTICS (FORMERLY ABBOTT LOGISTICS BV),,Ritonavir,Norvir,100mg,,,,,,,,,,,,109-TZ-T30,SCMS-111650,ASN-13770,PMO - US,Direct Drop,FCA,Air,6/6/2011,9-Mar-12,9-Mar-12,9-Mar-12,ARV,Adult,"Ritonavir 100mg [Norvir], film coated tablets, 60 Tabs",Tablet,60.0,2145.0,14693.25,6.85,0.11,ABBVIE Ludwigshafen Germany,Yes,309,2383.65,24.24,FPQ-7680
12935,,,,,Vietnam,,,,,,5/15/2013,,,,,,MYLAN LABORATORIES LTD (FORMERLY MATRIX LABORATORIES),,Lamivudine/Zidovudine,Generic,150/300mg,,,,,,,,,,,,108-VN-T30,SCMS-188650,ASN-23215,PMO - US,Direct Drop,EXW,Air,5/3/2013,9-Jan-14,9-Jan-14,9-Jan-14,ARV,Adult,"Lamivudine/Zidovudine 150/300mg, tablets, 60 Tabs",Tablet - FDC,60.0,11092.0,74871.0,6.75,0.11,Mylan (formerly Matrix) Nashik,Yes,957,1869.41,92.62,FPQ-12051
84763,,FPQ-9968,,,Nigeria,,,,,,N/A - From RDC,,,,,,SCMS from RDC,,Lamivudine,Generic,150mg,,,,,,,,,,,,151-NG-T30,SO-42688,DN-2907,PMO - US,From RDC,N/A - From RDC,Air,5/23/2012,6-Nov-12,6-Nov-12,6-Nov-12,ARV,Adult,"Lamivudine 150mg, tablets, 60 Tabs",Tablet,60.0,12847.0,27749.52,2.16,0.04,Hetero Unit III Hyderabad IN,Yes,798,15459.09,38.9,
11078,111-MZ-T01,Pre-PQ Process,SO-33430,DN-1529,Mozambique,PMO - US,From RDC,N/A - From RDC,Air,Date Not Captured,N/A - From RDC,23-Feb-10,23-Feb-10,23-Feb-10,ARV,Adult,SCMS from RDC,"Nevirapine 200mg, tablets, 60 Tabs",Nevirapine,Generic,200mg,Tablet,60.0,1788.0,5721.6,3.2,0.05,"Cipla, Goa, India",Yes,205,1380.45,12.34,,,,,,,,,,,,,,,,,,,,,,,,,,
83554,111-MZ-T30,FPQ-8157,SO-40370,DN-2488,Mozambique,PMO - US,From RDC,N/A - From RDC,Truck,8/4/11,N/A - From RDC,29-Feb-12,8-Mar-12,8-Mar-12,ARV,Adult,SCMS from RDC,"Nevirapine 200mg, tablets, 60 Tabs",Nevirapine,Generic,200mg,Tablet,60.0,2940.0,7203.0,2.45,0.04,"Aurobindo Unit VII, IN",No,See DN-2488 (ID#:83553),See DN-2488 (ID#:83553),11.88,,,,,,,,,,,,,,,,,,,,,,,,,,
12056,,Pre-PQ Process,,,Nigeria,,,,,,N/A - From RDC,,,,,,SCMS from RDC,,Nevirapine,Generic,10mg/ml,,,,,,,,,,,,112-NG-T01,SO-563,DN-209,PMO - US,From RDC,N/A - From RDC,,Pre-PQ Process,3-Jul-07,3-Jul-07,3-Jul-07,ARV,Pediatric,"Nevirapine 10mg/ml, oral suspension, Bottle, 240 ml",Oral suspension,240.0,313.0,1940.6,6.2,0.03,"Aurobindo Unit III, India",No,See DN-209 (ID#:11136),See DN-209 (ID#:11136),3.1,
12006,113-ZW-T01,Pre-PQ Process,SO-21020,DN-1411,Zimbabwe,PMO - US,From RDC,N/A - From RDC,Truck,Date Not Captured,N/A - From RDC,22-Sep-09,22-Sep-09,22-Sep-09,ARV,Adult,SCMS from RDC,"Lamivudine/Nevirapine/Stavudine 150/200/30mg, tablets, 60 Tabs",Lamivudine/Nevirapine/Stavudine,Generic,150/200/30mg,Tablet - FDC,60.0,76000.0,541120.0,7.12,0.12,"Cipla, Goa, India",No,See DN-1411 (ID#:11352),See DN-1411 (ID#:11352),1060.6,,,,,,,,,,,,,,,,,,,,,,,,,,
46895,133-NG-T30,FPQ-12812,SCMS-210341,ASN-24162,Nigeria,PMO - US,Direct Drop,EXW,Air,8/13/13,11/1/13,6-Feb-14,6-Feb-14,7-Feb-14,HRDT,HIV test,"CHEMBIO DIAGNOSTIC SYSTEMS, INC.","HIV 1/2, Stat-Pak HIV, Kit, 20 Tests","HIV 1/2, Stat-Pak HIV, Kit",Stat-Pak,,Test kit,20.0,3487.0,111584.0,32.0,1.6,Chembio Diagnostics Sys. Inc.,Yes,1252,5850.25,138.03,,,,,,,,,,,,,,,,,,,,,,,,,,
84654,,FPQ-7053,,,Mozambique,,,,,,N/A - From RDC,,,,,,SCMS from RDC,,Nevirapine,Generic,10mg/ml,,,,,,,,,,,,111-MZ-T30,SO-39820,DN-2242,PMO - US,From RDC,N/A - From RDC,Truck,1/24/2011,10-Aug-11,4-Aug-11,4-Aug-11,ARV,Pediatric,"Nevirapine 10mg/ml, oral suspension w/syringe, Bottle, 240 ml",Oral suspension,240.0,14000.0,27300.0,1.95,0.01,"Aurobindo Unit III, India",Yes,14413,5491.01,45.04,
84165,,FPQ-9665,,,Libya,,,,,,N/A - From RDC,,,,,,SCMS from RDC,,Zidovudine,Generic,300mg,,,,,,,,,,,,102-LY-T30,SO-41900,DN-2641,PMO - US,From RDC,N/A - From RDC,Air,4/4/2012,23-May-12,23-May-12,23-May-12,ARV,Adult,"Zidovudine 300mg, tablets, 60 Tabs",Tablet,60.0,4166.0,29245.32,7.02,0.12,Hetero Unit III Hyderabad IN,No,See DN-2641 (ID#:83029),See DN-2641 (ID#:83029),41.0,
76712,,,,,Uganda,,,,,,11/3/2009,,,,,,ABBVIE LOGISTICS (FORMERLY ABBOTT LOGISTICS BV),,Lopinavir/Ritonavir,Aluvia,200/50mg,,,,,,,,,,,,114-UG-T30,SCMS-55240,ASN-5607,PMO - US,Direct Drop,FCA,Air,9/22/2009,19-Dec-09,19-Dec-09,19-Dec-09,ARV,Adult,"Lopinavir/Ritonavir 200/50mg [Aluvia], tablets, 120 Tabs",Tablet,120.0,110.0,3977.6,36.16,0.3,ABBVIE Ludwigshafen Germany,Yes,33,995.22,7.8,FPQ-4276
11731,,,,,Côte d'Ivoire,,,,,,N/A - From RDC,,,,,,SCMS from RDC,,Efavirenz,Generic,600mg,,,,,,,,,,,,104-CI-T01,SO-519,DN-199,PMO - US,From RDC,N/A - From RDC,,Pre-PQ Process,5-Jul-07,5-Jul-07,5-Jul-07,ARV,Adult,"Efavirenz 600mg, tablets, 30 Tabs",Tablet,30.0,61468.0,999469.68,16.26,0.54,"Aurobindo Unit III, India",No,See DN-199 (ID#:11391),See DN-199 (ID#:11391),1599.15,Pre-PQ Process
12492,,,,,Zambia,,,,,,N/A - From RDC,,,,,,SCMS from RDC,,Nevirapine,Generic,200mg,,,,,,,,,,,,110-ZM-T01,SO-1806,DN-625,PMO - US,From RDC,N/A - From RDC,,Pre-PQ Process,28-Mar-08,28-Mar-08,28-Mar-08,ARV,Adult,"Nevirapine 200mg, tablets, 60 Tabs",Tablet,60.0,40000.0,136000.0,3.4,0.06,Hetero Unit III Hyderabad IN,No,See DN-625 (ID#:10956),See DN-625 (ID#:10956),217.6,Pre-PQ Process
30084,,,,,South Africa,,,,,,12/2/2013,,,,,,S. BUYS WHOLESALER,,Didanosine,Generic,250mg,,,,,,,,,,,,116-ZA-T30,SCMS-215370,ASN-24415,PMO - US,Direct Drop,DDP,Truck,10/8/2013,6-Feb-14,6-Feb-14,6-Feb-14,ARV,Adult,"Didanosine 250mg, delayed-release capsules, 30 Caps",Delayed-release capsules,30.0,7.0,105.7,15.1,0.5,"Aurobindo Unit III, India",No,Weight Captured Separately,Freight Included in Commodity Cost,0.13,FPQ-13035
44962,,FPQ-9365,,,Uganda,,,,,,4/4/2012,,,,,,ABBVIE LOGISTICS (FORMERLY ABBOTT LOGISTICS BV),,Lopinavir/Ritonavir,Generic,100/25mg,,,,,,,,,,,,114-UG-T30,SCMS-142260,ASN-14702,PMO - US,Direct Drop,FCA,Air,3/15/2012,4-May-12,4-May-12,4-May-12,ARV,Pediatric,"Lopinavir/Ritonavir 100/25mg [Aluvia], tablets, 60 Tabs",Tablet,60.0,210.0,1554.0,7.4,0.12,ABBVIE Ludwigshafen Germany,Yes,36,677.4,2.18,
75729,,,,,Nigeria,,,,,,3/30/2011,,,,,,"Orgenics, Ltd",,"HIV 1/2, Determine Complete HIV Kit",Determine,,,,,,,,,,,,,133-NG-T30,SCMS-103110,ASN-11268,PMO - US,Direct Drop,EXW,Air,2/16/2011,7-Jul-11,7-Jul-11,7-Jul-11,HRDT,HIV test,"HIV 1/2, Determine Complete HIV Kit, 100 Tests",Test kit,100.0,2891.0,257299.0,89.0,0.89,Inverness Japan,Yes,1378,31201.82,424.54,FPQ-7193
83011,106-HT-T30,FPQ-9056,SO-41300,DN-2535,Haiti,PMO - US,From RDC,N/A - From RDC,Air,12/20/11,N/A - From RDC,2-Mar-12,12-Mar-12,12-Mar-12,ARV,Pediatric,SCMS from RDC,"Abacavir 20mg/ml, oral solution w/syringe, Bottle, 240 ml",Abacavir,Generic,20mg/ml,Oral solution,240.0,1470.0,18375.0,12.5,0.05,"Aurobindo Unit III, India",Yes,9635,95269.39,25.76,,,,,,,,,,,,,,,,,,,,,,,,,,
23596,,FPQ-13035,,,South Africa,,,,,,12/2/2013,,,,,,S. BUYS WHOLESALER,,Nevirapine,Generic,200mg,,,,,,,,,,,,116-ZA-T30,SCMS-215370,ASN-24415,PMO - US,Direct Drop,DDP,Truck,10/8/2013,6-Feb-14,6-Feb-14,6-Feb-14,ARV,Adult,"Nevirapine 200mg, tablets, 60 Tabs",Tablet,60.0,226.0,4088.15,18.09,0.3,"Cipla, Goa, India",Yes,Weight Captured Separately,Freight Included in Commodity Cost,5.06,
41784,,,,,South Africa,,,,,,Date Not Captured,,,,,,S. BUYS WHOLESALER,,Lamivudine/Zidovudine,Combivir,150/300mg,,,,,,,,,,,,116-ZA-T30,SCMS-183950,ASN-19166,South Africa Field Office,Direct Drop,DDP,Truck,3/18/2013,16-Apr-13,16-Apr-13,16-Apr-13,ARV,Adult,"Lamivudine/Zidovudine 150/300mg [Combivir], tablets, 60 Tabs",Tablet - FDC,60.0,7.0,117.6,16.8,0.28,"GSK, U1, Poznan, Poland",No,Weight Captured Separately,Freight Included in Commodity Cost,0.15,FPQ-11828
84354,,FPQ-13567,,,Guyana,,,,,,N/A - From RDC,,,,,,SCMS from RDC,,Zidovudine,Generic,10mg/ml,,,,,,,,,,,,105-GY-T30,SO-47730,DN-3626,PMO - US,From RDC,N/A - From RDC,Air,1/16/2014,30-Jun-14,14-Apr-14,6-Jun-14,ARV,Pediatric,"Zidovudine 10mg/ml, oral solution w/syringe, Bottle, 240 ml",Oral solution,240.0,176.0,369.6,2.1,0.01,"Aurobindo Unit III, India",No,See DN-3626 (ID#:83781),See DN-3626 (ID#:83781),0.38,
11963,,Pre-PQ Process,,,Haiti,,,,,,N/A - From RDC,,,,,,SCMS from RDC,,Abacavir,Generic,20mg/ml,,,,,,,,,,,,106-HT-T01,SO-24831,DN-1173,PMO - US,From RDC,N/A - From RDC,Air,Pre-PQ Process,14-Apr-09,14-Apr-09,14-Apr-09,ARV,Pediatric,"Abacavir 20mg/ml, oral solution, Bottle, 240 ml",Oral solution,240.0,274.0,4110.0,15.0,0.06,"Aurobindo Unit III, India",Yes,98,1763.84,8.06,
82402,,,,,Guyana,,,,,,N/A - From RDC,,,,,,SCMS from RDC,,Zidovudine,Generic,300mg,,,,,,,,,,,,105-GY-T30,SO-40440,DN-2348,PMO - US,From RDC,N/A - From RDC,Air,8/19/2011,18-Oct-11,3-Oct-11,3-Oct-11,ARV,Adult,"Zidovudine 300mg, tablets, 60 Tabs",Tablet,60.0,726.0,5096.52,7.02,0.12,Hetero Unit III Hyderabad IN,Yes,199,3127.35,8.41,FPQ-8023
86686,,,,,Nigeria,,,,,,N/A - From RDC,,,,,,SCMS from RDC,,Lamivudine/Nevirapine/Zidovudine,Generic,150/300/200mg,,,,,,,,,,,,151-NG-T30,SO-47271,DN-3721,PMO - US,From RDC,N/A - From RDC,Air Charter,11/19/2013,3-Jun-14,9-May-14,23-May-14,ARV,Adult,"Lamivudine/Nevirapine/Zidovudine 150/200/300mg, tablets, 60 Tabs",Tablet - FDC,60.0,200000.0,1622000.0,8.11,0.14,Hetero Unit III Hyderabad IN,No,See DN-3721 (ID#:86086),See DN-3721 (ID#:86086),1667.42,FPQ-13293
42870,,,,,Vietnam,,,,,,3/10/2014,,,,,,HETERO LABS LIMITED,,Lamivudine,Generic,150mg,,,,,,,,,,,,108-VN-T30,SCMS-226220,ASN-26923,PMO - US,Direct Drop,EXW,Air,2/6/2014,29-Jul-14,29-Jul-14,6-Aug-14,ARV,Adult,"Lamivudine 150mg, tablets, 60 Tabs",Tablet,60.0,6400.0,11840.0,1.85,0.03,Hetero Unit III Hyderabad IN,No,See ASN-26923 (ID#:13027),See ASN-26923 (ID#:13027),12.17,FPQ-13524
23467,,FPQ-7175,,,South Africa,,,,,,3/28/2011,,,,,,CIPLA LIMITED,,Nevirapine,Generic,200mg,,,,,,,,,,,,161-ZA-T30,SCMS-104070,ASN-11381,PMO - US,Direct Drop,DDP,Ocean,3/10/2011,2-Nov-11,2-Nov-11,2-Nov-11,ARV,Adult,"Nevirapine 200mg, tablets, 60 Tabs",Tablet,60.0,89674.0,243913.28,2.72,0.05,"Cipla, Goa, India",Yes,9667,17703.62,402.46,
24300,,FPQ-12522,,,South Africa,,,,,,8/27/2014,,,,,,S. BUYS WHOLESALER,,Lamivudine,Generic,10mg/ml,,,,,,,,,,,,116-ZA-T30,SCMS-199283,ASN-27976,PMO - US,Direct Drop,DDP,Truck,7/11/2013,27-Aug-14,27-Aug-14,27-Aug-14,ARV,Pediatric,"Lamivudine 10mg/ml, oral solution w/syringe, Bottle, 240 ml",Oral solution,240.0,13.0,103.95,8.0,0.03,"Aurobindo Unit III, India",No,Weight Captured Separately,Freight Included in Commodity Cost,0.13,
3749,116-ZA-T01,Pre-PQ Process,SCMS-41140,ASN-3752,South Africa,PMO - US,Direct Drop,DDP,Air,Pre-PQ Process,Date Not Captured,31-Mar-09,21-Nov-08,21-Nov-08,ARV,Pediatric,S. BUYS WHOLESALER,"Nevirapine 10mg/ml [Viramune], oral suspension, Bottle, 240 ml",Nevirapine,Viramune,10mg/ml,Oral suspension,240.0,30.0,312.6,10.42,0.04,"BI, Ingelheim, Germany",No,Weight Captured Separately,Freight Included in Commodity Cost,0.61,,,,,,,,,,,,,,,,,,,,,,,,,,
21897,117-ET-T30,FPQ-9096,SCMS-133340,ASN-15539,Ethiopia,PMO - US,Direct Drop,EXW,Air,1/5/12,1/23/12,21-Aug-12,21-Aug-12,21-Aug-12,HRDT,HIV test,"Trinity Biotech, Plc","HIV 1/2, Uni-Gold HIV Kit, 20 Tests","HIV 1/2, Uni-Gold HIV Kit",Uni-Gold,,Test kit,20.0,27.0,864.0,32.0,1.6,"Trinity Biotech, Plc",Yes,10,512.31,1.21,,,,,,,,,,,,,,,,,,,,,,,,,,
1637,,Pre-PQ Process,,,Côte d'Ivoire,,,,,,2/27/2008,,,,,,"CHEMBIO DIAGNOSTIC SYSTEMS, INC.",,"HIV 1/2, Stat-Pak HIV, Kit",Stat-Pak,,,,,,,,,,,,,104-CI-T01,SCMS-18320,ASN-3465,PMO - US,Direct Drop,EXW,Air,Pre-PQ Process,4-Mar-09,4-Mar-09,4-Mar-09,HRDT,HIV test,"HIV 1/2, Stat-Pak HIV, Kit, 20 Tests",Test kit,20.0,289.0,7803.0,27.0,1.35,Chembio Diagnostics Sys. Inc.,Yes,79,1104.69,15.29,
61546,,FPQ-9954,,,Ethiopia,,,,,,8/10/2012,,,,,,"SHANGHAI KEHUA BIOENGINEERING CO.,LTD.  (KHB)",,"HIV 1/2, Colloidal Gold, Diagnostic Kit, Antibody",Colloidal Gold,,,,,,,,,,,,,117-ET-T30,SCMS-148511,ASN-16887,PMO - US,Direct Drop,EXW,Air,5/21/2012,5-Nov-12,5-Nov-12,5-Nov-12,HRDT,HIV test,"HIV 1/2, SKB Colloidal Gold, Diagnostic Kit, Antibody, 50 Tests",Test kit,1.0,22497.0,551176.5,24.5,24.5,"KHB Test Kit Facility, Shanghai China",Yes,13749,152368.7,772.75,
85259,,,,,Libya,,,,,,N/A - From RDC,,,,,,SCMS from RDC,,Tenofovir Disoproxil Fumarate,Generic,300mg,,,,,,,,,,,,102-LY-T30,SO-41900,DN-2641,PMO - US,From RDC,N/A - From RDC,Air,4/4/2012,23-May-12,23-May-12,23-May-12,ARV,Adult,"Tenofovir Disoproxil Fumarate 300mg, tablets, 30 Tabs",Tablet,30.0,368.0,2024.0,5.5,0.18,Mylan (formerly Matrix) Nashik,No,See DN-2641 (ID#:83029),See DN-2641 (ID#:83029),2.84,FPQ-9665
84899,,,,,"Congo, DRC",,,,,,N/A - From RDC,,,,,,SCMS from RDC,,Lamivudine/Zidovudine,Generic,150/300mg,,,,,,,,,,,,101-CD-T30,SO-47630,DN-3561,PMO - US,From RDC,N/A - From RDC,Air,1/15/2014,30-May-14,19-May-14,26-Jun-14,ARV,Adult,"Lamivudine/Zidovudine 150/300mg, tablets, 60 Tabs",Tablet - FDC,60.0,2723.0,18325.79,6.73,0.11,Mylan (formerly Matrix) Nashik,No,See DN-3561 (ID#:82654),See DN-3561 (ID#:82654),18.84,FPQ-13554
83432,,,,,Haiti,,,,,,N/A - From RDC,,,,,,SCMS from RDC,,Zidovudine,Generic,300mg,,,,,,,,,,,,106-HT-T30,SO-36750,DN-1849,PMO - US,From RDC,N/A - From RDC,Air,4/19/2010,30-Jun-10,9-Jun-10,9-Jun-10,ARV,Adult,"Zidovudine 300mg, tablets, 60 Tabs",Tablet,60.0,2520.0,18169.2,7.21,0.12,"Aurobindo Unit III, India",Yes,145,6438.37,39.17,FPQ-5523
11154,,Pre-PQ Process,,,Mozambique,,,,,,N/A - From RDC,,,,,,SCMS from RDC,,Efavirenz,Generic,200mg,,,,,,,,,,,,111-MZ-T01,SO-298,DN-304,PMO - US,From RDC,N/A - From RDC,Air,Pre-PQ Process,21-Sep-07,21-Sep-07,21-Sep-07,ARV,Pediatric,"Efavirenz 200mg, capsule, 90 Caps",Capsule,90.0,271.0,4593.45,16.95,0.19,"Aurobindo Unit III, India",No,See DN-304 (ID#:10589),See DN-304 (ID#:10589),7.35,
85094,,FPQ-4325,,,Uganda,,,,,,N/A - From RDC,,,,,,SCMS from RDC,,Efavirenz,Generic,600mg,,,,,,,,,,,,114-UG-T30,SO-35970,DN-1677,PMO - US,From RDC,N/A - From RDC,Air,9/23/2009,19-Mar-10,17-Mar-10,17-Mar-10,ARV,Adult,"Efavirenz 600mg, tablets, 30 Tabs",Tablet,30.0,26697.0,136955.61,5.13,0.17,"Aurobindo Unit III, India",No,See DN-1677 (ID#:82297),See DN-1677 (ID#:82297),268.43,
12283,,Pre-PQ Process,,,Côte d'Ivoire,,,,,,N/A - From RDC,,,,,,SCMS from RDC,,Zidovudine,Generic,300mg,,,,,,,,,,,,104-CI-T01,SO-27520,DN-1234,PMO - US,From RDC,N/A - From RDC,Air,Pre-PQ Process,11-Jun-09,11-Jun-09,11-Jun-09,ARV,Adult,"Zidovudine 300mg, tablets, 60 Tabs",Tablet,60.0,10000.0,77100.0,7.71,0.13,"Aurobindo Unit III, India",No,See DN-1234 (ID#:11970),See DN-1234 (ID#:11970),151.12,
8218,109-TZ-T01,Pre-PQ Process,SCMS-15220,ASN-1696,Tanzania,PMO - US,Direct Drop,CIP,Air,Pre-PQ Process,12/10/07,8-May-08,8-May-08,8-May-08,ARV,Pediatric,BRISTOL-MYERS SQUIBB,"Didanosine 2g [Videx], powder for oral solution 10mg/ml, reconstitute to 200 ml",Didanosine,Videx,2g,Powder for oral solution,200.0,712.0,8964.08,12.59,0.06,"BMS Meymac, France",Yes,Weight Captured Separately,Freight Included in Commodity Cost,14.34,,,,,,,,,,,,,,,,,,,,,,,,,,
55087,,FPQ-15504,,,Nigeria,,,,,,1/26/2015,,,,,,"CHEMBIO DIAGNOSTIC SYSTEMS, INC.",,"HIV 1/2, Stat-Pak HIV, Kit",Stat-Pak,,,,,,,,,,,,,133-NG-T30,SCMS-270760,ASN-31768,PMO - US,Direct Drop,EXW,Air,12/8/2014,30-Apr-15,30-Apr-15,5-May-15,HRDT,HIV test,"HIV 1/2, Stat-Pak HIV, Kit, 20 Tests",Test kit,20.0,1620.0,51840.0,32.0,1.6,Chembio Diagnostics Sys. Inc.,Yes,Weight Captured Separately,Invoiced Separately,61.02,
13817,,FPQ-13939,,,Zimbabwe,,,,,,5/8/2014,,,,,,Aurobindo Pharma Limited,,Lamivudine/Tenofovir Disoproxil Fumarate,Generic,300/300mg,,,,,,,,,,,,113-ZW-T30,SCMS-234720,ASN-26119,PMO - US,Direct Drop,EXW,Air,4/1/2014,14-Jun-14,14-Jun-14,16-Jun-14,ARV,Adult,"Lamivudine/Tenofovir Disoproxil Fumarate 300/300mg, tablets, 30 Tabs",Tablet - FDC,30.0,32670.0,151915.5,4.65,0.16,"Aurobindo Unit VII, IN",Yes,3076,25730.13,156.17,
51763,116-ZA-T30,FPQ-11828,SCMS-183950,ASN-19166,South Africa,South Africa Field Office,Direct Drop,DDP,Truck,3/18/13,Date Not Captured,16-Apr-13,16-Apr-13,16-Apr-13,ARV,Adult,S. BUYS WHOLESALER,"Efavirenz 600mg, tablets, 30 Tabs",Efavirenz,Generic,600mg,Tablet,30.0,911.0,14646.84,16.08,0.54,"Cipla, Goa, India",No,Weight Captured Separately,Freight Included in Commodity Cost,18.12,,,,,,,,,,,,,,,,,,,,,,,,,,
71237,,,,,Zambia,,,,,,3/28/2013,,,,,,ABBVIE LOGISTICS (FORMERLY ABBOTT LOGISTICS BV),,Lopinavir/Ritonavir,Kaletra,80/20mg/ml,,,,,,,,,,,,110-ZM-T30,SCMS-183050,ASN-19390,PMO - US,Direct Drop,FCA,Air,2/13/2013,22-May-13,22-May-13,22-May-13,ARV,Pediatric,"Lopinavir/Ritonavir 80/20mg/ml [Kaletra], oral solution, cool, Bottle 5 x 60 ml",Oral solution,300.0,760.0,23423.2,30.82,0.1,ABBVIE (Abbott) Logis. UK,Yes,757,10365.14,28.97,FPQ-11561
85148,104-CI-T30,FPQ-5623,SO-36880,DN-2011,Côte d'Ivoire,PMO - US,From RDC,N/A - From RDC,Air,5/7/10,N/A - From RDC,30-Sep-10,25-Sep-10,25-Sep-10,ARV,Adult,SCMS from RDC,"Lopinavir/Ritonavir 200/50mg, tablets, 120 Tabs",Lopinavir/Ritonavir,Generic,200/50mg,Tablet,120.0,4360.0,168950.0,38.75,0.32,"Aurobindo Unit III, India",No,See DN-2011 (ID#:82350),See DN-2011 (ID#:82350),364.26,,,,,,,,,,,,,,,,,,,,,,,,,,
84748,,,,,Tanzania,,,,,,N/A - From RDC,,,,,,SCMS from RDC,,Lamivudine/Zidovudine,Generic,150/300mg,,,,,,,,,,,,900-TZ-T30,SO-43010,DN-2820,PMO - US,From RDC,N/A - From RDC,Air,7/26/2012,26-Oct-12,26-Oct-12,26-Oct-12,ARV,Adult,"Lamivudine/Zidovudine 150/300mg, tablets, 60 Tabs",Tablet - FDC,60.0,147230.0,1136615.6,7.72,0.13,Hetero Unit III Hyderabad IN,No,See DN-2820 (ID#:82503),See DN-2820 (ID#:82503),1593.54,FPQ-10391
44567,,,,,Rwanda,,,,,,7/16/2012,,,,,,Aurobindo Pharma Limited,,Nevirapine,Generic,200mg,,,,,,,,,,,,107-RW-T30,SCMS-152910,ASN-15894,PMO - US,Direct Drop,EXW,Air,7/5/2012,9-Sep-12,9-Sep-12,9-Sep-12,ARV,Adult,"Nevirapine 200mg, tablets, 60 Tabs",Tablet,60.0,57961.0,130412.25,2.25,0.04,"Aurobindo Unit III, India",Yes,5525,43237.33,182.84,FPQ-10223
10660,,Pre-PQ Process,,,Rwanda,,,,,,N/A - From RDC,,,,,,SCMS from RDC,,"HIV, Lancet, Safety, for HIV Test kits, 100 Pcs",Generic,,,,,,,,,,,,,107-RW-T01,SO-1222,DN-571,PMO - US,From RDC,N/A - From RDC,Air,Pre-PQ Process,28-Jan-08,28-Jan-08,28-Jan-08,HRDT,HIV test - Ancillary,"HIV, Lancet, Safety, for HIV Test kits, 100 Pcs",Test kit - Ancillary,100.0,2093.0,20.93,0.01,0.0,Inverness Japan,Yes,609,12977.28,0.03,
10367,,Pre-PQ Process,,,South Africa,,,,,,3/27/2009,,,,,,S. BUYS WHOLESALER,,Lamivudine,Epivir,150mg,,,,,,,,,,,,116-ZA-T01,SCMS-49550,ASN-4610,PMO - US,Direct Drop,DDP,Truck,Pre-PQ Process,25-Jun-09,25-Jun-09,25-Jun-09,ARV,Adult,"Lamivudine 150mg [Epivir], tablets, 60 Tabs",Tablet,60.0,7000.0,37520.0,5.36,0.09,GSK Cape Town Factory (South Africa),Yes,Weight Captured Separately,Freight Included in Commodity Cost,73.54,
12246,,Pre-PQ Process,,,Nigeria,,,,,,N/A - From RDC,,,,,,SCMS from RDC,,Stavudine,Generic,30mg,,,,,,,,,,,,112-NG-T01,SO-2728,DN-917,PMO - US,From RDC,N/A - From RDC,Air,Pre-PQ Process,24-Sep-08,24-Sep-08,24-Sep-08,ARV,Adult,"Stavudine 30mg, capsules, 60 Caps",Capsule,60.0,903.0,1399.65,1.55,0.03,"Aurobindo Unit III, India",No,See DN-917 (ID#:10745),See DN-917 (ID#:10745),2.24,
33773,116-ZA-T30,FPQ-14942,SCMS-259077,ASN-33477,South Africa,PMO - US,Direct Drop,DDP,Truck,9/11/14,10/9/14,24-Jul-15,24-Jul-15,24-Jul-15,ARV,Adult,PHARMACY DIRECT,"Lamivudine 150mg, tablets, 60 Tabs",Lamivudine,Generic,150mg,Tablet,60.0,65.0,429.44,6.61,0.11,"Aurobindo Unit III, India",No,Weight Captured Separately,Freight Included in Commodity Cost,0.44,,,,,,,,,,,,,,,,,,,,,,,,,,
85930,,,,,Nigeria,,,,,,N/A - From RDC,,,,,,SCMS from RDC,,Lamivudine/Zidovudine,Generic,150/300mg,,,,,,,,,,,,151-NG-T30,SO-43045,DN-2997,PMO - US,From RDC,N/A - From RDC,Air Charter,8/9/2012,11-Feb-13,11-Feb-13,11-Feb-13,ARV,Adult,"Lamivudine/Zidovudine 150/300mg, tablets, 60 Tabs",Tablet - FDC,60.0,162827.0,1183752.29,7.27,0.12,"Aurobindo Unit III, India",No,See DN-2997 (ID#:85328),See DN-2997 (ID#:85328),1659.62,FPQ-10477
12814,110-ZM-T01,Pre-PQ Process,SO-2487,DN-977,Zambia,PMO - US,From RDC,N/A - From RDC,Truck,Pre-PQ Process,N/A - From RDC,7-Nov-08,7-Nov-08,7-Nov-08,ARV,Adult,SCMS from RDC,"Lamivudine/Zidovudine 150/300mg, tablets, 60 Tabs",Lamivudine/Zidovudine,Generic,150/300mg,Tablet - FDC,60.0,50000.0,472500.0,9.45,0.16,"Aurobindo Unit III, India",Yes,4585,2938.92,926.1,,,,,,,,,,,,,,,,,,,,,,,,,,
29951,114-UG-T30,FPQ-12154,SCMS-188330,ASN-20242,Uganda,PMO - US,Direct Drop,EXW,Air,4/23/13,5/9/13,15-Jul-13,15-Jul-13,15-Jul-13,HRDT,HIV test - Ancillary,"Orgenics, Ltd","Capillary Tubes, for Determine, EDTA, 50uL,100 Pcs","HIV, Capillary Tubes, for Determine, EDTA, 50uL,100 Pcs",Determine,,Test kit - Ancillary,100.0,1727.0,13816.0,8.0,0.08,"Alere Medical Co., Ltd.",Yes,130,534.86,17.09,,,,,,,,,,,,,,,,,,,,,,,,,,
42851,,,,,Sudan,,,,,,9/14/2011,,,,,,"Orgenics, Ltd",,"HIV, Capillary Tubes, for Determine, EDTA, 50uL,100 Pcs",Determine,,,,,,,,,,,,,102-SD-T30,SCMS-121843,ASN-12831,PMO - US,Direct Drop,EXW,Air,9/7/2011,6-Jan-12,6-Jan-12,6-Jan-12,HRDT,HIV test - Ancillary,"Capillary Tubes, for Determine, EDTA, 50uL,100 Pcs",Test kit - Ancillary,100.0,1.0,8.0,8.0,0.08,"Alere Medical Co., Ltd.",Yes,2,885.49,0.01,FPQ-8264
82648,,FPQ-12573,,,Mozambique,,,,,,N/A - From RDC,,,,,,SCMS from RDC,,Lamivudine/Nevirapine/Stavudine,Generic,150/200/30mg,,,,,,,,,,,,111-MZ-T30,SO-46172,DN-3525,PMO - US,From RDC,N/A - From RDC,Truck,6/28/2013,31-Jan-14,20-Feb-14,19-Mar-14,ARV,Adult,"Lamivudine/Nevirapine/Stavudine 150/200/30mg, tablets, 60 Tabs",Tablet - FDC,60.0,35533.0,153502.56,4.32,0.07,"Strides, Bangalore, India.",Yes,7654,7928.11,189.88,
10939,,Pre-PQ Process,,,Zambia,,,,,,N/A - From RDC,,,,,,SCMS from RDC,,Efavirenz,Generic,600mg,,,,,,,,,,,,110-ZM-T01,SO-1033,DN-553,PMO - US,From RDC,N/A - From RDC,,Pre-PQ Process,28-Feb-08,28-Feb-08,28-Feb-08,ARV,Adult,"Efavirenz 600mg, tablets, 30 Tabs",Tablet,30.0,44135.0,548156.7,12.42,0.41,Mylan (formerly Matrix) Nashik,Yes,3483,12643.63,877.05,
12534,102-KE-T01,Pre-PQ Process,SO-11480,DN-994,Kenya,PMO - US,From RDC,N/A - From RDC,Truck,Pre-PQ Process,N/A - From RDC,31-Oct-08,31-Oct-08,31-Oct-08,HRDT,HIV test,SCMS from RDC,"HIV 1/2, Uni-Gold HIV Kit, 20 Tests","HIV 1/2, Uni-Gold HIV Kit",Uni-Gold,,Test kit,20.0,1250.0,40000.0,32.0,1.6,"Trinity Biotech, Plc",Yes,393,157.5,78.4,,,,,,,,,,,,,,,,,,,,,,,,,,
68230,,FPQ-4720,,,Vietnam,,,,,,1/11/2010,,,,,,ABBVIE LOGISTICS (FORMERLY ABBOTT LOGISTICS BV),,Lopinavir/Ritonavir,Aluvia,200/50mg,,,,,,,,,,,,108-VN-T30,SCMS-62380,ASN-6188,PMO - US,Direct Drop,FCA,Air,1/4/2009,15-Mar-10,15-Mar-10,15-Mar-10,ARV,Adult,"Lopinavir/Ritonavir 200/50mg [Aluvia], tablets, 120 Tabs",Tablet,120.0,1820.0,149604.0,82.2,0.68,ABBVIE Ludwigshafen Germany,Yes,445,4755.76,322.55,
14929,,FPQ-15869,,,South Africa,,,,,,5/7/2015,,,,,,PHARMACY DIRECT,,Efavirenz/Emtricitabine/Tenofovir Disoproxil Fumarate,Generic,600/200/300mg,,,,,,,,,,,,116-ZA-T30,SCMS-278621,ASN-33339,PMO - US,Direct Drop,DDP,Truck,2/23/2015,15-Jul-15,15-Jul-15,15-Jul-15,ARV,Adult,"Efavirenz/Emtricitabine/Tenofovir Disoproxil Fumarate 600/200/300mg, tablets, 30 Tabs",Tablet - FDC,30.0,9.0,342.83,38.09,1.27,Mylan (formerly Matrix) Nashik,Yes,Weight Captured Separately,Freight Included in Commodity Cost,0.4,
6253,,Pre-PQ Process,,,Namibia,,,,,,1/14/2009,,,,,,"Trinity Biotech, Plc",,"HIV 1/2, Uni-Gold HIV Kit",Uni-Gold,,,,,,,,,,,,,139-NA-T01,SCMS-37070,ASN-3490,PMO - US,Direct Drop,EXW,Air,Pre-PQ Process,13-Mar-09,13-Mar-09,13-Mar-09,HRDT,HIV test,"HIV 1/2, Uni-Gold HIV Kit, 20 Tests",Test kit,20.0,700.0,22400.0,32.0,1.6,"Trinity Biotech, Plc",Yes,236,6862.01,43.9,
49656,,FPQ-13214,,,South Africa,,,,,,12/2/2013,,,,,,S. BUYS WHOLESALER,,Zidovudine,Generic,300mg,,,,,,,,,,,,116-ZA-T30,SCMS-215410,ASN-23875,PMO - US,Direct Drop,DDP,Truck,11/14/2013,13-Jan-14,13-Jan-14,13-Jan-14,ARV,Adult,"Zidovudine 300mg, tablets, 60 Tabs",Tablet,60.0,32.0,790.81,24.71,0.41,"Aurobindo Unit III, India",No,Weight Captured Separately,Freight Included in Commodity Cost,0.81,
82529,102-ZW-T30,FPQ-9927,SO-42300,DN-2940,Zimbabwe,PMO - US,From RDC,N/A - From RDC,Truck,5/15/12,N/A - From RDC,21-Dec-12,11-Dec-12,11-Dec-12,ARV,Adult,SCMS from RDC,"Lamivudine/Tenofovir Disoproxil Fumarate 300/300mg, tablets, 30 Tabs",Lamivudine/Tenofovir Disoproxil Fumarate,Generic,300/300mg,Tablet - FDC,30.0,188201.0,1008757.36,5.36,0.18,Hetero Unit III Hyderabad IN,Yes,23127,11444.77,1414.28,,,,,,,,,,,,,,,,,,,,,,,,,,
86205,151-NG-T30,FPQ-14989,SO-51423,DN-4275,Nigeria,PMO - US,From RDC,N/A - From RDC,Air Charter,9/19/14,N/A - From RDC,30-Jun-15,15-May-15,22-May-15,ARV,Adult,SCMS from RDC,"Lamivudine/Nevirapine/Zidovudine 150/200/300mg, tablets, 60 Tabs",Lamivudine/Nevirapine/Zidovudine,Generic,150/300/200mg,Tablet - FDC,60.0,178329.0,1376699.88,7.72,0.13,"Hetero, Jadcherla, unit 5, IN",No,See DN-4275 (ID#:83337),See DN-4275 (ID#:83337),1415.25,,,,,,,,,,,,,,,,,,,,,,,,,,
67614,105-SS-T30,FPQ-15569,SCMS-272160,ASN-31337,South Sudan,PMO - US,Direct Drop,EXW,Air,12/29/14,2/20/15,3-Jun-15,3-Jun-15,5-Jun-15,HRDT,HIV test,"Orgenics, Ltd","HIV 1/2, Determine Complete HIV Kit, 100 Tests","HIV 1/2, Determine Complete HIV Kit",Determine,,Test kit,100.0,90.0,8010.0,89.0,0.89,"Alere Medical Co., Ltd.",No,See ASN-31337 (ID#:26619),See ASN-31337 (ID#:26619),9.43,,,,,,,,,,,,,,,,,,,,,,,,,,
86173,102-ZW-T30,FPQ-15621,SO-50580,DN-4158,Zimbabwe,PMO - US,From RDC,N/A - From RDC,Truck,12/19/14,N/A - From RDC,16-Mar-15,17-Mar-15,19-Mar-15,ARV,Adult,SCMS from RDC,"Lamivudine/Zidovudine 150/300mg, tablets, 60 Tabs",Lamivudine/Zidovudine,Generic,150/300mg,Tablet - FDC,60.0,20000.0,130400.0,6.52,0.11,"Hetero, Jadcherla, unit 5, IN",Yes,1790,2042.6,153.48,,,,,,,,,,,,,,,,,,,,,,,,,,
83678,,FPQ-11489,,,South Sudan,,,,,,N/A - From RDC,,,,,,SCMS from RDC,,Lamivudine/Nevirapine/Zidovudine,Generic,150/300/200mg,,,,,,,,,,,,103-SS-T30,SO-44630,DN-3125,PMO - US,From RDC,N/A - From RDC,Air,1/16/2013,30-Apr-13,24-Apr-13,24-Apr-13,ARV,Adult,"Lamivudine/Nevirapine/Zidovudine 150/200/300mg, tablets, 60 Tabs",Tablet - FDC,60.0,3746.0,32140.68,8.58,0.14,Hetero Unit III Hyderabad IN,No,See DN-3125 (ID#:82571),See DN-3125 (ID#:82571),39.76,
85275,,FPQ-8790,,,Côte d'Ivoire,,,,,,N/A - From RDC,,,,,,SCMS from RDC,,Abacavir/Lamivudine/Zidovudine,Generic,300/150/300mg,,,,,,,,,,,,104-CI-T30,SO-41182,DN-2716,PMO - US,From RDC,N/A - From RDC,Air,11/11/2011,16-Jul-12,3-Jul-12,3-Jul-12,ARV,Adult,"Abacavir/Lamivudine/Zidovudine 300/150/300mg, tablets, 60 Tabs",Tablet - FDC,60.0,1840.0,55200.0,30.0,0.5,Mylan (formerly Matrix) Nashik,No,See DN-2716 (ID#:83597),See DN-2716 (ID#:83597),77.39,
67153,114-UG-T30,FPQ-12477,SCMS-198720,ASN-21627,Uganda,PMO - US,Direct Drop,EXW,Ocean,7/8/13,7/31/13,6-Nov-13,6-Nov-13,13-Nov-13,ARV,Adult,MYLAN LABORATORIES LTD (FORMERLY MATRIX LABORATORIES),"Lamivudine/Nevirapine/Zidovudine 150/200/300mg, tablets, 60 Tabs",Lamivudine/Nevirapine/Zidovudine,Generic,150/300/200mg,Tablet - FDC,60.0,165374.0,1339529.4,8.1,0.13,Mylan (formerly Matrix) Nashik,No,See ASN-21627 (ID#:48945),See ASN-21627 (ID#:48945),1657.0,,,,,,,,,,,,,,,,,,,,,,,,,,
7975,,Pre-PQ Process,,,Uganda,,,,,,Date Not Captured,,,,,,ASPEN PHARMACARE,,Lamivudine/Zidovudine+Nevirapine,Generic,150/300+200mg,,,,,,,,,,,,114-UG-T01,SCMS-176,ASN-129,PMO - US,Direct Drop,EXW,Air,Pre-PQ Process,22-Dec-06,22-Dec-06,22-Dec-06,ARV,Adult,"Lamivudine/Zidovudine+Nevirapine 150/300+200mg, tablets, co-blister, 60+60 Tabs",Tablet - FDC + co-blister,120.0,1270.0,26670.0,21.0,0.18,"Aspen-OSD, Port Elizabeth, SA",Yes,201,1262.91,,
85708,,FPQ-5127,,,Mozambique,,,,,,N/A - From RDC,,,,,,SCMS from RDC,,Lamivudine/Nevirapine/Zidovudine,Generic,150/300/200mg,,,,,,,,,,,,111-MZ-T30,SO-36020,DN-2014,PMO - US,From RDC,N/A - From RDC,Truck,2/15/2010,15-Oct-10,29-Oct-10,29-Oct-10,ARV,Adult,"Lamivudine/Nevirapine/Zidovudine 150/200/300mg, tablets, 60 Tabs",Tablet - FDC,60.0,48551.0,544742.22,11.22,0.19,Mylan (formerly Matrix) Nashik,Yes,15664,11884.42,1174.46,
84212,,,,,Uganda,,,,,,N/A - From RDC,,,,,,SCMS from RDC,,Nevirapine,Generic,200mg,,,,,,,,,,,,114-UG-T30,SO-43470,DN-2971,PMO - US,From RDC,N/A - From RDC,Air,10/10/2012,31-Jan-13,1-Feb-13,1-Feb-13,ARV,Adult,"Nevirapine 200mg, tablets, 60 Tabs",Tablet,60.0,4535.0,10974.7,2.42,0.04,"Aurobindo Unit III, India",Yes,491,4002.01,15.39,FPQ-10780
5294,,,,,Nigeria,,,,,,Date Not Captured,,,,,,"Trinity Biotech, Plc",,"HIV 1/2, Uni-Gold HIV Kit",Uni-Gold,,,,,,,,,,,,,102-NG-T01,SCMS-228,ASN-141,PMO - US,Direct Drop,EXW,Air,Pre-PQ Process,18-Jan-07,18-Jan-07,18-Jan-07,HRDT,HIV test,"HIV 1/2, Uni-Gold HIV Kit, 20 Tests",Test kit,20.0,40.0,1600.0,40.0,2.0,"Trinity Biotech, Plc",Yes,14,713.58,,Pre-PQ Process
68508,,,,,Tanzania,,,,,,9/3/2009,,,,,,"Standard Diagnostics, Inc.",,"HIV 1/2, Bioline 3.0 Kit (no accessories)",Bioline,,,,,,,,,,,,,109-TZ-T30,SCMS-52771,ASN-5076,PMO - US,Direct Drop,EXW,Air,8/27/2009,15-Dec-09,15-Dec-09,15-Dec-09,HRDT,HIV test,"HIV 1/2, Bioline 3.0 Kit, (no accessories), 30 Tests",Test kit,30.0,20000.0,480000.0,24.0,0.8,"Standard Diagnostics, Korea",Yes,6223,82236.74,940.8,FPQ-4157
33522,,FPQ-9874,,,Côte d'Ivoire,,,,,,6/13/2012,,,,,,"Orgenics, Ltd",,"HIV 1/2, Determine Complete HIV Kit",Determine,,,,,,,,,,,,,104-CI-T30,SCMS-147590,ASN-17853,PMO - US,Direct Drop,EXW,Air,5/11/2012,6-Feb-13,6-Feb-13,6-Feb-13,HRDT,HIV test,"HIV 1/2, Determine Complete HIV Kit, 100 Tests",Test kit,100.0,2400.0,192000.0,80.0,0.8,"Alere Medical Co., Ltd.",Yes,1043,20882.95,269.18,
9603,,Pre-PQ Process,,,South Africa,,,,,,1/21/2008,,,,,,"JSI R&T INSTITUTE, INC.",,Stavudine,Zerit,30mg,,,,,,,,,,,,116-ZA-T01,SCMS-17630,ASN-1532,PMO - US,Direct Drop,DDP,Truck,Pre-PQ Process,5-Feb-08,21-Jan-08,21-Jan-08,ARV,Adult,"Stavudine 30mg [Zerit], capsules, 60 Caps",Capsule,60.0,600.0,3426.0,5.71,0.1,"BMS Meymac, France",No,Weight Captured Separately,Freight Included in Commodity Cost,5.48,
11013,,,,,Zambia,,,,,,N/A - From RDC,,,,,,SCMS from RDC,,Efavirenz,Generic,600mg,,,,,,,,,,,,110-ZM-T01,SO-2479,DN-861,PMO - US,From RDC,N/A - From RDC,Truck,Pre-PQ Process,20-Aug-08,20-Aug-08,20-Aug-08,ARV,Adult,"Efavirenz 600mg, tablets, 30 Tabs",Tablet,30.0,5000.0,60050.0,12.01,0.4,Mylan (formerly Matrix) Nashik,Yes,4247,8231.95,96.08,Pre-PQ Process
70374,,,,,Haiti,,,,,,12/24/2014,,,,,,MYLAN LABORATORIES LTD (FORMERLY MATRIX LABORATORIES),,Abacavir,Generic,300mg,,,,,,,,,,,,106-HT-T30,SCMS-262850,ASN-30567,PMO - US,Direct Drop,EXW,Air,10/22/2014,13-Mar-15,13-Mar-15,13-Mar-15,ARV,Adult,"Abacavir 300mg, tablets, 60 Tabs",Tablet,60.0,4680.0,51433.2,10.99,0.18,Mylan (formerly Matrix) Nashik,Yes,487,3463.53,52.87,FPQ-15038
84272,,,,,Zambia,,,,,,N/A - From RDC,,,,,,SCMS from RDC,,Efavirenz/Emtricitabine/Tenofovir Disoproxil Fumarate,Generic,600/200/300mg,,,,,,,,,,,,110-ZM-T30,SO-43830,DN-3203,PMO - US,From RDC,N/A - From RDC,Truck,11/28/2012,18-Jul-13,23-Jul-13,23-Jul-13,ARV,Adult,"Efavirenz/Emtricitabine/Tenofovir Disoproxil Fumarate 600/200/300mg, tablets, 30 Tabs",Tablet - FDC,30.0,176213.0,2283720.48,12.96,0.43,Mylan (formerly Matrix) Nashik,Yes,19962,31401.08,2824.96,FPQ-11032
9874,,Pre-PQ Process,,,Vietnam,,,,,,7/23/2008,,,,,,BRISTOL-MYERS SQUIBB,,Didanosine,Videx,25mg,,,,,,,,,,,,108-VN-T01,SCMS-27330,ASN-2861,PMO - US,Direct Drop,CIP,Air,Pre-PQ Process,13-Nov-08,13-Nov-08,13-Nov-08,ARV,Pediatric,"Didanosine 25mg [Videx], chewable tablets, 60 Tabs",Chewable/dispersible tablet,60.0,240.0,1680.0,7.0,0.12,"BMS Meymac, France",Yes,52,1516.05,3.29,
84680,200-ZW-T30,FPQ-6483,SO-37900,DN-2411,Zimbabwe,PMO - US,From RDC,N/A - From RDC,Truck,10/13/10,N/A - From RDC,30-Nov-11,21-Nov-11,21-Nov-11,ARV,Pediatric,SCMS from RDC,"Lamivudine/Nevirapine/Zidovudine 30/50/60mg, dispersible tablets, 60 Tabs",Lamivudine/Nevirapine/Zidovudine,Generic,30/50/60mg,Chewable/dispersible tablet - FDC,60.0,30060.0,127755.0,4.25,0.07,Mylan (formerly Matrix) Nashik,Yes,1754,3537.26,275.44,,,,,,,,,,,,,,,,,,,,,,,,,,
80918,,,,,South Africa,,,,,,7/21/2009,,,,,,S. BUYS WHOLESALER,,Didanosine EC,Videx EC,400mg,,,,,,,,,,,,116-ZA-T30,SCMS-49642,ASN-5244,PMO - US,Direct Drop,DDP,Truck,5/7/2009,19-Nov-09,19-Nov-09,19-Nov-09,ARV,Adult,"Didanosine EC 400mg [Videx EC], delayed-release capsules, Blister 3 x 10 Caps",Delayed-release capsules - blister,30.0,190.0,1581.34,8.32,0.28,"BMS Meymac, France",No,Weight Captured Separately,Freight Included in Commodity Cost,3.1,FPQ-3560
83544,151-NG-T30,FPQ-7812,SO-40723,DN-2395,Nigeria,PMO - US,From RDC,N/A - From RDC,Air Charter,6/6/11,N/A - From RDC,5-Dec-11,13-Oct-11,13-Oct-11,ARV,Adult,SCMS from RDC,"Lamivudine/Nevirapine/Zidovudine 150/200/300mg, tablets, 60 Tabs",Lamivudine/Nevirapine/Zidovudine,Generic,150/300/200mg,Tablet - FDC,60.0,94848.0,1064194.56,11.22,0.19,Mylan (formerly Matrix) Nashik,No,See DN-2395 (ID#:82415),See DN-2395 (ID#:82415),1755.92,,,,,,,,,,,,,,,,,,,,,,,,,,
75751,108-VN-T30,FPQ-5899,SCMS-77260,ASN-8928,Vietnam,PMO - US,Direct Drop,EXW,Air,6/23/10,7/1/10,7-Dec-10,7-Dec-10,7-Dec-10,ARV,Adult,Aurobindo Pharma Limited,"Zidovudine 300mg, tablets, 60 Tabs",Zidovudine,Generic,300mg,Tablet,60.0,336.0,2436.0,7.25,0.12,"Aurobindo Unit III, India",Yes,19,8495.83,5.25,,,,,,,,,,,,,,,,,,,,,,,,,,
85797,,FPQ-7812,,,Nigeria,,,,,,N/A - From RDC,,,,,,SCMS from RDC,,Emtricitabine/Tenofovir Disoproxil Fumarate,Generic,200/300mg,,,,,,,,,,,,151-NG-T30,SO-40721,DN-2393,PMO - US,From RDC,N/A - From RDC,Air Charter,6/6/2011,5-Dec-11,17-Oct-11,17-Oct-11,ARV,Adult,"Emtricitabine/Tenofovir Disoproxil Fumarate 200/300mg, tablets, 30 Tabs",Tablet - FDC,30.0,17038.0,152830.86,8.97,0.3,"Aurobindo Unit III, India",Yes,1722,21326.73,252.17,
14016,,,,,Vietnam,,,,,,4/30/2014,,,,,,MICRO LABS LIMITED,,Nevirapine,Generic,200mg,,,,,,,,,,,,108-VN-T30,SCMS-236070,ASN-28062,PMO - US,Direct Drop,EXW,Air,4/8/2014,7-Nov-14,7-Nov-14,8-Nov-14,ARV,Adult,"Nevirapine 200mg, tablets, 60 Tabs",Tablet,60.0,7600.0,15808.0,2.08,0.03,"Micro labs, Verna, Goa, India",Yes,1292,2800.95,16.25,FPQ-13976
1359,,Pre-PQ Process,,,Vietnam,,,,,,7/4/2007,,,,,,Aurobindo Pharma Limited,,Lamivudine/Nevirapine/Zidovudine,Generic,150/300/200mg,,,,,,,,,,,,108-VN-T01,SCMS-753,ASN-782,PMO - US,Direct Drop,EXW,Air,Pre-PQ Process,15-Oct-07,15-Oct-07,15-Oct-07,ARV,Adult,"Lamivudine/Nevirapine/Zidovudine 150/200/300mg, tablets, 60 Tabs",Tablet - FDC,60.0,3000.0,40500.0,13.5,0.22,"Aurobindo Unit III, India",Yes,332,4454.62,64.8,
82428,151-NG-T30,FPQ-8364,SO-40663,DN-2475,Nigeria,PMO - US,From RDC,N/A - From RDC,Air Charter,8/29/11,N/A - From RDC,16-Mar-12,18-Dec-11,18-Dec-11,ARV,Adult,SCMS from RDC,"Lamivudine/Tenofovir Disoproxil Fumarate 300/300mg, tablets, 30 Tabs",Lamivudine/Tenofovir Disoproxil Fumarate,Generic,300/300mg,Tablet - FDC,30.0,43441.0,357519.43,8.23,0.27,Mylan (formerly Matrix) Nashik,Yes,3263,15322.7,589.91,,,,,,,,,,,,,,,,,,,,,,,,,,
10959,,Pre-PQ Process,,,Zimbabwe,,,,,,N/A - From RDC,,,,,,SCMS from RDC,,Lamivudine/Stavudine,Generic,150/30mg,,,,,,,,,,,,100-ZW-T01,SO-716,DN-770,PMO - US,From RDC,N/A - From RDC,Air,Pre-PQ Process,9-Jun-08,9-Jun-08,9-Jun-08,ARV,Adult,"Lamivudine/Stavudine 150/30mg, tablets, 30 Tabs",Tablet - FDC,30.0,1600.0,3200.0,2.0,0.07,"Cipla, Goa, India",Yes,422,3335.15,5.12,
14178,109-TZ-T30,FPQ-7909,SCMS-114990,ASN-12248,Tanzania,PMO - US,Direct Drop,EXW,Air,6/24/11,7/18/11,29-Sep-11,29-Oct-11,29-Oct-11,HRDT,HIV test,"Standard Diagnostics, Inc.","HIV 1/2, Bioline 3.0 Kit, Lancets, Capillary pipets, Alcohol swabs included, 25 Tests","HIV 1/2, Bioline 3.0 Kit, Lancets, Capillary pipets, Alcohol swabs included",Bioline,,Test kit,25.0,10000.0,200000.0,20.0,0.8,"Standard Diagnostics, Korea",Yes,3334,21952.35,330.0,,,,,,,,,,,,,,,,,,,,,,,,,,
59530,,,,,South Africa,,,,,,12/2/2013,,,,,,S. BUYS WHOLESALER,,Didanosine,Generic,250mg,,,,,,,,,,,,116-ZA-T30,SCMS-215410,ASN-23875,PMO - US,Direct Drop,DDP,Truck,11/14/2013,13-Jan-14,13-Jan-14,13-Jan-14,ARV,Adult,"Didanosine 250mg, delayed-release capsules, 30 Caps",Delayed-release capsules,30.0,18.0,271.8,15.1,0.5,"Aurobindo Unit III, India",No,Weight Captured Separately,Freight Included in Commodity Cost,0.28,FPQ-13214
34718,104-CI-T30,FPQ-13198,SCMS-215300,ASN-25800,Côte d'Ivoire,PMO - US,Direct Drop,FCA,Air,10/28/13,11/22/13,13-May-14,13-May-14,15-May-14,ARV,Pediatric,LAWRENCE LABORATORIES (SUBSIDIARY OF BRISTOL MYERS SQUIBB),"Didanosine 25mg [Videx], chewable tablets, 60 Tabs",Didanosine,Videx,25mg,Chewable/dispersible tablet,60.0,1515.0,10605.0,7.0,0.12,Bristol-Myers Squibb Anagni IT,Yes,338,2864.63,10.9,,,,,,,,,,,,,,,,,,,,,,,,,,
79646,,FPQ-11427,,,Tanzania,,,,,,2/20/2013,,,,,,MYLAN LABORATORIES LTD (FORMERLY MATRIX LABORATORIES),,Atazanavir/Ritonavir,Generic,300/100mg,,,,,,,,,,,,109-TZ-T30,SCMS-175460,ASN-18603,PMO - US,Direct Drop,EXW,Air,1/15/2013,23-Apr-13,23-Apr-13,23-Apr-13,ARV,Adult,"Atazanavir/Ritonavir 300/100mg, tablets, 30 Tabs",Tablet,30.0,12830.0,288675.0,22.5,0.75,Mylan (formerly Matrix) Nashik,Yes,1710,8344.86,357.09,
11478,111-MZ-T01,Pre-PQ Process,SO-945,DN-413,Mozambique,PMO - US,From RDC,N/A - From RDC,Air,Pre-PQ Process,N/A - From RDC,12-Nov-07,12-Nov-07,12-Nov-07,HRDT,HIV test,SCMS from RDC,"HIV 1/2, Uni-Gold HIV Kit, 20 Tests","HIV 1/2, Uni-Gold HIV Kit",Uni-Gold,,Test kit,20.0,4500.0,144000.0,32.0,1.6,"Trinity Biotech, Plc",Yes,1482,1566.19,230.4,,,,,,,,,,,,,,,,,,,,,,,,,,
72377,,FPQ-14827,,,Zambia,,,,,,9/25/2014,,,,,,"Trinity Biotech, Plc",,"HIV 1/2, Uni-Gold HIV Kit",Uni-Gold,,,,,,,,,,,,,110-ZM-T30,SCMS-256330,ASN-28820,PMO - US,Direct Drop,EXW,Air,8/19/2014,26-Mar-15,26-Mar-15,31-Mar-15,HRDT,HIV test,"HIV 1/2, Uni-Gold HIV Kit, 20 Tests",Test kit,20.0,3000.0,96000.0,32.0,1.6,"Trinity Biotech, Plc",Yes,909,10203.1,98.69,
61980,,,,,Haiti,,,,,,6/8/2012,,,,,,MERCK SHARP & DOHME IDEA GMBH (FORMALLY MERCK SHARP & DOHME B.V.),,Efavirenz,Stocrin/Sustiva,30mg/ml,,,,,,,,,,,,106-HT-T30,SCMS-147100,ASN-16682,PMO - US,Direct Drop,CIP,Air,4/20/2012,29-Oct-12,29-Oct-12,29-Oct-12,ARV,Pediatric,"Efavirenz 30mg/ml [Stocrin/Sustiva], oral solution, Bottle, 180 ml",Oral solution,180.0,2295.0,38923.2,16.96,0.09,"MSD, Haarlem, NL",Yes,687,5293.76,54.57,FPQ-9621
12399,,,,,Mozambique,,,,,,N/A - From RDC,,,,,,SCMS from RDC,,"HIV 1/2, Uni-Gold HIV Kit",Uni-Gold,,,,,,,,,,,,,111-MZ-T01,SO-944,DN-310,PMO - US,From RDC,N/A - From RDC,Air,Pre-PQ Process,21-Sep-07,21-Sep-07,21-Sep-07,HRDT,HIV test,"HIV 1/2, Uni-Gold HIV Kit, 20 Tests",Test kit,20.0,2500.0,80000.0,32.0,1.6,"Trinity Biotech, Plc",Yes,841,3818.4,128.0,Pre-PQ Process
64003,104-CI-T30,FPQ-3885,SCMS-48610,ASN-4585,Côte d'Ivoire,PMO - US,Direct Drop,EXW,Air,6/19/09,7/7/09,17-Aug-09,17-Aug-09,17-Aug-09,HRDT,HIV test,"Standard Diagnostics, Inc.","HIV 1/2, Bioline 3.0 Kit, (no accessories), 30 Tests","HIV 1/2, Bioline 3.0 Kit (no accessories)",Bioline,,Test kit,30.0,1800.0,43200.0,24.0,0.8,"Standard Diagnostics, Korea",Yes,560,5180.34,84.67,,,,,,,,,,,,,,,,,,,,,,,,,,
23467,161-ZA-T30,FPQ-7175,SCMS-104070,ASN-11381,South Africa,PMO - US,Direct Drop,DDP,Ocean,3/10/11,3/28/11,2-Nov-11,2-Nov-11,2-Nov-11,ARV,Adult,CIPLA LIMITED,"Nevirapine 200mg, tablets, 60 Tabs",Nevirapine,Generic,200mg,Tablet,60.0,89674.0,243913.28,2.72,0.05,"Cipla, Goa, India",Yes,9667,17703.62,402.46,,,,,,,,,,,,,,,,,,,,,,,,,,
35279,,FPQ-12522,,,South Africa,,,,,,8/29/2014,,,,,,S. BUYS WHOLESALER,,Efavirenz,Generic,600mg,,,,,,,,,,,,116-ZA-T30,SCMS-199289,ASN-28037,PMO - US,Direct Drop,DDP,Truck,7/11/2013,29-Aug-14,29-Aug-14,29-Aug-14,ARV,Adult,"Efavirenz 600mg, tablets, 30 Tabs",Tablet,30.0,768.0,12726.75,16.57,0.55,Hetero Unit III Hyderabad IN,No,Weight Captured Separately,Freight Included in Commodity Cost,15.74,
68281,,,,,South Africa,,,,,,5/11/2015,,,,,,PHARMACY DIRECT,,Didanosine,Generic,250mg,,,,,,,,,,,,116-ZA-T30,SCMS-259075,ASN-32122,PMO - US,Direct Drop,DDP,Truck,9/11/2014,12-May-15,12-May-15,12-May-15,ARV,Adult,"Didanosine 250mg, delayed-release capsules, 30 Caps",Delayed-release capsules,30.0,5.0,55.08,11.02,0.37,"Aurobindo Unit III, India",No,Weight Captured Separately,Freight Included in Commodity Cost,0.06,FPQ-14942
54501,109-TZ-T30,FPQ-13675,SCMS-225870,ASN-25988,Tanzania,PMO - US,Direct Drop,EXW,Air,2/3/14,3/5/14,15-Jul-14,15-Jul-14,12-Aug-14,HRDT,HIV test,"Orgenics, Ltd","HIV 1/2, Determine Complete HIV Kit, 100 Tests","HIV 1/2, Determine Complete HIV Kit",Determine,,Test kit,100.0,350.0,28000.0,80.0,0.8,"Alere Medical Co., Ltd.",Yes,144,2631.39,28.78,,,,,,,,,,,,,,,,,,,,,,,,,,
41697,,,,,Vietnam,,,,,,7/12/2012,,,,,,HETERO LABS LIMITED,,Nevirapine,Generic,200mg,,,,,,,,,,,,108-VN-T30,SCMS-153060,ASN-16145,PMO - US,Direct Drop,EXW,Air,7/11/2012,9-Oct-12,9-Oct-12,9-Oct-12,ARV,Adult,"Nevirapine 200mg, tablets, 60 Tabs",Tablet,60.0,6414.0,14944.62,2.33,0.04,Hetero Unit III Hyderabad IN,Yes,425,1032.12,20.95,FPQ-10266
32865,,FPQ-14654,,,"Congo, DRC",,,,,,8/27/2014,,,,,,"Orgenics, Ltd",,"HIV 1/2, Determine Complete HIV Kit",Determine,,,,,,,,,,,,,101-CD-T30,SCMS-253270,ASN-28379,PMO - US,Direct Drop,EXW,Air,8/11/2014,31-Dec-14,31-Dec-14,31-Dec-14,HRDT,HIV test,"HIV 1/2, Determine Complete HIV Kit, 100 Tests",Test kit,100.0,5359.0,428720.0,80.0,0.8,"Alere Medical Co., Ltd.",Yes,2131,62196.13,440.72,
84751,,,,,Uganda,,,,,,N/A - From RDC,,,,,,SCMS from RDC,,Nevirapine,Generic,200mg,,,,,,,,,,,,114-UG-T30,SO-42052,DN-2830,PMO - US,From RDC,N/A - From RDC,Air,5/9/2012,18-Oct-12,18-Oct-12,18-Oct-12,ARV,Adult,"Nevirapine 200mg, tablets, 60 Tabs",Tablet,60.0,635.0,1549.4,2.44,0.04,"Strides, Bangalore, India.",Yes,1779,9325.16,2.17,FPQ-9875
63175,107-RW-T30,FPQ-3963,SCMS-48560,ASN-4448,Rwanda,PMO - US,Direct Drop,EXW,Air,7/1/09,7/2/09,14-Aug-09,14-Aug-09,14-Aug-09,HRDT,HIV test,"Trinity Biotech, Plc","HIV 1/2, Uni-Gold HIV Kit, 20 Tests","HIV 1/2, Uni-Gold HIV Kit",Uni-Gold,,Test kit,20.0,250.0,8000.0,32.0,1.6,"Trinity Biotech, Plc",Yes,88,3997.31,15.68,,,,,,,,,,,,,,,,,,,,,,,,,,
83470,200-DO-T30,FPQ-6616,SO-38030,DN-2066,Dominican Republic,PMO - US,From RDC,N/A - From RDC,Air,10/25/10,N/A - From RDC,30-Nov-10,14-Dec-10,14-Dec-10,ARV,Adult,SCMS from RDC,"Abacavir 300mg, tablets, 60 Tabs",Abacavir,Generic,300mg,Tablet,60.0,3073.0,48829.97,15.89,0.26,Mylan (formerly Matrix) Nashik,Yes,594,4996.2,80.57,,,,,,,,,,,,,,,,,,,,,,,,,,
62987,,FPQ-11638,,,Malawi,,,,,,3/14/2013,,,,,,"Orgenics, Ltd",,"HIV 1/2, Determine Complete HIV Kit",Determine,,,,,,,,,,,,,102-MW-T30,SCMS-179351,ASN-21682,PMO - US,Direct Drop,EXW,Air,2/22/2013,2-Oct-13,2-Oct-13,2-Oct-13,HRDT,HIV test,"HIV 1/2, Determine Complete HIV Kit, 100 Tests",Test kit,100.0,154.0,12320.0,80.0,0.8,"Alere Medical Co., Ltd.",Yes,60,1619.3,15.24,
83182,,FPQ-12800,,,Côte d'Ivoire,,,,,,N/A - From RDC,,,,,,SCMS from RDC,,Zidovudine,Generic,10mg/ml,,,,,,,,,,,,104-CI-T30,SO-46360,DN-3418,PMO - US,From RDC,N/A - From RDC,Air,8/9/2013,16-Dec-13,2-Dec-13,20-Dec-13,ARV,Pediatric,"Zidovudine 10mg/ml, oral solution w/syringe, Bottle, 240 ml",Oral solution,240.0,2133.0,4479.3,2.1,0.01,"Aurobindo Unit III, India",Yes,1784,4017.69,5.54,
38237,,,,,Zimbabwe,,,,,,5/5/2011,,,,,,"Orgenics, Ltd",,"HIV 1/2, Determine Complete HIV Kit",Determine,,,,,,,,,,,,,113-ZW-T30,SCMS-108010,ASN-15475,PMO - US,Direct Drop,EXW,Air,4/7/2011,23-Jul-12,23-Jul-12,23-Jul-12,HRDT,HIV test,"HIV 1/2, Determine Complete HIV Kit, 100 Tests",Test kit,100.0,4309.0,344720.0,80.0,0.8,Inverness Japan,Yes,2124,40520.83,568.79,FPQ-7521
86114,,,,,Zambia,,,,,,N/A - From RDC,,,,,,SCMS from RDC,,Efavirenz/Lamivudine/Tenofovir Disoproxil Fumarate,Generic,600/300/300mg,,,,,,,,,,,,110-ZM-T30,SO-48000,DN-3819,PMO - US,From RDC,N/A - From RDC,Truck,2/6/2014,31-Jul-14,23-Jul-14,28-Aug-14,ARV,Adult,"Efavirenz/Lamivudine/Tenofovir Disoproxil Fumarate 600/300/300mg, tablets, 30 Tabs",Tablet - FDC,30.0,175000.0,1886500.0,10.78,0.36,Mylan (formerly Matrix) Nashik,No,See DN-3819 (ID#:85506),See DN-3819 (ID#:85506),1939.32,FPQ-13692
84211,104-CI-T30,FPQ-10633,SO-43320,DN-2967,Côte d'Ivoire,PMO - US,From RDC,N/A - From RDC,Truck,9/11/12,N/A - From RDC,28-Feb-13,25-Jan-13,25-Jan-13,ARV,Adult,SCMS from RDC,"Lopinavir/Ritonavir 200/50mg, tablets, 120 Tabs",Lopinavir/Ritonavir,Generic,200/50mg,Tablet,120.0,10000.0,267000.0,26.7,0.22,Mylan (formerly Matrix) Nashik,No,See DN-2967 (ID#:84209),See DN-2967 (ID#:84209),374.33,,,,,,,,,,,,,,,,,,,,,,,,,,
83395,,,,,Haiti,,,,,,N/A - From RDC,,,,,,SCMS from RDC,,Nevirapine,Generic,200mg,,,,,,,,,,,,106-HT-T30,SO-34230,DN-1617,PMO - US,From RDC,N/A - From RDC,Air,9/23/2009,5-Mar-10,24-Feb-10,24-Feb-10,ARV,Adult,"Nevirapine 200mg, tablets, 60 Tabs",Tablet,60.0,32850.0,95265.0,2.9,0.05,"Aurobindo Unit III, India",Yes,3917,39223.78,205.39,FPQ-4469
84734,,,,,Uganda,,,,,,N/A - From RDC,,,,,,SCMS from RDC,,Efavirenz/Emtricitabine/Tenofovir Disoproxil Fumarate,Generic,600/200/300mg,,,,,,,,,,,,114-UG-T30,SO-41593,DN-2744,PMO - US,From RDC,N/A - From RDC,Truck,2/20/2012,5-Sep-12,26-Jul-12,26-Jul-12,ARV,Adult,"Efavirenz/Emtricitabine/Tenofovir Disoproxil Fumarate 600/200/300mg, tablets, 30 Tabs",Tablet - FDC,30.0,6150.0,92496.0,15.04,0.5,Mylan (formerly Matrix) Nashik,No,See DN-2744 (ID#:82490),See DN-2744 (ID#:82490),129.68,FPQ-9355
12059,,Pre-PQ Process,,,Mozambique,,,,,,N/A - From RDC,,,,,,SCMS from RDC,,Abacavir/Lamivudine/Zidovudine,Trizivir,300/150/300mg,,,,,,,,,,,,111-MZ-T01,SO-379,DN-183,PMO - US,From RDC,N/A - From RDC,Air,Pre-PQ Process,4-Jul-07,4-Jul-07,4-Jul-07,ARV,Adult,"Abacavir/Lamivudine/Zidovudine 300/150/300mg [Trizivir], tablets, 60 Tabs",Tablet - FDC,60.0,1019.0,71330.0,70.0,1.17,GSK Ware (UK),Yes,138,439.17,,
9033,,Pre-PQ Process,,,South Africa,,,,,,Date Not Captured,,,,,,S. BUYS WHOLESALER,,Lamivudine,Generic,10mg/ml,,,,,,,,,,,,116-ZA-T01,SCMS-41080,ASN-3637,PMO - US,Direct Drop,DDP,Air,Pre-PQ Process,26-May-09,22-Jan-09,22-Jan-09,ARV,Pediatric,"Lamivudine 10mg/ml, oral solution, Bottle, 240 ml",Oral solution,240.0,1500.0,5445.0,3.63,0.02,"Aurobindo Unit III, India",No,Weight Captured Separately,Freight Included in Commodity Cost,10.67,
962,,,,,Vietnam,,,,,,1/16/2009,,,,,,CIPLA LIMITED,,Lamivudine/Nevirapine/Stavudine,Generic,150/200/30mg,,,,,,,,,,,,108-VN-T01,SCMS-37180,ASN-3521,PMO - US,Direct Drop,EXW,Air,Pre-PQ Process,23-Mar-09,23-Mar-09,23-Mar-09,ARV,Adult,"Lamivudine/Nevirapine/Stavudine 150/200/30mg, tablets, 60 Tabs",Tablet - FDC,60.0,10560.0,72864.0,6.9,0.12,"Cipla, Goa, India",Yes,924,4225.93,142.81,Pre-PQ Process
13161,,FPQ-5303,,,South Africa,,,,,,3/19/2010,,,,,,Aurobindo Pharma Limited,,Efavirenz,Generic,600mg,,,,,,,,,,,,161-ZA-T30,SCMS-68910,ASN-7440,PMO - US,Direct Drop,DDP,Air,3/18/2010,24-Aug-10,24-Aug-10,24-Aug-10,ARV,Adult,"Efavirenz 600mg, tablets, 30 Tabs",Tablet,30.0,56877.0,265615.59,4.67,0.16,"Aurobindo Unit III, India",Yes,4815,5886.9,572.67,
12459,,,,,Zambia,,,,,,N/A - From RDC,,,,,,SCMS from RDC,,Efavirenz,Generic,600mg,,,,,,,,,,,,110-ZM-T01,SO-1035,DN-555,PMO - US,From RDC,N/A - From RDC,,Pre-PQ Process,25-Jan-08,25-Jan-08,25-Jan-08,ARV,Adult,"Efavirenz 600mg, tablets, 30 Tabs",Tablet,30.0,14465.0,179655.3,12.42,0.41,Mylan (formerly Matrix) Nashik,Yes,1135,4428.75,287.45,Pre-PQ Process
63579,105-SS-T30,FPQ-11538,SCMS-176920,ASN-18783,South Sudan,PMO - US,Direct Drop,EXW,Air,1/24/13,2/22/13,16-May-13,16-May-13,16-May-13,HRDT,HIV test,"Trinity Biotech, Plc","HIV 1/2, Uni-Gold HIV Kit, 20 Tests","HIV 1/2, Uni-Gold HIV Kit",Uni-Gold,,Test kit,20.0,125.0,4000.0,32.0,1.6,"Trinity Biotech, Plc",Yes,41,1441.21,4.95,,,,,,,,,,,,,,,,,,,,,,,,,,
64369,103-ZW-T30,FPQ-13969,SCMS-239180,ASN-29540,Zimbabwe,PMO - US,Direct Drop,FCA,Air,4/8/14,5/15/14,12-Jan-15,12-Jan-15,12-Jan-15,ARV,Pediatric,ABBVIE LOGISTICS (FORMERLY ABBOTT LOGISTICS BV),"Lopinavir/Ritonavir 100/25mg [Aluvia], tablets, 60 Tabs",Lopinavir/Ritonavir,Generic,100/25mg,Tablet,60.0,9253.0,54962.82,5.94,0.1,ABBVIE Ludwigshafen Germany,Yes,1065,11368.84,56.5,,,,,,,,,,,,,,,,,,,,,,,,,,
60168,161-ZA-T30,FPQ-5303,SCMS-68740,ASN-7868,South Africa,PMO - US,Direct Drop,DDP,Air,3/18/10,3/19/10,1-Sep-10,3-Sep-10,3-Sep-10,ARV,Adult,CIPLA LIMITED,"Tenofovir Disoproxil Fumarate 300mg, tablets, 30 Tabs",Tenofovir Disoproxil Fumarate,Generic,300mg,Tablet,30.0,64771.0,506509.22,7.82,0.26,"Cipla, Goa, India",Yes,4398,5298.03,1092.03,,,,,,,,,,,,,,,,,,,,,,,,,,
83491,,,,,Côte d'Ivoire,,,,,,N/A - From RDC,,,,,,SCMS from RDC,,Efavirenz,Generic,200mg,,,,,,,,,,,,104-CI-T30,SO-38480,DN-2138,PMO - US,From RDC,N/A - From RDC,Air,8/3/2010,15-Mar-11,29-Mar-11,29-Mar-11,ARV,Pediatric,"Efavirenz 200mg, capsule, 90 Caps",Capsule,90.0,2440.0,23692.4,9.71,0.11,"Aurobindo Unit III, India",Yes,2325,17941.47,51.08,FPQ-6144
2684,112-NG-T01,Pre-PQ Process,SCMS-156,ASN-93,Nigeria,PMO - US,Direct Drop,EXW,Air,Pre-PQ Process,Date Not Captured,7-Dec-06,7-Dec-06,7-Dec-06,ARV,Adult,Aurobindo Pharma Limited,"Stavudine 40mg, capsules, 60 Caps",Stavudine,Generic,40mg,Capsule,60.0,166.0,356.9,2.15,0.04,"Aurobindo Unit III, India",No,See ASN-93 (ID#:1281),See ASN-93 (ID#:1281),,,,,,,,,,,,,,,,,,,,,,,,,,,
82125,,,,,Zimbabwe,,,,,,5/27/2014,,,,,,HETERO LABS LIMITED,,Lamivudine/Tenofovir Disoproxil Fumarate,Generic,300/300mg,,,,,,,,,,,,113-ZW-T30,SCMS-240570,ASN-27582,PMO - US,Direct Drop,EXW,Air Charter,4/1/2014,17-Sep-14,17-Sep-14,19-Sep-14,ARV,Adult,"Lamivudine/Tenofovir Disoproxil Fumarate 300/300mg, tablets, 30 Tabs",Tablet - FDC,30.0,15187.0,70163.94,4.62,0.15,Hetero Unit III Hyderabad IN,No,See ASN-27582 (ID#:79885),See ASN-27582 (ID#:79885),72.13,FPQ-13939
85298,,FPQ-9906,,,"Congo, DRC",,,,,,N/A - From RDC,,,,,,SCMS from RDC,,Efavirenz,Generic,600mg,,,,,,,,,,,,102-CD-T30,SO-42340,DN-2812,PMO - US,From RDC,N/A - From RDC,Air,5/15/2012,14-Feb-13,14-Feb-13,14-Feb-13,ARV,Adult,"Efavirenz 600mg, tablets, 30 Tabs",Tablet,30.0,525.0,2000.25,3.81,0.13,Hetero Unit III Hyderabad IN,No,See DN-2812 (ID#:83068),See DN-2812 (ID#:83068),2.8,
12295,151-NG-T01,Pre-PQ Process,SO-30022,DN-1290,Nigeria,PMO - US,From RDC,N/A - From RDC,Air Charter,Pre-PQ Process,N/A - From RDC,16-Jun-09,16-Jun-09,16-Jun-09,ARV,Adult,SCMS from RDC,"Emtricitabine/Tenofovir Disoproxil Fumarate 200/300mg [Truvada], tablets, 30 Tabs",Emtricitabine/Tenofovir Disoproxil Fumarate,Truvada,300/200mg,Tablet - FDC,30.0,24269.0,637061.25,26.25,0.88,"Aspen-OSD, Port Elizabeth, SA",Yes,2094,7329.83,1248.64,,,,,,,,,,,,,,,,,,,,,,,,,,
12305,106-HT-T01,Pre-PQ Process,SO-32730,DN-1374,Haiti,PMO - US,From RDC,N/A - From RDC,Air,Date Not Captured,N/A - From RDC,31-Jul-09,31-Jul-09,31-Jul-09,ARV,Pediatric,SCMS from RDC,"Efavirenz 200mg, capsule, 90 Caps",Efavirenz,Generic,200mg,Capsule,90.0,525.0,6683.25,12.73,0.14,"Aurobindo Unit III, India",No,See DN-1374 (ID#:11999),See DN-1374 (ID#:11999),13.1,,,,,,,,,,,,,,,,,,,,,,,,,,
26741,103-SS-T30,FPQ-11382,SCMS-173330,ASN-18684,South Sudan,PMO - US,Direct Drop,EXW,Air,1/4/13,1/22/13,9-May-13,9-May-13,9-May-13,HRDT,HIV test,"Orgenics, Ltd","HIV 1/2, Determine Complete HIV Kit, 100 Tests","HIV 1/2, Determine Complete HIV Kit",Determine,,Test kit,100.0,544.0,48416.0,89.0,0.89,"Alere Medical Co., Ltd.",Yes,226,5613.63,59.89,,,,,,,,,,,,,,,,,,,,,,,,,,
84504,105-GY-T30,FPQ-4438,SO-34480,DN-1505,Guyana,PMO - US,From RDC,N/A - From RDC,Air,10/15/09,N/A - From RDC,23-Nov-09,3-Nov-09,3-Nov-09,ARV,Adult,SCMS from RDC,"Efavirenz 600mg, tablets, 30 Tabs",Efavirenz,Generic,600mg,Tablet,30.0,4737.0,27379.86,5.78,0.19,"Aurobindo Unit III, India",Yes,427,6061.01,59.03,,,,,,,,,,,,,,,,,,,,,,,,,,
82491,,FPQ-8790,,,Côte d'Ivoire,,,,,,N/A - From RDC,,,,,,SCMS from RDC,,Lamivudine/Nevirapine/Zidovudine,Generic,150/300/200mg,,,,,,,,,,,,104-CI-T30,SO-41191,DN-2754,PMO - US,From RDC,N/A - From RDC,Air,11/11/2011,31-Jul-12,31-Jul-12,31-Jul-12,ARV,Adult,"Lamivudine/Nevirapine/Zidovudine 150/200/300mg, tablets, 60 Tabs",Tablet - FDC,60.0,80032.0,785113.92,9.81,0.16,"Aurobindo Unit III, India",Yes,11720,11702.27,1100.73,
83530,104-CI-T30,FPQ-7659,SO-40122,DN-2339,Côte d'Ivoire,PMO - US,From RDC,N/A - From RDC,Air,5/3/11,N/A - From RDC,12-Oct-11,12-Oct-11,12-Oct-11,ARV,Adult,SCMS from RDC,"Abacavir 300mg, tablets, 60 Tabs",Abacavir,Generic,300mg,Tablet,60.0,2313.0,34787.52,15.04,0.25,Mylan (formerly Matrix) Nashik,No,See DN-2339 (ID#:82401),See DN-2339 (ID#:82401),57.4,,,,,,,,,,,,,,,,,,,,,,,,,,
85555,102-ZW-T30,FPQ-13991,SO-48490,DN-4113,Zimbabwe,PMO - US,From RDC,N/A - From RDC,Truck,4/1/14,N/A - From RDC,16-Feb-15,4-Feb-15,16-Feb-15,ARV,Adult,SCMS from RDC,"Abacavir/Lamivudine 600/300mg, tablets, 30 Tabs",Abacavir/Lamivudine,Generic,600/300mg,Tablet - FDC,30.0,19913.0,268626.37,13.49,0.45,"Cipla, Patalganga, India",Yes,1828,1955.17,276.15,,,,,,,,,,,,,,,,,,,,,,,,,,
83210,,,,,Zimbabwe,,,,,,N/A - From RDC,,,,,,SCMS from RDC,,Efavirenz,Generic,200mg,,,,,,,,,,,,103-ZW-T30,SO-45123,DN-3549,PMO - US,From RDC,N/A - From RDC,Truck,4/19/2013,31-Mar-14,11-Feb-14,4-Mar-14,ARV,Pediatric,"Efavirenz 200mg, scored tablets, 90 Tabs",Tablet,90.0,266.0,2473.8,9.3,0.1,"Strides, Bangalore, India.",Yes,17,1200,3.06,FPQ-12086
83961,,FPQ-3964,,,Côte d'Ivoire,,,,,,N/A - From RDC,,,,,,SCMS from RDC,,Zidovudine,Generic,100mg,,,,,,,,,,,,104-CI-T30,SO-34500,DN-1523,PMO - US,From RDC,N/A - From RDC,Air,7/24/2009,1-Dec-09,2-Dec-09,2-Dec-09,ARV,Pediatric,"Zidovudine 100mg, capsules, 100 Caps",Capsule,100.0,2352.0,11760.0,5.0,0.05,"Aurobindo Unit III, India",Yes,3189,1211.48,23.05,
74753,,,,,South Africa,,,,,,7/11/2014,,,,,,S. BUYS WHOLESALER,,Atazanavir,Reyataz,150mg,,,,,,,,,,,,116-ZA-T30,SCMS-199315,ASN-27211,PMO - US,Direct Drop,DDP,Truck,7/12/2013,11-Jul-14,11-Jul-14,11-Jul-14,ARV,Pediatric,"Atazanavir 150mg [Reyataz], capsules, 60 Caps",Capsule,60.0,2.0,51.37,25.68,0.43,"BMS Evansville, US",Yes,Weight Captured Separately,Freight Included in Commodity Cost,0.06,FPQ-12523
85333,,,,,Zimbabwe,,,,,,N/A - From RDC,,,,,,SCMS from RDC,,Abacavir/Lamivudine,Generic,600/300mg,,,,,,,,,,,,102-ZW-T30,SO-43250,DN-3036,PMO - US,From RDC,N/A - From RDC,Truck,9/18/2012,29-Mar-13,23-Mar-13,23-Mar-13,ARV,Adult,"Abacavir/Lamivudine 600/300mg, scored tablets, 30 Tabs",Tablet - FDC,30.0,810.0,11307.6,13.96,0.47,Mylan (formerly Matrix) Nashik,Yes,52,1600,15.85,FPQ-10674
83716,111-MZ-T30,FPQ-11884,SO-44865,DN-3318,Mozambique,PMO - US,From RDC,N/A - From RDC,Truck,3/19/13,N/A - From RDC,31-Oct-13,31-Oct-13,12-Nov-13,ARV,Adult,SCMS from RDC,"Efavirenz 600mg, tablets, 30 Tabs",Efavirenz,Generic,600mg,Tablet,30.0,9357.0,31158.81,3.33,0.11,"Strides, Bangalore, India.",Yes,12264,5902.4,38.54,,,,,,,,,,,,,,,,,,,,,,,,,,
82414,151-NG-T30,FPQ-7812,SO-40722,DN-2394,Nigeria,PMO - US,From RDC,N/A - From RDC,Air Charter,6/6/11,N/A - From RDC,5-Dec-11,14-Oct-11,14-Oct-11,ARV,Adult,SCMS from RDC,"Lamivudine/Tenofovir Disoproxil Fumarate 300/300mg, tablets, 30 Tabs",Lamivudine/Tenofovir Disoproxil Fumarate,Generic,300/300mg,Tablet - FDC,30.0,24346.0,190385.72,7.82,0.26,Mylan (formerly Matrix) Nashik,Yes,2391,21326.73,314.14,,,,,,,,,,,,,,,,,,,,,,,,,,
68662,,,,,Cameroon,,,,,,8/23/2013,,,,,,Aurobindo Pharma Limited,,Lamivudine/Nevirapine/Zidovudine,Generic,150/300/200mg,,,,,,,,,,,,901-CM-T30,SCMS-204300,ASN-21703,PMO - US,Direct Drop,EXW,Air,8/19/2013,18-Oct-13,11-Oct-13,14-Oct-13,ARV,Adult,"Lamivudine/Nevirapine/Zidovudine 150/200/300mg, tablets, 60 Tabs",Tablet - FDC,60.0,34910.0,283818.3,8.13,0.14,"Aurobindo Unit III, India",Yes,4426,37479.21,351.08,FPQ-12837
31156,101-CD-T30,FPQ-13548,SCMS-224840,ASN-24721,"Congo, DRC",PMO - US,Direct Drop,EXW,Air,1/22/14,1/28/14,4-Apr-14,4-Apr-14,28-Apr-14,HRDT,HIV test,"Trinity Biotech, Plc","HIV 1/2, Uni-Gold HIV Kit, 20 Tests","HIV 1/2, Uni-Gold HIV Kit",Uni-Gold,,Test kit,20.0,2.0,64.0,32.0,1.6,"Trinity Biotech, Plc",No,See ASN-24721 (ID#:13708),See ASN-24721 (ID#:13708),0.07,,,,,,,,,,,,,,,,,,,,,,,,,,
32372,,FPQ-11153,,,Uganda,,,,,,1/11/2013,,,,,,ABBVIE LOGISTICS (FORMERLY ABBOTT LOGISTICS BV),,Lopinavir/Ritonavir,Generic,100/25mg,,,,,,,,,,,,114-UG-T30,SCMS-171900,ASN-18877,PMO - US,Direct Drop,FCA,Air,12/13/2012,9-Apr-13,9-Apr-13,9-Apr-13,ARV,Pediatric,"Lopinavir/Ritonavir 100/25mg [Aluvia], tablets, 60 Tabs",Tablet,60.0,6390.0,37956.6,5.94,0.1,ABBVIE Ludwigshafen Germany,Yes,733,6255.87,46.95,
85865,110-ZM-T30,FPQ-9515,SO-41950,DN-2681,Zambia,PMO - US,From RDC,N/A - From RDC,Air,4/10/12,N/A - From RDC,2-Jul-12,7-Jun-12,7-Jun-12,HRDT,HIV test,SCMS from RDC,"HIV 1/2, Determine Complete HIV Kit, 100 Tests","HIV 1/2, Determine Complete HIV Kit",Determine,,Test kit,100.0,5996.0,479680.0,80.0,0.8,"Alere Medical Co., Ltd.",Yes,1363,22171.8,672.51,,,,,,,,,,,,,,,,,,,,,,,,,,
53234,,,,,Côte d'Ivoire,,,,,,1/15/2013,,,,,,"Orgenics, Ltd",,"HIV 1/2, Determine Complete HIV Kit",Determine,,,,,,,,,,,,,104-CI-T30,SCMS-173131,ASN-19636,PMO - US,Direct Drop,EXW,Air,12/14/2012,4-Jun-13,4-Jun-13,4-Jun-13,HRDT,HIV test,"HIV 1/2, Determine Complete HIV Kit, 100 Tests",Test kit,100.0,2945.0,235600.0,80.0,0.8,"Alere Medical Co., Ltd.",Yes,1280,125.42,291.44,FPQ-11294
74930,,FPQ-4141,,,Zambia,,,,,,9/11/2009,,,,,,"Orgenics, Ltd",,"HIV 1/2, Determine Complete HIV Kit",Determine,,,,,,,,,,,,,110-ZM-T30,SCMS-53261,ASN-5854,PMO - US,Direct Drop,EXW,Air,8/31/2009,28-Jan-10,28-Jan-10,28-Jan-10,HRDT,HIV test,"HIV 1/2, Determine Complete HIV Kit, 100 Tests",Test kit,100.0,2898.0,208656.0,72.0,0.72,Inverness Japan,Yes,1409,21714.68,408.97,
65487,,FPQ-7400,,,South Africa,,,,,,3/30/2011,,,,,,GLAXOSMITHKLINE EXPORT LIMITED,,Abacavir,Ziagen,20mg/ml,,,,,,,,,,,,161-ZA-T30,SCMS-104190,ASN-12821,PMO - US,Direct Drop,DDP,Ocean,3/11/2011,9-Jan-12,9-Jan-12,9-Jan-12,ARV,Pediatric,"Abacavir 20mg/ml [Ziagen], oral solution, Bottle, 240 ml",Oral solution,240.0,10000.0,92800.0,9.28,0.04,GSK Mississauga (Canada),Yes,3853,4228.61,153.12,
85519,,FPQ-13394,,,Mozambique,,,,,,N/A - From RDC,,,,,,SCMS from RDC,,Lamivudine/Nevirapine/Zidovudine,Generic,150/300/200mg,,,,,,,,,,,,111-MZ-T30,SO-47462,DN-3866,PMO - US,From RDC,N/A - From RDC,Truck,12/9/2013,29-Aug-14,27-Oct-14,7-Nov-14,ARV,Adult,"Lamivudine/Nevirapine/Zidovudine 150/200/300mg, tablets, 60 Tabs",Tablet - FDC,60.0,33922.0,275107.42,8.11,0.14,"Cipla, Goa, India",Yes,16611,11223.8,282.81,
84175,,FPQ-8464,,,Zimbabwe,,,,,,N/A - From RDC,,,,,,SCMS from RDC,,Nevirapine,Generic,200mg,,,,,,,,,,,,113-ZW-T30,SO-40871,DN-2692,PMO - US,From RDC,N/A - From RDC,Truck,10/4/2011,17-Jun-12,17-Jun-12,17-Jun-12,ARV,Adult,"Nevirapine 200mg, tablets, 60 Tabs",Tablet,60.0,69037.0,168450.28,2.44,0.04,Hetero Unit III Hyderabad IN,Yes,4353,5530.11,277.94,
61354,,,,,South Africa,,,,,,10/9/2014,,,,,,PHARMACY DIRECT,,Tenofovir Disoproxil Fumarate,Generic,300mg,,,,,,,,,,,,116-ZA-T30,SCMS-259078,ASN-33470,PMO - US,Direct Drop,DDP,Truck,9/11/2014,24-Jul-15,24-Jul-15,24-Jul-15,ARV,Adult,"Tenofovir Disoproxil Fumarate 300mg, tablets, 30 Tabs",Tablet,30.0,38.0,564.39,14.85,0.5,Mylan (formerly Matrix) Nashik,No,Weight Captured Separately,Freight Included in Commodity Cost,0.58,FPQ-14942
23024,,,,,South Africa,,,,,,3/23/2011,,,,,,HETERO LABS LIMITED,,Efavirenz,Generic,600mg,,,,,,,,,,,,161-ZA-T30,SCMS-103710,ASN-12153,PMO - US,Direct Drop,DDP,Ocean,3/10/2011,17-Oct-11,17-Oct-11,17-Oct-11,ARV,Adult,"Efavirenz 600mg, tablets, 30 Tabs",Tablet,30.0,92500.0,435675.0,4.71,0.16,Hetero Unit III Hyderabad IN,Yes,7778,20684.73,718.86,FPQ-7175
83288,,FPQ-14396,,,Uganda,,,,,,N/A - From RDC,,,,,,SCMS from RDC,,Abacavir/Lamivudine,Generic,60/30mg,,,,,,,,,,,,114-UG-T30,SO-48970,DN-4008,PMO - US,From RDC,N/A - From RDC,Truck,6/4/2014,28-Nov-14,3-Dec-14,4-Dec-14,ARV,Pediatric,"Abacavir/Lamivudine 60/30mg, tablets, 60 Tabs",Tablet - FDC,60.0,9308.0,38069.72,4.09,0.07,Mylan (formerly Matrix) Nashik,No,See DN-4008 (ID#:82753),See DN-4008 (ID#:82753),39.14,
12404,109-TZ-T01,Pre-PQ Process,SO-1075,DN-360,Tanzania,PMO - US,From RDC,N/A - From RDC,,Pre-PQ Process,N/A - From RDC,11-Oct-07,11-Oct-07,11-Oct-07,ARV,Pediatric,SCMS from RDC,"Efavirenz 200mg [Stocrin/Sustiva], capsule, 90 Caps",Efavirenz,Stocrin/Sustiva,200mg,Capsule,90.0,1987.0,64418.54,32.42,0.36,MSD South Granville Australia,Yes,238,2465,103.07,,,,,,,,,,,,,,,,,,,,,,,,,,
12488,,Pre-PQ Process,,,Mozambique,,,,,,N/A - From RDC,,,,,,SCMS from RDC,,Efavirenz,Generic,600mg,,,,,,,,,,,,111-MZ-T01,SO-2015,DN-665,PMO - US,From RDC,N/A - From RDC,Air,Pre-PQ Process,5-Jun-08,5-Jun-08,5-Jun-08,ARV,Adult,"Efavirenz 600mg, tablets, 30 Tabs",Tablet,30.0,33787.0,419634.54,12.42,0.41,"Aurobindo Unit III, India",Yes,6081,3316.9,671.42,
78090,,FPQ-6262,,,South Africa,,,,,,9/24/2010,,,,,,Aurobindo Pharma Limited,,Efavirenz,Generic,50mg,,,,,,,,,,,,161-ZA-T30,SCMS-83790,ASN-9182,PMO - US,Direct Drop,DDP,Ocean,8/31/2010,31-Dec-10,31-Dec-10,31-Dec-10,ARV,Pediatric,"Efavirenz 50mg, capsule, 30 Caps",Capsule,30.0,22920.0,54778.8,2.39,0.08,"Aurobindo Unit III, India",Yes,1291,4429.37,118.1,
54471,,,,,Nigeria,,,,,,8/29/2014,,,,,,EMCURE PHARMACEUTICALS LTD,,Atazanavir/Ritonavir,Generic,300/100mg,,,,,,,,,,,,151-NG-T30,SCMS-254170,ASN-32901,PMO - US,Direct Drop,EXW,Air,8/13/2014,5-Aug-15,5-Aug-15,10-Aug-15,ARV,Adult,"Atazanavir/Ritonavir 300/100mg, tablets, 30 Tabs",Tablet,30.0,11440.0,205920.0,18.0,0.6,"Emcure Plot No.P-2, I.T-B.T. Park, Phase II, MIDC, Hinjwadi, Pune, India",Yes,Weight Captured Separately,Invoiced Separately,211.69,FPQ-14780
69968,,,,,South Africa,,,,,,7/21/2009,,,,,,S. BUYS WHOLESALER,,Efavirenz,Generic,50mg,,,,,,,,,,,,116-ZA-T30,SCMS-49681,ASN-5497,PMO - US,Direct Drop,DDP,Truck,5/7/2009,30-Oct-09,30-Oct-09,30-Oct-09,ARV,Pediatric,"Efavirenz 50mg, capsule, 30 Caps",Capsule,30.0,90.0,369.49,4.11,0.14,"Aurobindo Unit III, India",Yes,Weight Captured Separately,Freight Included in Commodity Cost,0.72,FPQ-3560
54251,105-GY-T30,FPQ-10268,SCMS-154470,ASN-16561,Guyana,PMO - US,Direct Drop,EXW,Air,7/16/12,7/27/12,19-Oct-12,19-Oct-12,19-Oct-12,ARV,Adult,Aurobindo Pharma Limited,"Lopinavir/Ritonavir 200/50mg, tablets, 120 Tabs",Lopinavir/Ritonavir,Generic,200/50mg,Tablet,120.0,954.0,22896.0,24.0,0.2,"Aurobindo Unit III, India",Yes,243,2492.47,32.1,,,,,,,,,,,,,,,,,,,,,,,,,,
76827,,,,,Liberia,,,,,,7/20/2011,,,,,,"Trinity Biotech, Plc",,"HIV 1/2, Uni-Gold HIV Kit",Uni-Gold,,,,,,,,,,,,,900-LR-T30,SCMS-115340,ASN-11741,PMO - US,Direct Drop,EXW,Air,7/12/2011,2-Sep-11,2-Sep-11,2-Sep-11,HRDT,HIV test,"HIV 1/2, Uni-Gold HIV Kit, 20 Tests",Test kit,20.0,50.0,1600.0,32.0,1.6,"Trinity Biotech, Plc",Yes,17,515.11,2.64,FPQ-7996
85889,,,,,Rwanda,,,,,,N/A - From RDC,,,,,,SCMS from RDC,,Efavirenz,Generic,600mg,,,,,,,,,,,,107-RW-T30,SO-42740,DN-2796,PMO - US,From RDC,N/A - From RDC,Air,6/18/2012,30-Nov-12,14-Sep-12,14-Sep-12,ARV,Adult,"Efavirenz 600mg, tablets, 30 Tabs",Tablet,30.0,51240.0,200348.4,3.91,0.13,"Aurobindo Unit III, India",Yes,4331,8684.7,280.89,FPQ-10119
10692,,Pre-PQ Process,,,Haiti,,,,,,N/A - From RDC,,,,,,SCMS from RDC,,"HIV 1/2, Determine HIV Kit, without Lancets",Determine,,,,,,,,,,,,,125-HT-T01,SO-1291,DN-686,PMO - US,From RDC,N/A - From RDC,Air,Pre-PQ Process,3-Apr-08,3-Apr-08,3-Apr-08,HRDT,HIV test,"HIV 1/2, Determine HIV Kit, without Lancets, 100 Tests",Test kit,100.0,10.0,720.0,72.0,0.72,Inverness Japan,No,See DN-686 (ID#:10691),See DN-686 (ID#:10691),1.15,
11517,,Pre-PQ Process,,,Rwanda,,,,,,N/A - From RDC,,,,,,SCMS from RDC,,Lopinavir/Ritonavir,Aluvia,200/50mg,,,,,,,,,,,,107-RW-T01,SO-1534,DN-590,PMO - US,From RDC,N/A - From RDC,Air,Pre-PQ Process,29-Feb-08,29-Feb-08,29-Feb-08,ARV,Adult,"Lopinavir/Ritonavir 200/50mg [Aluvia], tablets, 120 Tabs",Tablet,120.0,600.0,24660.0,41.1,0.34,ABBVIE (Abbott) Logis. UK,Yes,859,5531.4,39.46,
48825,108-VN-T30,FPQ-15692,SCMS-281670,ASN-32017,Vietnam,PMO - US,Direct Drop,EXW,Air,1/28/15,3/19/15,13-Jul-15,13-Jul-15,14-Jul-15,ARV,Adult,HETERO LABS LIMITED,"Tenofovir Disoproxil Fumarate 300mg, tablets, 30 Tabs",Tenofovir Disoproxil Fumarate,Generic,300mg,Tablet,30.0,22700.0,71505.0,3.15,0.1,Hetero Unit III Hyderabad IN,Yes,Weight Captured Separately,Invoiced Separately,84.16,,,,,,,,,,,,,,,,,,,,,,,,,,
86601,,,,,Côte d'Ivoire,,,,,,N/A - From RDC,,,,,,SCMS from RDC,,Lamivudine/Tenofovir Disoproxil Fumarate,Generic,300/300mg,,,,,,,,,,,,104-CI-T30,SO-43361,DN-3312,PMO - US,From RDC,N/A - From RDC,Truck,9/11/2012,30-Sep-13,13-Sep-13,13-Sep-13,ARV,Adult,"Lamivudine/Tenofovir Disoproxil Fumarate 300/300mg, tablets, 30 Tabs",Tablet - FDC,30.0,4900.0,23030.0,4.7,0.16,"Aurobindo Unit VII, IN",Yes,487,3738.53,32.29,FPQ-10633
24488,116-ZA-T30,FPQ-14942,SCMS-259074,ASN-31069,South Africa,PMO - US,Direct Drop,DDP,Truck,9/11/14,3/9/15,9-Mar-15,9-Mar-15,9-Mar-15,ARV,Adult,PHARMACY DIRECT,"Darunavir 300mg [Prezista], tablets, 120 Tabs",Darunavir,Prezista,300mg,Tablet,120.0,47.0,2215.03,47.13,0.39,"Janssen-Cilag, Latina, IT",Yes,Weight Captured Separately,Freight Included in Commodity Cost,2.28,,,,,,,,,,,,,,,,,,,,,,,,,,
27462,,FPQ-12057,,,Guyana,,,,,,5/23/2013,,,,,,ABBVIE LOGISTICS (FORMERLY ABBOTT LOGISTICS BV),,Lopinavir/Ritonavir,Kaletra,80/20mg/ml,,,,,,,,,,,,105-GY-T30,SCMS-188860,ASN-21852,PMO - US,Direct Drop,FCA,Air,4/15/2013,29-Oct-13,29-Oct-13,29-Oct-13,ARV,Pediatric,"Lopinavir/Ritonavir 80/20mg/ml [Kaletra], oral solution, cool, Bottle 5 x 60 ml",Oral solution,300.0,12.0,729.84,60.82,0.2,ABBVIE (Abbott) Logis. UK,Yes,48,749.36,0.9,
1179,,Pre-PQ Process,,,Vietnam,,,,,,4/29/2009,,,,,,ABBVIE LOGISTICS (FORMERLY ABBOTT LOGISTICS BV),,Ritonavir,Norvir,100mg,,,,,,,,,,,,108-VN-T01,SCMS-44990,ASN-4302,PMO - US,Direct Drop,FCA,Air,Pre-PQ Process,17-Jul-09,17-Jul-09,17-Jul-09,ARV,Adult,"Ritonavir 100mg [Norvir], capsules, cool, 4 x 84 Caps",Capsule,336.0,8.0,613.76,76.72,0.23,ABBVIE (Abbott) France,Yes,48,3366.04,1.2,
39133,109-TZ-T30,FPQ-11919,SCMS-205480,ASN-22109,Tanzania,PMO - US,Direct Drop,EXW,Air,3/25/13,9/11/13,2-Dec-13,2-Dec-13,2-Dec-13,HRDT,HIV test,"Orgenics, Ltd","HIV 1/2, Determine Complete HIV Kit, 100 Tests","HIV 1/2, Determine Complete HIV Kit",Determine,,Test kit,100.0,3.0,240.0,80.0,0.8,"Alere Medical Co., Ltd.",Yes,2,925.04,0.3,,,,,,,,,,,,,,,,,,,,,,,,,,
83864,,FPQ-15294,,,Uganda,,,,,,N/A - From RDC,,,,,,SCMS from RDC,,Efavirenz/Lamivudine/Tenofovir Disoproxil Fumarate,Generic,600/300/300mg,,,,,,,,,,,,114-UG-T30,SO-50051,DN-4061,PMO - US,From RDC,N/A - From RDC,Truck,11/3/2014,15-Jun-15,16-Jan-15,26-Jan-15,ARV,Adult,"Efavirenz/Lamivudine/Tenofovir Disoproxil Fumarate 600/300/300mg, tablets, 30 Tabs",Tablet - FDC,30.0,350000.0,3416000.0,9.76,0.33,Mylan (formerly Matrix) Nashik,Yes,41041,40616.15,4020.63,
82739,,FPQ-13628,,,Côte d'Ivoire,,,,,,N/A - From RDC,,,,,,SCMS from RDC,,Tenofovir Disoproxil Fumarate,Generic,300mg,,,,,,,,,,,,104-CI-T30,SO-49880,DN-3966,PMO - US,From RDC,N/A - From RDC,Truck,1/29/2014,31-Oct-14,17-Oct-14,7-Nov-14,ARV,Adult,"Tenofovir Disoproxil Fumarate 300mg, tablets, 30 Tabs",Tablet,30.0,5905.0,21376.1,3.62,0.12,Hetero Unit III Hyderabad IN,Yes,599,2440.19,21.97,
54243,,FPQ-14728,,,Namibia,,,,,,8/19/2014,,,,,,MYLAN LABORATORIES LTD (FORMERLY MATRIX LABORATORIES),,Efavirenz/Emtricitabine/Tenofovir Disoproxil Fumarate,Generic,600/200/300mg,,,,,,,,,,,,901-NA-T30,SCMS-252620,ASN-27961,PMO - US,Direct Drop,EXW,Air,7/30/2014,29-Sep-14,29-Sep-14,30-Sep-14,ARV,Adult,"Efavirenz/Emtricitabine/Tenofovir Disoproxil Fumarate 600/200/300mg, tablets, 30 Tabs",Tablet - FDC,30.0,36000.0,378000.0,10.5,0.35,"Mylan,  H-12 & H-13, India",Yes,4171,20371.77,388.58,
5294,,Pre-PQ Process,,,Nigeria,,,,,,Date Not Captured,,,,,,"Trinity Biotech, Plc",,"HIV 1/2, Uni-Gold HIV Kit",Uni-Gold,,,,,,,,,,,,,102-NG-T01,SCMS-228,ASN-141,PMO - US,Direct Drop,EXW,Air,Pre-PQ Process,18-Jan-07,18-Jan-07,18-Jan-07,HRDT,HIV test,"HIV 1/2, Uni-Gold HIV Kit, 20 Tests",Test kit,20.0,40.0,1600.0,40.0,2.0,"Trinity Biotech, Plc",Yes,14,713.58,,
86496,151-NG-T30,FPQ-8952,SO-42800,DN-2765,Nigeria,PMO - US,From RDC,N/A - From RDC,Air Charter,12/8/11,N/A - From RDC,30-Jul-12,24-Jul-12,24-Jul-12,ARV,Adult,SCMS from RDC,"Efavirenz/Lamivudine/Tenofovir Disoproxil Fumarate 600/300/300mg, tablets, 30 Tabs",Efavirenz/Lamivudine/Tenofovir Disoproxil Fumarate,Generic,600/300/300mg,Tablet - FDC,30.0,7000.0,92890.0,13.27,0.44,Mylan (formerly Matrix) Nashik,Yes,858,16532.5,130.23,,,,,,,,,,,,,,,,,,,,,,,,,,
65699,,,,,Côte d'Ivoire,,,,,,11/18/2011,,,,,,ABBVIE LOGISTICS (FORMERLY ABBOTT LOGISTICS BV),,Lopinavir/Ritonavir,Aluvia,200/50mg,,,,,,,,,,,,104-CI-T30,SCMS-124780,ASN-13202,PMO - US,Direct Drop,FCA,Air,8/29/2011,22-Dec-11,22-Dec-11,22-Dec-11,ARV,Adult,"Lopinavir/Ritonavir 200/50mg [Aluvia], tablets, 120 Tabs",Tablet,120.0,28000.0,862960.0,30.82,0.26,ABBVIE Ludwigshafen Germany,Yes,7025,46002.44,1423.88,FPQ-8302
48665,,FPQ-15186,,,Burundi,,,,,,11/12/2014,,,,,,"CHEMBIO DIAGNOSTIC SYSTEMS, INC.",,"HIV 1/2, Stat-Pak Dipstick Assay Kit",Stat-Pak,,,,,,,,,,,,,102-BI-T30,SCMS-260810,ASN-31408,PMO - US,Direct Drop,EXW,Air,10/17/2014,21-Apr-15,21-Apr-15,21-Apr-15,HRDT,HIV test,"HIV 1/2, Stat-Pak Dipstick Assay Kit, 30 Tests",Test kit,30.0,517.0,14269.2,27.6,0.92,Chembio Diagnostics Sys. Inc.,Yes,56,812.84,16.79,
34267,,,,,Uganda,,,,,,3/19/2014,,,,,,"Orgenics, Ltd",,"HIV 1/2, Determine Complete HIV Kit",Determine,,,,,,,,,,,,,114-UG-T30,SCMS-231330,ASN-25469,PMO - US,Direct Drop,EXW,Air,2/27/2014,22-Apr-14,22-Apr-14,24-Apr-14,HRDT,HIV test,"HIV 1/2, Determine Complete HIV Kit, 100 Tests",Test kit,100.0,5486.0,438880.0,80.0,0.8,"Alere Medical Co., Ltd.",Yes,2224,21346.47,451.17,FPQ-13816
61090,104-CI-T30,FPQ-4932,SCMS-63750,ASN-6169,Côte d'Ivoire,PMO - US,Direct Drop,FCA,Air,12/8/09,1/25/10,5-Mar-10,5-Mar-10,5-Mar-10,ARV,Adult,ABBVIE LOGISTICS (FORMERLY ABBOTT LOGISTICS BV),"Lopinavir/Ritonavir 200/50mg [Aluvia], tablets, 120 Tabs",Lopinavir/Ritonavir,Aluvia,200/50mg,Tablet,120.0,3240.0,117158.4,36.16,0.3,ABBVIE Ludwigshafen Germany,Yes,800,5322.35,252.59,,,,,,,,,,,,,,,,,,,,,,,,,,
84475,,,,,"Congo, DRC",,,,,,N/A - From RDC,,,,,,SCMS from RDC,,Lamivudine/Nevirapine/Zidovudine,Generic,150/300/200mg,,,,,,,,,,,,101-CD-T30,SO-51260,DN-4283,PMO - US,From RDC,N/A - From RDC,Air,3/31/2015,8-Jul-15,7-Aug-15,27-Aug-15,ARV,Adult,"Lamivudine/Nevirapine/Zidovudine 150/200/300mg, tablets, 60 Tabs",Tablet - FDC,60.0,14329.0,110619.88,7.72,0.13,Hetero Unit III Hyderabad IN,No,See DN-4283 (ID#:83912),See DN-4283 (ID#:83912),130.2,FPQ-16158
86356,,,,,Dominican Republic,,,,,,N/A - From RDC,,,,,,SCMS from RDC,,Lamivudine,Generic,150mg,,,,,,,,,,,,200-DO-T30,SO-38020,DN-2065,PMO - US,From RDC,N/A - From RDC,Air,10/25/2010,31-Jan-11,8-Dec-10,8-Dec-10,ARV,Adult,"Lamivudine 150mg, tablets, 60 Tabs",Tablet,60.0,439.0,1022.87,2.33,0.04,"Strides, Bangalore, India.",No,See DN-2065 (ID#:82360),See DN-2065 (ID#:82360),1.69,FPQ-6616
6451,,,,,Zambia,,,,,,4/2/2009,,,,,,"Trinity Biotech, Plc",,"HIV 1/2, Uni-Gold HIV Kit",Uni-Gold,,,,,,,,,,,,,110-ZM-T01,SCMS-42620,ASN-4357,PMO - US,Direct Drop,EXW,Air,Pre-PQ Process,10-Jul-09,10-Jul-09,10-Jul-09,HRDT,HIV test,"HIV 1/2, Uni-Gold HIV Kit, 20 Tests",Test kit,20.0,7000.0,224000.0,32.0,1.6,"Trinity Biotech, Plc",Yes,2379,21686.21,439.04,Pre-PQ Process
83347,,,,,Uganda,,,,,,N/A - From RDC,,,,,,SCMS from RDC,,Lamivudine/Nevirapine/Zidovudine,Generic,150/300/200mg,,,,,,,,,,,,114-UG-T30,SO-50660,DN-4310,PMO - US,From RDC,N/A - From RDC,Truck,12/22/2014,31-Jul-15,23-Jul-15,23-Jul-15,ARV,Adult,"Lamivudine/Nevirapine/Zidovudine 150/200/300mg, tablets, 60 Tabs",Tablet - FDC,60.0,88392.0,716859.12,8.11,0.14,"Cipla, Goa, India",No,See DN-4310 (ID#:82811),See DN-4310 (ID#:82811),843.74,FPQ-15639
85980,,FPQ-11253,,,Côte d'Ivoire,,,,,,N/A - From RDC,,,,,,SCMS from RDC,,Lopinavir/Ritonavir,Generic,200/50mg,,,,,,,,,,,,104-CI-T30,SO-44230,DN-3215,PMO - US,From RDC,N/A - From RDC,Truck,12/14/2012,31-Jul-13,6-Aug-13,6-Aug-13,ARV,Adult,"Lopinavir/Ritonavir 200/50mg, tablets, 120 Tabs",Tablet,120.0,16000.0,336000.0,21.0,0.18,"Aurobindo Unit III, India",Yes,3893,17548.41,415.63,
83687,,,,,Nigeria,,,,,,N/A - From RDC,,,,,,SCMS from RDC,,Efavirenz,Generic,600mg,,,,,,,,,,,,151-NG-T30,SO-43852,DN-3173,PMO - US,From RDC,N/A - From RDC,Air Charter,11/15/2012,4-Jun-13,10-May-13,10-May-13,ARV,Adult,"Efavirenz 600mg, tablets, 30 Tabs",Tablet,30.0,36390.0,121178.7,3.33,0.11,"Aurobindo Unit III, India",Yes,17455,20666.07,149.9,FPQ-11022
4193,,,,,Rwanda,,,,,,11/21/2007,,,,,,CIPLA LIMITED,,Lamivudine/Nevirapine/Stavudine,Generic,150/200/30mg,,,,,,,,,,,,107-RW-T01,SCMS-14221,ASN-1595,PMO - US,Direct Drop,CIP,Air,Pre-PQ Process,28-Apr-08,22-Apr-08,22-Apr-08,ARV,Adult,"Lamivudine/Nevirapine/Stavudine 150/200/30mg, tablets, 60 Tabs",Tablet - FDC,60.0,38784.0,271488.0,7.0,0.12,"Cipla, Goa, India",Yes,4124,10500,434.38,Pre-PQ Process
85958,,FPQ-11882,,,Mozambique,,,,,,N/A - From RDC,,,,,,SCMS from RDC,,Zidovudine,Generic,300mg,,,,,,,,,,,,111-MZ-T30,SO-44830,DN-3110,PMO - US,From RDC,N/A - From RDC,Truck,3/19/2013,6-Jun-13,20-Jun-13,20-Jun-13,ARV,Adult,"Zidovudine 300mg, tablets, 60 Tabs",Tablet,60.0,2151.0,14067.54,6.54,0.11,"Aurobindo Unit III, India",No,See DN-3110 (ID#:84809),See DN-3110 (ID#:84809),17.4,
82655,,FPQ-12800,,,Côte d'Ivoire,,,,,,N/A - From RDC,,,,,,SCMS from RDC,,Lamivudine/Nevirapine/Zidovudine,Generic,150/300/200mg,,,,,,,,,,,,104-CI-T30,SO-46400,DN-3568,PMO - US,From RDC,N/A - From RDC,Truck,8/9/2013,28-Mar-14,11-Apr-14,28-Apr-14,ARV,Adult,"Lamivudine/Nevirapine/Zidovudine 150/200/300mg, tablets, 60 Tabs",Tablet - FDC,60.0,40035.0,330689.1,8.26,0.14,Mylan (formerly Matrix) Nashik,Yes,16851,23776.41,409.06,
82516,104-CI-T30,FPQ-9136,SO-41370,DN-2877,Côte d'Ivoire,PMO - US,From RDC,N/A - From RDC,Truck,1/2/12,N/A - From RDC,15-Oct-12,5-Oct-12,5-Oct-12,ARV,Adult,SCMS from RDC,"Lopinavir/Ritonavir 200/50mg, tablets, 120 Tabs",Lopinavir/Ritonavir,Generic,200/50mg,Tablet,120.0,24097.0,643389.9,26.7,0.22,Mylan (formerly Matrix) Nashik,Yes,6375,18661.97,902.03,,,,,,,,,,,,,,,,,,,,,,,,,,
83976,,FPQ-4378,,,Côte d'Ivoire,,,,,,N/A - From RDC,,,,,,SCMS from RDC,,Nevirapine,Generic,200mg,,,,,,,,,,,,104-CI-T30,SO-35800,DN-1642,PMO - US,From RDC,N/A - From RDC,Air,10/15/2009,6-Apr-10,15-Feb-10,15-Feb-10,ARV,Adult,"Nevirapine 200mg, tablets, 60 Tabs",Tablet,60.0,4319.0,11790.87,2.73,0.05,"Aurobindo Unit III, India",Yes,409,1083.3,23.11,
58508,108-VN-T30,FPQ-8428,SCMS-123530,ASN-14319,Vietnam,PMO - US,Direct Drop,EXW,Air,9/21/11,10/3/11,24-Apr-12,24-Apr-12,24-Apr-12,ARV,Adult,MYLAN LABORATORIES LTD (FORMERLY MATRIX LABORATORIES),"Tenofovir Disoproxil Fumarate 300mg, tablets, 30 Tabs",Tenofovir Disoproxil Fumarate,Generic,300mg,Tablet,30.0,16354.0,89947.0,5.5,0.18,Mylan (formerly Matrix) Nashik,No,See ASN-14319 (ID#:19512),See ASN-14319 (ID#:19512),148.41,,,,,,,,,,,,,,,,,,,,,,,,,,
86111,,FPQ-13142,,,Côte d'Ivoire,,,,,,N/A - From RDC,,,,,,SCMS from RDC,,Abacavir/Lamivudine,Generic,60/30mg,,,,,,,,,,,,104-CI-T30,SO-47120,DN-3789,PMO - US,From RDC,N/A - From RDC,Truck,10/22/2013,30-Jun-14,9-Jul-14,7-Aug-14,ARV,Pediatric,"Abacavir/Lamivudine 60/30mg, tablets, 60 Tabs",Tablet - FDC,60.0,10000.0,40900.0,4.09,0.07,Mylan (formerly Matrix) Nashik,Yes,365,2436.32,42.05,
50665,104-CI-T30,FPQ-3967,SCMS-52640,ASN-5258,Côte d'Ivoire,PMO - US,Direct Drop,FCA,Air,8/21/09,9/11/09,6-Nov-09,6-Nov-09,6-Nov-09,ARV,Adult,ABBVIE LOGISTICS (FORMERLY ABBOTT LOGISTICS BV),"Lopinavir/Ritonavir 200/50mg [Aluvia], tablets, 120 Tabs",Lopinavir/Ritonavir,Aluvia,200/50mg,Tablet,120.0,10560.0,381849.6,36.16,0.3,ABBVIE Ludwigshafen Germany,Yes,2598,15873.33,748.43,,,,,,,,,,,,,,,,,,,,,,,,,,
85502,,,,,Nigeria,,,,,,N/A - From RDC,,,,,,SCMS from RDC,,Lamivudine/Tenofovir Disoproxil Fumarate,Generic,300/300mg,,,,,,,,,,,,151-NG-T30,SO-48901,DN-3807,PMO - US,From RDC,N/A - From RDC,Air Charter,4/25/2014,31-Oct-14,20-Jun-14,25-Jun-14,ARV,Adult,"Lamivudine/Tenofovir Disoproxil Fumarate 300/300mg, tablets, 30 Tabs",Tablet - FDC,30.0,7354.0,34122.56,4.64,0.15,Hetero Unit III Hyderabad IN,No,See DN-3807 (ID#:82698),See DN-3807 (ID#:82698),35.08,FPQ-14156
11947,,Pre-PQ Process,,,Nigeria,,,,,,N/A - From RDC,,,,,,SCMS from RDC,,Efavirenz,Generic,200mg,,,,,,,,,,,,123-NG-T01,SO-2554,DN-960,PMO - US,From RDC,N/A - From RDC,Air,Pre-PQ Process,30-Oct-08,30-Oct-08,30-Oct-08,ARV,Pediatric,"Efavirenz 200mg, capsule, 90 Caps",Capsule,90.0,1132.0,18112.0,16.0,0.18,"Aurobindo Unit III, India",No,See DN-960 (ID#:11945),See DN-960 (ID#:11945),35.5,
11751,,,,,Mozambique,,,,,,N/A - From RDC,,,,,,SCMS from RDC,,Abacavir,Generic,20mg/ml,,,,,,,,,,,,111-MZ-T01,SO-499,DN-258,PMO - US,From RDC,N/A - From RDC,Air,Pre-PQ Process,15-Aug-07,15-Aug-07,15-Aug-07,ARV,Pediatric,"Abacavir 20mg/ml, oral solution, Bottle, 240 ml",Oral solution,240.0,1306.0,28079.0,21.5,0.09,"Aurobindo Unit III, India",No,See DN-258 (ID#:11425),See DN-258 (ID#:11425),44.93,Pre-PQ Process
84545,,FPQ-5014,,,Uganda,,,,,,N/A - From RDC,,,,,,SCMS from RDC,,Efavirenz,Generic,600mg,,,,,,,,,,,,114-UG-T30,SO-35890,DN-1757,PMO - US,From RDC,N/A - From RDC,Truck,1/29/2010,7-Apr-10,25-Mar-10,25-Mar-10,ARV,Adult,"Efavirenz 600mg, tablets, 30 Tabs",Tablet,30.0,4500.0,24075.0,5.35,0.18,Mylan (formerly Matrix) Nashik,Yes,350,1854,51.91,
82661,101-CD-T30,FPQ-13554,SO-47640,DN-3603,"Congo, DRC",PMO - US,From RDC,N/A - From RDC,Air,1/15/14,N/A - From RDC,26-Mar-14,13-May-14,16-May-14,ARV,Adult,SCMS from RDC,"Nevirapine 200mg, tablets, 60 Tabs",Nevirapine,Generic,200mg,Tablet,60.0,2167.0,4897.42,2.26,0.04,"Aurobindo Unit III, India",Yes,211,3531.86,5.03,,,,,,,,,,,,,,,,,,,,,,,,,,
10756,111-MZ-T01,Pre-PQ Process,SO-27880,DN-1174,Mozambique,PMO - US,From RDC,N/A - From RDC,Air,Pre-PQ Process,N/A - From RDC,14-May-09,14-May-09,14-May-09,ARV,Adult,SCMS from RDC,"Lamivudine 150mg, tablets, 60 Tabs",Lamivudine,Generic,150mg,Tablet,60.0,486.0,1409.4,2.9,0.05,Hetero Unit III Hyderabad IN,Yes,23,968.55,2.76,,,,,,,,,,,,,,,,,,,,,,,,,,
74357,,,,,Kenya,,,,,,6/14/2012,,,,,,"Orgenics, Ltd",,"HIV 1/2, Determine Complete HIV Kit",Determine,,,,,,,,,,,,,103-KE-T30,SCMS-149610,ASN-15668,PMO - US,Direct Drop,EXW,Air,6/5/2012,9-Jul-12,28-Jul-12,28-Jul-12,HRDT,HIV test,"HIV 1/2, Determine Complete HIV Kit, 100 Tests",Test kit,100.0,6618.0,589002.0,89.0,0.89,"Alere Medical Co., Ltd.",Yes,1139,11827.07,825.78,FPQ-10018
84736,,,,,Zambia,,,,,,N/A - From RDC,,,,,,SCMS from RDC,,Nevirapine,Generic,200mg,,,,,,,,,,,,110-ZM-T30,SO-41282,DN-2748,PMO - US,From RDC,N/A - From RDC,Truck,12/22/2011,31-Jul-12,30-Jul-12,30-Jul-12,ARV,Adult,"Nevirapine 200mg, tablets, 60 Tabs",Tablet,60.0,16947.0,41011.74,2.42,0.04,Mylan (formerly Matrix) Nashik,Yes,1956,8709,57.5,FPQ-9081
53822,102-GY-T30,FPQ-5496,SCMS-71610,ASN-8225,Guyana,PMO - US,Direct Drop,EXW,Air,4/15/10,6/21/10,6-Oct-10,6-Oct-10,6-Oct-10,HRDT,HIV test,"Trinity Biotech, Plc","HIV 1/2, Uni-Gold HIV Kit, 20 Tests","HIV 1/2, Uni-Gold HIV Kit",Uni-Gold,,Test kit,20.0,1686.0,53952.0,32.0,1.6,"Trinity Biotech, Plc",Yes,564,5806.53,116.32,,,,,,,,,,,,,,,,,,,,,,,,,,
5894,,,,,Vietnam,,,,,,7/1/2008,,,,,,Aurobindo Pharma Limited,,Lamivudine,Generic,150mg,,,,,,,,,,,,108-VN-T01,SCMS-26170,ASN-2339,PMO - US,Direct Drop,EXW,Air,Pre-PQ Process,3-Sep-08,3-Sep-08,3-Sep-08,ARV,Adult,"Lamivudine 150mg, tablets, 60 Tabs",Tablet,60.0,15960.0,38304.0,2.4,0.04,"Aurobindo Unit III, India",Yes,755,6609.02,61.29,Pre-PQ Process
84038,109-TZ-T30,FPQ-6226,SO-37300,DN-2008,Tanzania,PMO - US,From RDC,N/A - From RDC,Air,8/16/10,N/A - From RDC,30-Sep-10,10-Sep-10,10-Sep-10,ARV,Adult,SCMS from RDC,"Efavirenz 600mg, tablets, 30 Tabs",Efavirenz,Generic,600mg,Tablet,30.0,15331.0,68222.95,4.45,0.15,"Strides, Bangalore, India.",Yes,4729,18390.42,147.09,,,,,,,,,,,,,,,,,,,,,,,,,,
24060,,,,,Rwanda,,,,,,8/18/2009,,,,,,HETERO LABS LIMITED,,Lamivudine,Generic,150mg,,,,,,,,,,,,107-RW-T30,SCMS-50800,ASN-5455,PMO - US,Direct Drop,CIP,Air,7/28/2009,23-Nov-09,23-Nov-09,23-Nov-09,ARV,Adult,"Lamivudine 150mg, tablets, 60 Tabs",Tablet,60.0,10620.0,27505.8,2.59,0.04,Hetero Unit III Hyderabad IN,Yes,593,730.81,53.91,FPQ-4047
33296,,,,,Uganda,,,,,,1/21/2011,,,,,,ASPEN PHARMACARE,,Darunavir,Prezista,300mg,,,,,,,,,,,,114-UG-T30,SCMS-96910,ASN-10338,PMO - US,Direct Drop,DDP,Air,1/6/2011,29-Mar-11,29-Mar-11,29-Mar-11,ARV,Adult,"Darunavir 300mg [Prezista], tablets, 120 Tabs",Tablet,120.0,95.0,8780.85,92.43,0.77,"Aspen-OSD, Port Elizabeth, SA",Yes,14,171,14.49,FPQ-6918
27067,,,,,Nigeria,,,,,,7/10/2013,,,,,,"CHEMBIO DIAGNOSTIC SYSTEMS, INC.",,"HIV 1/2, Stat-Pak HIV, Kit",Stat-Pak,,,,,,,,,,,,,133-NG-T30,SCMS-196570,ASN-21226,PMO - US,Direct Drop,EXW,Air,6/10/2013,27-Aug-13,27-Aug-13,27-Aug-13,HRDT,HIV test,"HIV 1/2, Stat-Pak HIV, Kit, 20 Tests",Test kit,20.0,202.0,6464.0,32.0,1.6,Chembio Diagnostics Sys. Inc.,Yes,60,624.92,8.0,FPQ-12458
36209,,,,,South Africa,,,,,,8/27/2014,,,,,,S. BUYS WHOLESALER,,Didanosine,Generic,400mg,,,,,,,,,,,,116-ZA-T30,SCMS-199283,ASN-27978,PMO - US,Direct Drop,DDP,Truck,7/11/2013,27-Aug-14,27-Aug-14,27-Aug-14,ARV,Adult,"Didanosine 400mg, delayed-release capsules, 30 Caps",Delayed-release capsules,30.0,16.0,349.87,21.87,0.73,"Aurobindo Unit III, India",No,Weight Captured Separately,Freight Included in Commodity Cost,0.43,FPQ-12522
11725,,,,,Zambia,,,,,,N/A - From RDC,,,,,,SCMS from RDC,,Efavirenz,Generic,200mg,,,,,,,,,,,,110-ZM-T01,SO-615,DN-201,PMO - US,From RDC,N/A - From RDC,Air,Pre-PQ Process,26-Jun-07,26-Jun-07,26-Jun-07,ARV,Pediatric,"Efavirenz 200mg, capsule, 90 Caps",Capsule,90.0,3436.0,58240.2,16.95,0.19,"Aurobindo Unit III, India",Yes,395,1848.37,93.18,Pre-PQ Process
10861,,Pre-PQ Process,,,Mozambique,,,,,,N/A - From RDC,,,,,,SCMS from RDC,,Ritonavir,Norvir,100mg,,,,,,,,,,,,111-MZ-T01,SO-298,DN-304,PMO - US,From RDC,N/A - From RDC,Air,Pre-PQ Process,21-Sep-07,21-Sep-07,21-Sep-07,ARV,Adult,"Ritonavir 100mg [Norvir], capsules, cool, 4 x 84 Caps",Capsule,336.0,143.0,5485.48,38.36,0.11,ABBVIE (Abbott) Logis. UK,No,See DN-304 (ID#:10589),See DN-304 (ID#:10589),8.78,
86490,110-ZM-T30,FPQ-9472,SO-41702,DN-2749,Zambia,PMO - US,From RDC,N/A - From RDC,Truck,3/8/12,N/A - From RDC,23-Aug-12,30-Jul-12,30-Jul-12,ARV,Adult,SCMS from RDC,"Emtricitabine/Tenofovir Disoproxil Fumarate 200/300mg, tablets, 30 Tabs",Emtricitabine/Tenofovir Disoproxil Fumarate,Generic,200/300mg,Tablet - FDC,30.0,125000.0,888750.0,7.11,0.24,"Aurobindo Unit III, India",No,See DN-2749 (ID#:84182),See DN-2749 (ID#:84182),1246.03,,,,,,,,,,,,,,,,,,,,,,,,,,
84149,,,,,Tanzania,,,,,,N/A - From RDC,,,,,,SCMS from RDC,,Nevirapine,Generic,10mg/ml,,,,,,,,,,,,109-TZ-T30,SO-40531,DN-2572,PMO - US,From RDC,N/A - From RDC,Truck,8/22/2011,11-Apr-12,11-Apr-12,11-Apr-12,ARV,Pediatric,"Nevirapine 10mg/ml, oral suspension w/syringe, Bottle, 240 ml",Oral suspension,240.0,19026.0,37100.7,1.95,0.01,"Aurobindo Unit III, India",Yes,7096,3279.29,61.22,FPQ-8303
10687,102-KE-T01,Pre-PQ Process,SO-1389,DN-646,Kenya,PMO - US,From RDC,N/A - From RDC,Truck,Pre-PQ Process,N/A - From RDC,27-Feb-08,27-Feb-08,27-Feb-08,HRDT,HIV test,SCMS from RDC,"HIV 1/2, Bioline 3.0 Kit, Lancets, Capillary pipets, Alcohol swabs included, 25 Tests","HIV 1/2, Bioline 3.0 Kit, Lancets, Capillary pipets, Alcohol swabs included",Bioline,,Test kit,25.0,270.0,5400.0,20.0,0.8,"Standard Diagnostics, Korea",Yes,97,98.08,8.64,,,,,,,,,,,,,,,,,,,,,,,,,,
84617,104-CI-T30,FPQ-6495,SO-37710,DN-2098,Côte d'Ivoire,PMO - US,From RDC,N/A - From RDC,Truck,10/4/10,N/A - From RDC,31-Jan-11,22-Feb-11,22-Feb-11,ARV,Adult,SCMS from RDC,"Emtricitabine/Tenofovir Disoproxil Fumarate 200/300mg, tablets, 30 Tabs",Emtricitabine/Tenofovir Disoproxil Fumarate,Generic,200/300mg,Tablet - FDC,30.0,9920.0,108326.4,10.92,0.36,Mylan (formerly Matrix) Nashik,No,See DN-2098 (ID#:83482),See DN-2098 (ID#:83482),233.55,,,,,,,,,,,,,,,,,,,,,,,,,,
9916,123-NG-T01,Pre-PQ Process,SCMS-28390,ASN-2367,Nigeria,PMO - US,Direct Drop,EXW,Air,Pre-PQ Process,8/15/08,23-Oct-08,23-Oct-08,23-Oct-08,ACT,ACT,IDA FOUNDATION,"Artemether/Lumefantrine 20/120mg [Coartem], scored tablets, Blister 30 x 18 Tabs",Artemether/Lumefantrine,Coartem,20/120mg,Tablet - FDC + blister,540.0,25.0,875.0,35.0,0.06,"Novartis Pharma AG, Switzerland",Yes,86,1528.06,1.4,,,,,,,,,,,,,,,,,,,,,,,,,,
85908,109-TZ-T30,FPQ-9303,SO-41550,DN-2888,Tanzania,PMO - US,From RDC,N/A - From RDC,Truck,2/15/12,N/A - From RDC,30-Nov-12,6-Nov-12,6-Nov-12,ARV,Pediatric,SCMS from RDC,"Lamivudine/Nevirapine/Stavudine 30/50/6mg, dispersible tablets, 60 Tabs",Lamivudine/Nevirapine/Stavudine,Generic,30/50/6mg,Chewable/dispersible tablet - FDC,60.0,17600.0,40480.0,2.3,0.04,"Cipla, Goa, India",Yes,3526,8977,56.75,,,,,,,,,,,,,,,,,,,,,,,,,,
65748,108-VN-T30,FPQ-13034,SCMS-210150,ASN-24398,Vietnam,PMO - US,Direct Drop,EXW,Air,10/4/13,10/10/13,23-Apr-14,23-Apr-14,23-Apr-14,ARV,Adult,HETERO LABS LIMITED,"Efavirenz 600mg, tablets, 30 Tabs",Efavirenz,Generic,600mg,Tablet,30.0,12984.0,42068.16,3.24,0.11,Hetero Unit III Hyderabad IN,No,See ASN-24398 (ID#:18664),See ASN-24398 (ID#:18664),52.04,,,,,,,,,,,,,,,,,,,,,,,,,,
84398,111-MZ-T30,FPQ-13123,SO-47080,DN-3828,Mozambique,PMO - US,From RDC,N/A - From RDC,Truck,10/21/13,N/A - From RDC,29-Aug-14,5-Nov-14,7-Nov-14,ARV,Adult,SCMS from RDC,"Lamivudine/Stavudine 150/30mg, tablets, 60 Tabs",Lamivudine/Stavudine,Generic,150/30mg,Tablet - FDC,60.0,5232.0,13027.68,2.49,0.04,"Strides, Bangalore, India.",No,See DN-3828 (ID#:82713),See DN-3828 (ID#:82713),13.39,,,,,,,,,,,,,,,,,,,,,,,,,,
61364,103-ZW-T30,FPQ-9905,SCMS-148270,ASN-16267,Zimbabwe,PMO - US,Direct Drop,EXW,Ocean,5/29/12,7/17/12,24-Oct-12,24-Oct-12,24-Oct-12,ARV,Pediatric,Aurobindo Pharma Limited,"Lopinavir/Ritonavir 100/25mg, tablets, 60 Tabs",Lopinavir/Ritonavir,Generic,100/25mg,Tablet,60.0,42500.0,341700.0,8.04,0.13,"Aurobindo Unit III, India",Yes,3868,16210.31,479.06,,,,,,,,,,,,,,,,,,,,,,,,,,
78116,,FPQ-5094,,,Vietnam,,,,,,3/24/2010,,,,,,STRIDES ARCOLAB LIMITED,,Lamivudine/Nevirapine/Zidovudine,Generic,150/300/200mg,,,,,,,,,,,,108-VN-T30,SCMS-68490,ASN-7260,PMO - US,Direct Drop,EXW,Air,3/15/2010,1-Jul-10,1-Jul-10,1-Jul-10,ARV,Adult,"Lamivudine/Nevirapine/Zidovudine 150/200/300mg, tablets, 60 Tabs",Tablet - FDC,60.0,24349.0,267839.0,11.0,0.18,"Strides, Bangalore, India.",Yes,2799,11838.56,577.46,
13004,,,,,Mozambique,,,,,,11/7/2014,,,,,,ABBVIE LOGISTICS (FORMERLY ABBOTT LOGISTICS BV),,Ritonavir,Norvir,100mg,,,,,,,,,,,,111-MZ-T30,SCMS-263040,ASN-31553,PMO - US,Direct Drop,FCA,Air,10/28/2014,15-Apr-15,15-Apr-15,15-Apr-15,ARV,Adult,"Ritonavir 100mg [Norvir], film coated tablets, 60 Tabs",Tablet,60.0,400.0,2740.0,6.85,0.11,ABBVIE Ludwigshafen Germany,Yes,62,642.99,3.22,FPQ-15276
85711,151-NG-T30,FPQ-5688,SO-37500,DN-2025,Nigeria,PMO - US,From RDC,N/A - From RDC,Air,5/27/10,N/A - From RDC,22-Oct-10,10-Nov-10,10-Nov-10,ARV,Adult,SCMS from RDC,"Efavirenz/Emtricitabine/Tenofovir Disoproxil Fumarate 600/200/300mg, tablets, 30 Tabs",Efavirenz/Emtricitabine/Tenofovir Disoproxil Fumarate,Generic,600/200/300mg,Tablet - FDC,30.0,33162.0,660587.04,19.92,0.66,Mylan (formerly Matrix) Nashik,No,See DN-2025 (ID#:83460),See DN-2025 (ID#:83460),1424.23,,,,,,,,,,,,,,,,,,,,,,,,,,
3771,,,,,South Africa,,,,,,3/27/2009,,,,,,S. BUYS WHOLESALER,,Zidovudine,Retrovir,100mg,,,,,,,,,,,,116-ZA-T01,SCMS-41585,ASN-4386,PMO - US,Direct Drop,DDP,Air,Pre-PQ Process,25-Jun-09,21-Apr-09,21-Apr-09,ARV,Pediatric,"Zidovudine 100mg [Retrovir], capsules, 100 Caps",Capsule,100.0,800.0,9888.0,12.36,0.12,GSK Crawley,Yes,Weight Captured Separately,Freight Included in Commodity Cost,19.38,Pre-PQ Process
82880,,,,,Nigeria,,,,,,N/A - From RDC,,,,,,SCMS from RDC,,Lamivudine/Zidovudine+Efavirenz,Generic,150/300mg+600mg,,,,,,,,,,,,151-NG-T30,SO-35110,DN-1777,PMO - US,From RDC,N/A - From RDC,Air Charter,11/6/2009,31-Mar-10,18-May-10,18-May-10,ARV,Adult,"Lamivudine/Zidovudine+Efavirenz 150/300mg+600mg, tablets, co-blister 60+30 Tabs",Tablet - FDC + co-blister,90.0,854.0,23485.0,27.5,0.31,"Aurobindo Unit III, India",Yes,142,9736.1,50.63,FPQ-4537
85388,,FPQ-12065,,,Burundi,,,,,,N/A - From RDC,,,,,,SCMS from RDC,,Lamivudine,Generic,10mg/ml,,,,,,,,,,,,102-BI-T30,SO-45180,DN-3234,PMO - US,From RDC,N/A - From RDC,Air,4/22/2013,9-Jul-13,23-Aug-13,23-Aug-13,ARV,Pediatric,"Lamivudine 10mg/ml, oral solution w/syringe, Bottle, 240 ml",Oral solution,240.0,927.0,1714.95,1.85,0.01,"Aurobindo Unit III, India",Yes,891,4674.58,2.12,
12795,,,,,Haiti,,,,,,N/A - From RDC,,,,,,SCMS from RDC,,"HIV 1/2, Determine HIV Kit, without Lancets",Determine,,,,,,,,,,,,,125-HT-T01,SO-1291,DN-686,PMO - US,From RDC,N/A - From RDC,Air,Pre-PQ Process,3-Apr-08,3-Apr-08,3-Apr-08,HRDT,HIV test,"HIV 1/2, Determine HIV Kit, without Lancets, 100 Tests",Test kit,100.0,15.0,1080.0,72.0,0.72,Inverness Japan,No,See DN-686 (ID#:10691),See DN-686 (ID#:10691),1.73,Pre-PQ Process
72467,,,,,Burkina Faso,,,,,,4/24/2015,,,,,,ABBVIE LOGISTICS (FORMERLY ABBOTT LOGISTICS BV),,Ritonavir,Norvir,100mg,,,,,,,,,,,,A01-BF-T50,SCMS-285170,ASN-33458,PMO - US,Direct Drop,FCA,Air,2/19/2015,4-Aug-15,4-Aug-15,4-Aug-15,ARV,Adult,"Ritonavir 100mg [Norvir], film coated tablets, 60 Tabs",Tablet,60.0,25.0,171.25,6.85,0.11,ABBVIE Ludwigshafen Germany,Yes,Weight Captured Separately,Invoiced Separately,0.2,FPQ-15908
10735,111-MZ-T01,Pre-PQ Process,SO-15083,DN-1055,Mozambique,PMO - US,From RDC,N/A - From RDC,Air,Pre-PQ Process,N/A - From RDC,18-Mar-09,18-Mar-09,18-Mar-09,ARV,Adult,SCMS from RDC,"Lamivudine/Nevirapine/Stavudine 150/200/30mg, tablets, 60 Tabs",Lamivudine/Nevirapine/Stavudine,Generic,150/200/30mg,Tablet - FDC,60.0,115130.0,828936.0,7.2,0.12,"Strides, Bangalore, India.",Yes,8693,6757.33,1624.71,,,,,,,,,,,,,,,,,,,,,,,,,,
10751,110-ZM-T01,Pre-PQ Process,SO-2483,DN-954,Zambia,PMO - US,From RDC,N/A - From RDC,Truck,Pre-PQ Process,N/A - From RDC,21-Oct-08,21-Oct-08,21-Oct-08,ARV,Adult,SCMS from RDC,"Efavirenz 600mg, tablets, 30 Tabs",Efavirenz,Generic,600mg,Tablet,30.0,50000.0,600500.0,12.01,0.4,Mylan (formerly Matrix) Nashik,Yes,3775,4060.54,1176.98,,,,,,,,,,,,,,,,,,,,,,,,,,
14431,,,,,Rwanda,,,,,,11/2/2011,,,,,,Hoffmann-La Roche ltd Basel,,Nelfinavir (as mesilate),Viracept,250mg,,,,,,,,,,,,107-RW-T30,SCMS-126230,ASN-15270,PMO - US,Direct Drop,FCA,Air,10/19/2011,5-Jul-12,5-Jul-12,5-Jul-12,ARV,Adult,"Nelfinavir (as mesilate) 250mg [Viracept], tablets, 270 Tabs",Tablet,270.0,109.0,17410.04,159.73,0.59,Roche Madrid,Yes,27,2205.25,28.73,FPQ-8399
65081,,,,,Vietnam,,,,,,4/30/2014,,,,,,HETERO LABS LIMITED,,Efavirenz/Lamivudine/Tenofovir Disoproxil Fumarate,Generic,600/300/300mg,,,,,,,,,,,,108-VN-T30,SCMS-236120,ASN-27811,PMO - US,Direct Drop,EXW,Air,4/8/2014,16-Sep-14,23-Sep-14,4-Nov-14,ARV,Adult,"Efavirenz/Lamivudine/Tenofovir Disoproxil Fumarate 600/300/300mg, tablets, 30 Tabs",Tablet - FDC,30.0,14016.0,147168.0,10.5,0.35,Hetero Unit III Hyderabad IN,Yes,1955,6194.69,151.29,FPQ-13976
34360,,,,,Côte d'Ivoire,,,,,,3/11/2011,,,,,,MYLAN LABORATORIES LTD (FORMERLY MATRIX LABORATORIES),,Abacavir/Lamivudine/Zidovudine,Generic,300/150/300mg,,,,,,,,,,,,104-CI-T30,SCMS-101010,ASN-10906,PMO - US,Direct Drop,EXW,Air,1/5/2011,15-Jun-11,15-Jun-11,15-Jun-11,ARV,Adult,"Abacavir/Lamivudine/Zidovudine 300/150/300mg, tablets, 60 Tabs",Tablet - FDC,60.0,2432.0,72960.0,30.0,0.5,Mylan (formerly Matrix) Nashik,Yes,403,5714.74,120.38,FPQ-6897
51690,108-VN-T30,FPQ-8428,SCMS-123540,ASN-14321,Vietnam,PMO - US,Direct Drop,EXW,Air,9/21/11,10/3/11,16-Apr-12,16-Apr-12,16-Apr-12,ARV,Adult,MYLAN LABORATORIES LTD (FORMERLY MATRIX LABORATORIES),"Tenofovir Disoproxil Fumarate 300mg, tablets, 30 Tabs",Tenofovir Disoproxil Fumarate,Generic,300mg,Tablet,30.0,7146.0,39303.0,5.5,0.18,Mylan (formerly Matrix) Nashik,No,See ASN-14321 (ID#:18629),See ASN-14321 (ID#:18629),64.85,,,,,,,,,,,,,,,,,,,,,,,,,,
85726,200-DO-T30,FPQ-6616,SO-38020,DN-2065,Dominican Republic,PMO - US,From RDC,N/A - From RDC,Air,10/25/10,N/A - From RDC,31-Jan-11,8-Dec-10,8-Dec-10,ARV,Adult,SCMS from RDC,"Stavudine 30mg, capsules, 60 Caps",Stavudine,Generic,30mg,Capsule,60.0,1207.0,1689.8,1.4,0.02,"Aurobindo Unit III, India",No,See DN-2065 (ID#:82360),See DN-2065 (ID#:82360),2.79,,,,,,,,,,,,,,,,,,,,,,,,,,
12325,117-ET-T01,Pre-PQ Process,SO-33640,DN-1472,Ethiopia,PMO - US,From RDC,N/A - From RDC,Air,Date Not Captured,N/A - From RDC,29-Sep-09,29-Sep-09,29-Sep-09,ARV,Adult,SCMS from RDC,"Lamivudine 150mg, tablets, 60 Tabs",Lamivudine,Generic,150mg,Tablet,60.0,4234.0,10330.96,2.44,0.04,"Aurobindo Unit III, India",Yes,212,1489.4,20.25,,,,,,,,,,,,,,,,,,,,,,,,,,
85419,,FPQ-13042,,,Tanzania,,,,,,N/A - From RDC,,,,,,SCMS from RDC,,Nevirapine,Generic,200mg,,,,,,,,,,,,109-TZ-T30,SO-46680,DN-3401,PMO - US,From RDC,N/A - From RDC,Truck,10/1/2013,26-Dec-13,16-Dec-13,17-Jan-14,ARV,Adult,"Nevirapine 200mg, tablets, 60 Tabs",Tablet,60.0,72518.0,163890.68,2.26,0.04,"Strides, Bangalore, India.",No,See DN-3401 (ID#:83180),See DN-3401 (ID#:83180),202.73,
36641,,,,,Zimbabwe,,,,,,1/26/2015,,,,,,"Orgenics, Ltd",,"HIV 1/2, Determine Complete HIV Kit",Determine,,,,,,,,,,,,,113-ZW-T30,SCMS-266490,ASN-31132,PMO - US,Direct Drop,EXW,Air,11/17/2014,14-May-15,14-May-15,14-May-15,HRDT,HIV test,"HIV 1/2, Determine Complete HIV Kit, 100 Tests",Test kit,100.0,1500.0,120000.0,80.0,0.8,"Alere Medical Co., Ltd.",Yes,781,9914.59,141.24,FPQ-15380
54045,108-VN-T30,FPQ-5094,SCMS-68700,ASN-7337,Vietnam,PMO - US,Direct Drop,FCA,Air,3/15/10,3/31/10,2-Aug-10,2-Aug-10,2-Aug-10,ARV,Adult,ABBVIE LOGISTICS (FORMERLY ABBOTT LOGISTICS BV),"Ritonavir 100mg [Norvir], capsules, cool, 4 x 84 Caps",Ritonavir,Norvir,100mg,Capsule,336.0,20.0,6137.6,306.88,0.91,ABBVIE (Abbott) Logis. UK,Yes,57,5795.92,13.23,,,,,,,,,,,,,,,,,,,,,,,,,,
33359,,,,,Uganda,,,,,,8/25/2014,,,,,,JANSSEN SCIENCES IRELAND UC (FORMERLY JANSSEN R&D IRELAND),,Etravirine,Intelence,100mg,,,,,,,,,,,,114-UG-T30,SCMS-250220,ASN-29067,PMO - US,Direct Drop,CIP,Air,5/26/2014,1-Nov-14,1-Nov-14,2-Nov-14,ARV,Adult,"Etravirine 100mg [Intelence], tablets, 120 Tabs",Tablet,120.0,501.0,18036.0,36.0,0.3,"Janssen-Cilag, Latina, IT",Yes,151,297.25,18.54,FPQ-14325
10717,,,,,Rwanda,,,,,,N/A - From RDC,,,,,,SCMS from RDC,,Nevirapine,Generic,200mg,,,,,,,,,,,,107-RW-T01,SO-24630,DN-1118,PMO - US,From RDC,N/A - From RDC,Air,Pre-PQ Process,16-Mar-09,16-Mar-09,16-Mar-09,ARV,Adult,"Nevirapine 200mg, tablets, 60 Tabs",Tablet,60.0,7425.0,23760.0,3.2,0.05,Hetero Unit III Hyderabad IN,Yes,404,5637.82,46.57,Pre-PQ Process
82381,,,,,Uganda,,,,,,N/A - From RDC,,,,,,SCMS from RDC,,Lamivudine/Nevirapine/Zidovudine,Generic,150/300/200mg,,,,,,,,,,,,114-UG-T30,SO-38810,DN-2191,PMO - US,From RDC,N/A - From RDC,Truck,2/14/2011,11-May-11,24-May-11,24-May-11,ARV,Adult,"Lamivudine/Nevirapine/Zidovudine 150/200/300mg, tablets, 60 Tabs",Tablet - FDC,60.0,100000.0,1122000.0,11.22,0.19,Mylan (formerly Matrix) Nashik,Yes,14983,78442.21,1851.3,FPQ-7162
86045,,FPQ-12800,,,Côte d'Ivoire,,,,,,N/A - From RDC,,,,,,SCMS from RDC,,Lamivudine/Tenofovir Disoproxil Fumarate,Generic,300/300mg,,,,,,,,,,,,104-CI-T30,SO-46341,DN-3545,PMO - US,From RDC,N/A - From RDC,Air,8/9/2013,28-Feb-14,18-Feb-14,4-Mar-14,ARV,Adult,"Lamivudine/Tenofovir Disoproxil Fumarate 300/300mg, tablets, 30 Tabs",Tablet - FDC,30.0,7426.0,34902.2,4.7,0.16,"Cipla, Kurkumbh, India",Yes,753,4063.81,43.17,
84741,107-RW-T30,FPQ-10042,SO-42490,DN-2798,Rwanda,PMO - US,From RDC,N/A - From RDC,Air,6/4/12,N/A - From RDC,31-Aug-12,23-Aug-12,23-Aug-12,ARV,Adult,SCMS from RDC,"Efavirenz 600mg, tablets, 30 Tabs",Efavirenz,Generic,600mg,Tablet,30.0,2000.0,7820.0,3.91,0.13,"Aurobindo Unit III, India",No,See DN-2798 (ID#:83065),See DN-2798 (ID#:83065),10.96,,,,,,,,,,,,,,,,,,,,,,,,,,
71167,,FPQ-12803,,,Nigeria,,,,,,9/17/2013,,,,,,ABBVIE LOGISTICS (FORMERLY ABBOTT LOGISTICS BV),,Lopinavir/Ritonavir,Kaletra,80/20mg/ml,,,,,,,,,,,,151-NG-T30,SCMS-207130,ASN-23375,PMO - US,Direct Drop,FCA,Air,8/13/2013,10-Jan-14,10-Jan-14,10-Jan-14,ARV,Pediatric,"Lopinavir/Ritonavir 80/20mg/ml [Kaletra], oral solution, cool, Bottle 5 x 60 ml",Oral solution,300.0,1943.0,59883.26,30.82,0.1,ABBVIE (Abbott) Logis. UK,Yes,1848,17654.94,74.08,
1347,102-NG-T01,Pre-PQ Process,SCMS-695,ASN-622,Nigeria,PMO - US,Direct Drop,EXW,Air,Pre-PQ Process,Date Not Captured,7-Sep-07,7-Sep-07,7-Sep-07,HRDT,HIV test,Abbott GmbH & Co. KG,"HIV 1/2, Determine Complete HIV Kit, 100 Tests","HIV 1/2, Determine Complete HIV Kit",Determine,,Test kit,100.0,3500.0,280000.0,80.0,0.8,ABBVIE GmbH & Co.KG Wiesbaden,Yes,1194,5858.57,448.0,,,,,,,,,,,,,,,,,,,,,,,,,,
32111,,,,,Ethiopia,,,,,,1/23/2012,,,,,,"CHEMBIO DIAGNOSTIC SYSTEMS, INC.",,"HIV 1/2, Stat-Pak HIV, Kit",Stat-Pak,,,,,,,,,,,,,117-ET-T30,SCMS-134750,ASN-14234,PMO - US,Direct Drop,EXW,Air,1/18/2012,27-Mar-12,27-Mar-12,27-Mar-12,HRDT,HIV test,"HIV 1/2, Stat-Pak HIV, Kit, 20 Tests",Test kit,20.0,121.0,3509.0,29.0,1.45,Chembio Diagnostics Sys. Inc.,Yes,42,354.59,4.92,FPQ-9210
65238,117-ET-T30,FPQ-14357,SCMS-244860,ASN-27173,Ethiopia,PMO - US,Direct Drop,EXW,Air,6/3/14,6/23/14,29-Jul-14,29-Jul-14,6-Aug-14,HRDT,HIV test,"SHANGHAI KEHUA BIOENGINEERING CO.,LTD.  (KHB)","HIV 1/2, SKB Colloidal Gold, Diagnostic Kit, Antibody, 50 Tests","HIV 1/2, Colloidal Gold, Diagnostic Kit, Antibody",Colloidal Gold,,Test kit,1.0,7527.0,184411.5,24.5,24.5,"KHB Test Kit Facility, Shanghai China",Yes,5020,78813.53,189.58,,,,,,,,,,,,,,,,,,,,,,,,,,
83443,114-UG-T30,FPQ-5239,SO-36131,DN-1943,Uganda,PMO - US,From RDC,N/A - From RDC,Air,3/2/10,N/A - From RDC,4-Aug-10,19-Jul-10,19-Jul-10,ARV,Adult,SCMS from RDC,"Emtricitabine/Tenofovir Disoproxil Fumarate 200/300mg, tablets, 30 Tabs",Emtricitabine/Tenofovir Disoproxil Fumarate,Generic,200/300mg,Tablet - FDC,30.0,703.0,8260.25,11.75,0.39,Mylan (formerly Matrix) Nashik,Yes,301,4758.36,17.81,,,,,,,,,,,,,,,,,,,,,,,,,,
12829,,,,,Zambia,,,,,,N/A - From RDC,,,,,,SCMS from RDC,,Lamivudine/Zidovudine,Generic,150/300mg,,,,,,,,,,,,110-ZM-T01,SO-2486,DN-912,PMO - US,From RDC,N/A - From RDC,Truck,Pre-PQ Process,23-Sep-08,23-Sep-08,23-Sep-08,ARV,Adult,"Lamivudine/Zidovudine 150/300mg, tablets, 60 Tabs",Tablet - FDC,60.0,50000.0,472500.0,9.45,0.16,"Aurobindo Unit III, India",No,See DN-912 (ID#:11577),See DN-912 (ID#:11577),756.0,Pre-PQ Process
85781,,FPQ-7675,,,Tanzania,,,,,,N/A - From RDC,,,,,,SCMS from RDC,,Tenofovir Disoproxil Fumarate,Generic,300mg,,,,,,,,,,,,109-TZ-T30,SO-39751,DN-2314,PMO - US,From RDC,N/A - From RDC,Air,5/18/2011,30-Sep-11,30-Aug-11,30-Aug-11,ARV,Adult,"Tenofovir Disoproxil Fumarate 300mg, tablets, 30 Tabs",Tablet,30.0,4279.0,28113.03,6.57,0.22,Mylan (formerly Matrix) Nashik,Yes,259,1553.64,46.39,
410,113-ZW-T01,Pre-PQ Process,SCMS-18870,ASN-2434,Zimbabwe,PMO - US,Direct Drop,EXW,Air,Pre-PQ Process,3/17/08,17-Nov-08,17-Nov-08,17-Nov-08,HRDT,HIV test,"Orgenics, Ltd","HIV 1/2, Determine HIV Kit, without Lancets, 100 Tests","HIV 1/2, Determine HIV Kit, without Lancets",Determine,,Test kit,100.0,1634.0,117631.66,71.99,0.72,Inverness Japan,Yes,373,4112.46,188.21,,,,,,,,,,,,,,,,,,,,,,,,,,
84573,,FPQ-5023,,,Nigeria,,,,,,N/A - From RDC,,,,,,SCMS from RDC,,Lamivudine/Nevirapine/Zidovudine,Generic,150/300/200mg,,,,,,,,,,,,151-NG-T30,SO-36435,DN-1886,PMO - US,From RDC,N/A - From RDC,Air,2/10/2010,15-Jul-10,28-Jun-10,28-Jun-10,ARV,Adult,"Lamivudine/Nevirapine/Zidovudine 150/200/300mg, tablets, 60 Tabs",Tablet - FDC,60.0,1000.0,11220.0,11.22,0.19,"Aurobindo Unit III, India",Yes,117,Freight Included in Commodity Cost,24.19,
82629,106-HT-T30,FPQ-12674,SO-46240,DN-3467,Haiti,PMO - US,From RDC,N/A - From RDC,Air,8/21/13,N/A - From RDC,31-Jan-14,7-Feb-14,24-Feb-14,ARV,Pediatric,SCMS from RDC,"Lamivudine/Stavudine 30/6mg, dispersible tablets, 60 Tabs",Lamivudine/Stavudine,Generic,30/6mg,Chewable/dispersible tablet - FDC,60.0,58.0,110.2,1.9,0.03,"Cipla, Goa, India",Yes,Weight Captured Separately,Invoiced Separately,0.14,,,,,,,,,,,,,,,,,,,,,,,,,,
5821,,,,,Haiti,,,,,,5/23/2008,,,,,,Orasure Technologies Inc.,,"HIV 1/2, OraQuick Advance HIV Rapid Antibody Kit",OraQuick,,,,,,,,,,,,,106-HT-T01,SCMS-24010,ASN-3087,PMO - US,Direct Drop,CIP,Air,Pre-PQ Process,14-Jan-09,14-Jan-09,14-Jan-09,HRDT,HIV test,"HIV 1/2, OraQuick Advance HIV Rapid Antibody Kit, 100 Tests",Test kit,100.0,28.0,9800.0,350.0,3.5,"Pacific Biotech, Thailand",Yes,Weight Captured Separately,Freight Included in Commodity Cost,19.21,Pre-PQ Process
84673,,,,,Guyana,,,,,,N/A - From RDC,,,,,,SCMS from RDC,,Stavudine,Generic,15mg,,,,,,,,,,,,105-GY-T30,SO-40450,DN-2361,PMO - US,From RDC,N/A - From RDC,Air,8/19/2011,15-Dec-11,28-Sep-11,28-Sep-11,ARV,Adult,"Stavudine 15mg, capsules, 60 Caps",Capsule,60.0,21.0,27.72,1.32,0.02,"Aurobindo Unit III, India",Yes,294,4338.44,0.05,FPQ-8024
84503,,,,,Uganda,,,,,,N/A - From RDC,,,,,,SCMS from RDC,,Lamivudine/Zidovudine,Generic,150/300mg,,,,,,,,,,,,114-UG-T30,SO-34160,DN-1506,PMO - US,From RDC,N/A - From RDC,Air,9/2/2009,20-Nov-09,10-Nov-09,10-Nov-09,ARV,Adult,"Lamivudine/Zidovudine 150/300mg, tablets, 60 Tabs",Tablet - FDC,60.0,300.0,2628.0,8.76,0.15,"Aurobindo Unit III, India",No,See DN-1506 (ID#:83375),See DN-1506 (ID#:83375),5.15,FPQ-4475
86680,,,,,Tanzania,,,,,,N/A - From RDC,,,,,,SCMS from RDC,,Abacavir,Generic,300mg,,,,,,,,,,,,109-TZ-T30,SO-47961,DN-3690,PMO - US,From RDC,N/A - From RDC,Truck,10/1/2013,30-May-14,21-Jun-14,1-Jul-14,ARV,Adult,"Abacavir 300mg, tablets, 60 Tabs",Tablet,60.0,2707.0,30399.61,11.23,0.19,Mylan (formerly Matrix) Nashik,Yes,263,1811.6,37.6,FPQ-13042
11657,,,,,Côte d'Ivoire,,,,,,N/A - From RDC,,,,,,SCMS from RDC,,Lamivudine,Generic,10mg/ml,,,,,,,,,,,,104-CI-T01,SO-27550,DN-1308,PMO - US,From RDC,N/A - From RDC,Air,Date Not Captured,8-Jul-09,8-Jul-09,8-Jul-09,ARV,Pediatric,"Lamivudine 10mg/ml, oral solution, Bottle, 240 ml",Oral solution,240.0,3500.0,6650.0,1.9,0.01,"Aurobindo Unit III, India",Yes,1208,4329.01,13.03,Pre-PQ Process
86653,151-NG-T30,FPQ-12248,SO-45670,DN-3539,Nigeria,PMO - US,From RDC,N/A - From RDC,Air Charter,5/6/13,N/A - From RDC,28-Feb-14,10-Feb-14,19-Feb-14,ARV,Pediatric,SCMS from RDC,"Lamivudine/Nevirapine/Zidovudine 30/50/60mg, dispersible tablets, 60 Tabs",Lamivudine/Nevirapine/Zidovudine,Generic,30/50/60mg,Chewable/dispersible tablet - FDC,60.0,169447.0,635426.25,3.75,0.06,"Strides, Bangalore, India.",Yes,8039,30936.1,786.02,,,,,,,,,,,,,,,,,,,,,,,,,,
32521,,FPQ-6615,,,Dominican Republic,,,,,,12/1/2010,,,,,,Aurobindo Pharma Limited,,Lopinavir/Ritonavir,Generic,200/50mg,,,,,,,,,,,,200-DO-T30,SCMS-93361,ASN-10226,PMO - US,Direct Drop,EXW,Air,11/10/2010,4-Apr-11,4-Apr-11,4-Apr-11,ARV,Adult,"Lopinavir/Ritonavir 200/50mg, tablets, 120 Tabs",Tablet,120.0,2508.0,87780.0,35.0,0.29,"Aurobindo Unit III, India",Yes,645,5002.73,144.84,
85969,,FPQ-11022,,,Nigeria,,,,,,N/A - From RDC,,,,,,SCMS from RDC,,Efavirenz,Generic,600mg,,,,,,,,,,,,151-NG-T30,SO-43852,DN-3173,PMO - US,From RDC,N/A - From RDC,Air Charter,11/15/2012,4-Jun-13,10-May-13,10-May-13,ARV,Adult,"Efavirenz 600mg, tablets, 30 Tabs",Tablet,30.0,47091.0,156813.03,3.33,0.11,"Strides, Bangalore, India.",No,See DN-3173 (ID#:83687),See DN-3173 (ID#:83687),193.98,
64558,114-UG-T30,FPQ-12477,SCMS-198541,ASN-22493,Uganda,PMO - US,Direct Drop,EXW,Air,7/8/13,9/10/13,16-Nov-13,16-Nov-13,21-Nov-13,ARV,Adult,CIPLA LIMITED,"Lamivudine/Nevirapine/Zidovudine 150/200/300mg, tablets, 60 Tabs",Lamivudine/Nevirapine/Zidovudine,Generic,150/300/200mg,Tablet - FDC,60.0,39449.0,319536.9,8.1,0.13,"Cipla, Goa, India",Yes,5714,20416.03,395.27,,,,,,,,,,,,,,,,,,,,,,,,,,
24300,116-ZA-T30,FPQ-12522,SCMS-199283,ASN-27976,South Africa,PMO - US,Direct Drop,DDP,Truck,7/11/13,8/27/14,27-Aug-14,27-Aug-14,27-Aug-14,ARV,Pediatric,S. BUYS WHOLESALER,"Lamivudine 10mg/ml, oral solution w/syringe, Bottle, 240 ml",Lamivudine,Generic,10mg/ml,Oral solution,240.0,13.0,103.95,8.0,0.03,"Aurobindo Unit III, India",No,Weight Captured Separately,Freight Included in Commodity Cost,0.13,,,,,,,,,,,,,,,,,,,,,,,,,,
33868,161-ZA-T30,FPQ-6708,SCMS-93520,ASN-9579,South Africa,PMO - US,Direct Drop,DDP,Ocean,11/26/10,12/6/10,26-Jun-11,26-Jun-11,26-Jun-11,ARV,Adult,Aurobindo Pharma Limited,"Tenofovir Disoproxil Fumarate 300mg, tablets, 30 Tabs",Tenofovir Disoproxil Fumarate,Generic,300mg,Tablet,30.0,70331.0,467701.15,6.65,0.22,"Aurobindo Unit III, India",Yes,6564,12396.57,771.71,,,,,,,,,,,,,,,,,,,,,,,,,,
1223,,,,,South Africa,,,,,,6/5/2009,,,,,,S. BUYS WHOLESALER,,Lamivudine,Epivir,10mg/ml,,,,,,,,,,,,116-ZA-T01,SCMS-47051,ASN-4836,PMO - US,Direct Drop,DDP,Truck,Pre-PQ Process,12-Oct-09,28-Jul-09,28-Jul-09,ARV,Pediatric,"Lamivudine 10mg/ml [Epivir], oral solution, Bottle, 240 ml",Oral solution,240.0,460.0,2838.2,6.17,0.03,GSK Mississauga (Canada),Yes,Weight Captured Separately,Freight Included in Commodity Cost,5.56,Pre-PQ Process
82907,117-ET-T30,FPQ-5967,SO-37102,DN-1952,Ethiopia,PMO - US,From RDC,N/A - From RDC,Air,6/28/10,N/A - From RDC,21-Sep-10,14-Jul-10,14-Jul-10,ARV,Adult,SCMS from RDC,"Lamivudine/Nevirapine/Stavudine 150/200/30mg, tablets, 60 Tabs",Lamivudine/Nevirapine/Stavudine,Generic,150/200/30mg,Tablet - FDC,60.0,561.0,3214.53,5.73,0.1,"Cipla, Goa, India",Yes,341,114.22,6.93,,,,,,,,,,,,,,,,,,,,,,,,,,
83599,,,,,Uganda,,,,,,N/A - From RDC,,,,,,SCMS from RDC,,Lopinavir/Ritonavir,Generic,200/50mg,,,,,,,,,,,,114-UG-T30,SO-42310,DN-2719,PMO - US,From RDC,N/A - From RDC,Air,5/15/2012,11-Jul-12,29-Jun-12,29-Jun-12,ARV,Adult,"Lopinavir/Ritonavir 200/50mg, tablets, 120 Tabs",Tablet,120.0,4001.0,118749.68,29.68,0.25,"Aurobindo Unit III, India",Yes,972,17102.56,166.49,FPQ-9876
85835,,FPQ-8522,,,Uganda,,,,,,N/A - From RDC,,,,,,SCMS from RDC,,Zidovudine,Generic,300mg,,,,,,,,,,,,114-UG-T30,SO-40943,DN-2569,PMO - US,From RDC,N/A - From RDC,Truck,10/5/2011,30-Mar-12,27-Feb-12,27-Feb-12,ARV,Adult,"Zidovudine 300mg, tablets, 60 Tabs",Tablet,60.0,4398.0,30873.96,7.02,0.12,Hetero Unit III Hyderabad IN,Yes,224,1933.3,50.94,
86287,151-NG-T30,FPQ-4537,SO-34900,DN-1708,Nigeria,PMO - US,From RDC,N/A - From RDC,Air Charter,11/6/09,N/A - From RDC,31-Mar-10,31-Mar-10,31-Mar-10,ARV,Pediatric,SCMS from RDC,"Efavirenz 200mg, capsule, 90 Caps",Efavirenz,Generic,200mg,Capsule,90.0,1000.0,10070.0,10.07,0.11,"Aurobindo Unit III, India",Yes,119,Freight Included in Commodity Cost,21.71,,,,,,,,,,,,,,,,,,,,,,,,,,
54296,161-ZA-T30,FPQ-5648,SCMS-75750,ASN-9197,South Africa,PMO - US,Direct Drop,DDP,Ocean,6/2/10,6/17/10,1-Feb-11,1-Feb-11,1-Feb-11,ARV,Adult,Aurobindo Pharma Limited,"Efavirenz 600mg, tablets, 30 Tabs",Efavirenz,Generic,600mg,Tablet,30.0,32083.0,144694.33,4.51,0.15,"Aurobindo Unit III, India",Yes,2808,630.5,311.96,,,,,,,,,,,,,,,,,,,,,,,,,,
35678,101-CD-T30,FPQ-8792,SCMS-131080,ASN-15396,"Congo, DRC",PMO - US,Direct Drop,EXW,Air,12/14/11,1/9/12,20-Nov-12,20-Nov-12,20-Nov-12,HRDT,HIV test,"Orgenics, Ltd","HIV 1/2, DoubleCheck Gold Kit, 20 Tests","HIV 1/2, DoubleCheck Gold Kit",DoubleCheck,,Test kit,20.0,196.0,7157.92,36.52,1.83,"Alere Medical Co., Ltd.",Yes,47,4449.1,10.04,,,,,,,,,,,,,,,,,,,,,,,,,,
65436,,,,,South Africa,,,,,,Date Not Captured,,,,,,S. BUYS WHOLESALER,,Lopinavir/Ritonavir,Generic,100/25mg,,,,,,,,,,,,116-ZA-T30,SCMS-183950,ASN-19166,South Africa Field Office,Direct Drop,DDP,Truck,3/18/2013,16-Apr-13,16-Apr-13,16-Apr-13,ARV,Pediatric,"Lopinavir/Ritonavir 100/25mg [Aluvia], tablets, 60 Tabs",Tablet,60.0,45.0,281.2,6.25,0.1,ABBVIE Ludwigshafen Germany,No,Weight Captured Separately,Freight Included in Commodity Cost,0.35,FPQ-11828
71936,,,,,Vietnam,,,,,,6/12/2012,,,,,,Aurobindo Pharma Limited,,Zidovudine,Generic,10mg/ml,,,,,,,,,,,,108-VN-T30,SCMS-145520,ASN-15795,PMO - US,Direct Drop,EXW,Air,4/11/2012,22-Aug-12,22-Aug-12,22-Aug-12,ARV,Pediatric,"Zidovudine 10mg/ml, oral solution w/syringe, Bottle, 240 ml",Oral solution,240.0,350.0,735.0,2.1,0.01,"Aurobindo Unit III, India",No,See ASN-15795 (ID#:16725),See ASN-15795 (ID#:16725),1.03,FPQ-9577
78532,,FPQ-6645,,,Botswana,,,,,,12/2/2010,,,,,,"Standard Diagnostics, Inc.",,"HIV 1/2, Bioline 3.0 Kit, Lancets, Capillary pipets, Alcohol swabs included",Bioline,,,,,,,,,,,,,102-BW-T30,SCMS-92600,ASN-9740,PMO - US,Direct Drop,EXW,Air,11/11/2010,2-Mar-11,2-Mar-11,2-Mar-11,HRDT,HIV test,"HIV 1/2, Bioline 3.0 Kit, Lancets, Capillary pipets, Alcohol swabs included, 25 Tests",Test kit,25.0,40.0,800.0,20.0,0.8,"Standard Diagnostics, Korea",Yes,14,706.18,1.32,
84661,,FPQ-6801,,,Haiti,,,,,,N/A - From RDC,,,,,,SCMS from RDC,,Lamivudine,Generic,10mg/ml,,,,,,,,,,,,106-HT-T30,SO-38212,DN-2291,PMO - US,From RDC,N/A - From RDC,Air,12/14/2010,19-Jul-11,17-Jul-11,17-Jul-11,ARV,Pediatric,"Lamivudine 10mg/ml, oral solution w/syringe, Bottle, 240 ml",Oral solution,240.0,5110.0,9862.3,1.93,0.01,"Aurobindo Unit III, India",Yes,1840,14866.14,16.27,
1246,,Pre-PQ Process,,,Côte d'Ivoire,,,,,,Date Not Captured,,,,,,Orasure Technologies Inc.,,"HIV 1/2, OraQuick Advance HIV Rapid Antibody Kit",OraQuick,,,,,,,,,,,,,104-CI-T01,SCMS-5,ASN-7,PMO - US,Direct Drop,EXW,Air,Pre-PQ Process,14-Jul-06,14-Jul-06,14-Jul-06,HRDT,HIV test,"HIV 1/2, OraQuick Advance HIV Rapid Antibody Kit, 100 Tests",Test kit,100.0,6.0,2400.0,400.0,4.0,"Pacific Biotech, Thailand",Yes,15,1039.5,,
46099,,FPQ-5303,,,South Africa,,,,,,3/19/2010,,,,,,Aurobindo Pharma Limited,,Nevirapine,Generic,200mg,,,,,,,,,,,,161-ZA-T30,SCMS-68950,ASN-7083,PMO - US,Direct Drop,DDP,Air,3/18/2010,9-Jun-10,10-Jun-10,10-Jun-10,ARV,Adult,"Nevirapine 200mg, tablets, 60 Tabs",Tablet,60.0,38341.0,111955.72,2.92,0.05,"Aurobindo Unit III, India",Yes,4522,6369.8,241.38,
29043,106-HT-T30,FPQ-14083,SCMS-240202,ASN-28245,Haiti,PMO - US,Direct Drop,EXW,Ocean,5/11/14,7/31/14,17-Nov-14,17-Nov-14,17-Nov-14,ARV,Pediatric,MYLAN LABORATORIES LTD (FORMERLY MATRIX LABORATORIES),"Lamivudine/Zidovudine 30/60mg, dispersible tablets, 60 Tabs",Lamivudine/Zidovudine,Generic,30/60mg,Chewable/dispersible tablet - FDC,60.0,2550.0,5074.5,1.99,0.03,"Mylan,  H-12 & H-13, India",Yes,199,5215.49,5.22,,,,,,,,,,,,,,,,,,,,,,,,,,
13093,108-VN-T30,FPQ-12187,SCMS-188540,ASN-21695,Vietnam,PMO - US,Direct Drop,EXW,Air,5/3/13,5/10/13,11-Oct-13,9-Oct-13,9-Oct-13,ARV,Adult,MYLAN LABORATORIES LTD (FORMERLY MATRIX LABORATORIES),"Efavirenz/Lamivudine/Tenofovir Disoproxil Fumarate 600/300/300mg, tablets, 30 Tabs",Efavirenz/Lamivudine/Tenofovir Disoproxil Fumarate,Generic,600/300/300mg,Tablet - FDC,30.0,11500.0,132135.0,11.49,0.38,Mylan (formerly Matrix) Nashik,Yes,1295,2021.05,163.45,,,,,,,,,,,,,,,,,,,,,,,,,,
22595,104-CI-T30,FPQ-8366,SCMS-124280,ASN-13657,Côte d'Ivoire,PMO - US,Direct Drop,FCA,Ocean,9/5/11,10/11/11,23-Mar-12,23-Mar-12,23-Mar-12,ARV,Adult,ABBVIE LOGISTICS (FORMERLY ABBOTT LOGISTICS BV),"Lopinavir/Ritonavir 200/50mg [Aluvia], tablets, 120 Tabs",Lopinavir/Ritonavir,Aluvia,200/50mg,Tablet,120.0,9800.0,302036.0,30.82,0.26,ABBVIE Ludwigshafen Germany,Yes,Weight Captured Separately,Invoiced Separately,498.36,,,,,,,,,,,,,,,,,,,,,,,,,,
84709,,FPQ-8522,,,Uganda,,,,,,N/A - From RDC,,,,,,SCMS from RDC,,Lamivudine,Generic,150mg,,,,,,,,,,,,114-UG-T30,SO-40920,DN-2549,PMO - US,From RDC,N/A - From RDC,Truck,10/5/2011,30-Mar-12,17-Feb-12,17-Feb-12,ARV,Adult,"Lamivudine 150mg, tablets, 60 Tabs",Tablet,60.0,2596.0,6048.68,2.33,0.04,"Aurobindo Unit III, India",Yes,125,1831.41,9.98,
25566,,FPQ-14942,,,South Africa,,,,,,11/28/2014,,,,,,PHARMACY DIRECT,,Efavirenz,Generic,600mg,,,,,,,,,,,,116-ZA-T30,SCMS-259071,ASN-29597,PMO - US,Direct Drop,DDP,Truck,9/11/2014,28-Nov-14,28-Nov-14,28-Nov-14,ARV,Adult,"Efavirenz 600mg, tablets, 30 Tabs",Tablet,30.0,132.0,1487.53,11.27,0.38,"Aurobindo Unit III, India",No,Weight Captured Separately,Freight Included in Commodity Cost,1.53,
1905,,,,,Vietnam,,,,,,7/1/2008,,,,,,Aurobindo Pharma Limited,,Lamivudine/Zidovudine,Generic,150/300mg,,,,,,,,,,,,108-VN-T01,SCMS-26180,ASN-2274,PMO - US,Direct Drop,EXW,Air,Pre-PQ Process,19-Sep-08,19-Sep-08,19-Sep-08,ARV,Adult,"Lamivudine/Zidovudine 150/300mg, tablets, 60 Tabs",Tablet - FDC,60.0,4300.0,37023.0,8.61,0.14,"Aurobindo Unit III, India",No,See ASN-2274 (ID#:610),See ASN-2274 (ID#:610),59.24,Pre-PQ Process
75848,,FPQ-12522,,,South Africa,,,,,,8/13/2013,,,,,,S. BUYS WHOLESALER,,Lamivudine,Generic,10mg/ml,,,,,,,,,,,,116-ZA-T30,SCMS-199280,ASN-24433,PMO - US,Direct Drop,DDP,Truck,7/11/2013,7-Feb-14,7-Feb-14,7-Feb-14,ARV,Pediatric,"Lamivudine 10mg/ml, oral solution w/syringe, Bottle, 240 ml",Oral solution,240.0,12.0,94.68,7.89,0.03,"Aurobindo Unit III, India",No,Weight Captured Separately,Freight Included in Commodity Cost,0.12,
84613,110-ZM-T30,FPQ-6222,SO-38150,DN-2078,Zambia,PMO - US,From RDC,N/A - From RDC,Truck,8/20/10,N/A - From RDC,1-Apr-11,13-Jan-11,13-Jan-11,ARV,Adult,SCMS from RDC,"Lamivudine 150mg, tablets, 60 Tabs",Lamivudine,Generic,150mg,Tablet,60.0,12080.0,28146.4,2.33,0.04,Hetero Unit III Hyderabad IN,Yes,503,2355.79,60.68,,,,,,,,,,,,,,,,,,,,,,,,,,
9039,,Pre-PQ Process,,,South Africa,,,,,,Date Not Captured,,,,,,S. BUYS WHOLESALER,,Lopinavir/Ritonavir,Aluvia,200/50mg,,,,,,,,,,,,116-ZA-T01,SCMS-41190,ASN-3732,PMO - US,Direct Drop,DDP,Air,Pre-PQ Process,30-Mar-09,21-Jan-09,21-Jan-09,ARV,Adult,"Lopinavir/Ritonavir 200/50mg [Aluvia], tablets, 120 Tabs",Tablet,120.0,200.0,6182.0,30.91,0.26,ABBVIE Ludwigshafen Germany,No,Weight Captured Separately,Freight Included in Commodity Cost,12.12,
56550,,,,,Tanzania,,,,,,6/23/2009,,,,,,ABBVIE LOGISTICS (FORMERLY ABBOTT LOGISTICS BV),,Ritonavir,Norvir,100mg,,,,,,,,,,,,109-TZ-T30,SCMS-47741,ASN-5095,PMO - US,Direct Drop,FCA,Air,6/11/2009,17-Nov-09,17-Nov-09,17-Nov-09,ARV,Adult,"Ritonavir 100mg [Norvir], capsules, cool, 4 x 84 Caps",Capsule,336.0,645.0,24742.2,38.36,0.11,ABBVIE (Abbott) Logis. UK,Yes,1210,7015.04,48.49,FPQ-3782
22799,,FPQ-9066,,,Haiti,,,,,,2/24/2012,,,,,,Aurobindo Pharma Limited,,Didanosine,Generic,125mg,,,,,,,,,,,,106-HT-T30,SCMS-138570,ASN-14148,PMO - US,Direct Drop,EXW,Air,1/6/2012,10-Apr-12,10-Apr-12,10-Apr-12,ARV,Pediatric,"Didanosine 125mg, delayed-release capsules, 30 Caps",Delayed-release capsules,30.0,252.0,2142.0,8.5,0.28,"Aurobindo Unit III, India",Yes,16,1471.46,3.0,
36913,,,,,Guyana,,,,,,6/21/2010,,,,,,"Trinity Biotech, Plc",,"HIV 1/2, Uni-Gold HIV Kit",Uni-Gold,,,,,,,,,,,,,102-GY-T30,SCMS-71600,ASN-7378,PMO - US,Direct Drop,EXW,Air,4/15/2010,27-Jul-10,27-Jul-10,27-Jul-10,HRDT,HIV test,"HIV 1/2, Uni-Gold HIV Kit, 20 Tests",Test kit,20.0,1470.0,47040.0,32.0,1.6,"Trinity Biotech, Plc",Yes,500,5255.14,101.42,FPQ-5496
82540,102-ZW-T30,FPQ-9927,SO-42290,DN-2988,Zimbabwe,PMO - US,From RDC,N/A - From RDC,Truck,5/15/12,N/A - From RDC,11-Feb-13,11-Feb-13,11-Feb-13,ARV,Adult,SCMS from RDC,"Lamivudine/Zidovudine 150/300mg, tablets, 60 Tabs",Lamivudine/Zidovudine,Generic,150/300mg,Tablet - FDC,60.0,7867.0,57193.09,7.27,0.12,"Cipla, Goa, India",Yes,704,25568,80.18,,,,,,,,,,,,,,,,,,,,,,,,,,
22356,,,,,Nigeria,,,,,,12/18/2012,,,,,,ABBVIE LOGISTICS (FORMERLY ABBOTT LOGISTICS BV),,Lopinavir/Ritonavir,Generic,100/25mg,,,,,,,,,,,,151-NG-T30,SCMS-169180,ASN-18584,PMO - US,Direct Drop,EXW,Air,11/15/2012,14-Mar-13,14-Mar-13,14-Mar-13,ARV,Pediatric,"Lopinavir/Ritonavir 100/25mg [Aluvia], tablets, 60 Tabs",Tablet,60.0,2221.0,13192.74,5.94,0.1,ABBVIE Ludwigshafen Germany,Yes,252,2969.34,16.32,FPQ-11025
86593,101-CD-T30,FPQ-12088,SO-45030,DN-3269,"Congo, DRC",PMO - US,From RDC,N/A - From RDC,Air,4/12/13,N/A - From RDC,28-Aug-13,8-Feb-14,11-Mar-14,ARV,Pediatric,SCMS from RDC,"Zidovudine 10mg/ml, oral solution w/syringe, Bottle, 240 ml",Zidovudine,Generic,10mg/ml,Oral solution,240.0,502.0,1054.2,2.1,0.01,"Aurobindo Unit III, India",No,See DN-3269 (ID#:83711),See DN-3269 (ID#:83711),1.3,,,,,,,,,,,,,,,,,,,,,,,,,,
85911,,FPQ-10210,,,Mozambique,,,,,,N/A - From RDC,,,,,,SCMS from RDC,,Lamivudine/Zidovudine,Generic,150/300mg,,,,,,,,,,,,111-MZ-T30,SO-42821,DN-2911,PMO - US,From RDC,N/A - From RDC,Truck,6/28/2012,30-Nov-12,14-Nov-12,14-Nov-12,ARV,Adult,"Lamivudine/Zidovudine 150/300mg, tablets, 60 Tabs",Tablet - FDC,60.0,24732.0,190931.04,7.72,0.13,Hetero Unit III Hyderabad IN,Yes,2143,6323.1,267.69,
12575,104-CI-T01,Pre-PQ Process,SO-21883,DN-1220,Côte d'Ivoire,PMO - US,From RDC,N/A - From RDC,Air,Pre-PQ Process,N/A - From RDC,20-May-09,20-May-09,20-May-09,ARV,Adult,SCMS from RDC,"Lamivudine/Zidovudine 150/300mg, tablets, 60 Tabs",Lamivudine/Zidovudine,Generic,150/300mg,Tablet - FDC,60.0,6476.0,56729.76,8.76,0.15,Mylan (formerly Matrix) Nashik,Yes,540,4881.06,111.19,,,,,,,,,,,,,,,,,,,,,,,,,,
72158,,FPQ-5174,,,Tanzania,,,,,,3/12/2010,,,,,,ABBVIE LOGISTICS (FORMERLY ABBOTT LOGISTICS BV),,Lopinavir/Ritonavir,Aluvia,200/50mg,,,,,,,,,,,,109-TZ-T30,SCMS-66910,ASN-6720,PMO - US,Direct Drop,FCA,Air,3/1/2010,11-Jun-10,11-Jun-10,11-Jun-10,ARV,Adult,"Lopinavir/Ritonavir 200/50mg [Aluvia], tablets, 120 Tabs",Tablet,120.0,7145.0,258363.2,36.16,0.3,ABBVIE Ludwigshafen Germany,Yes,1604,9915.56,557.03,
5677,,,,,South Africa,,,,,,2/20/2008,,,,,,S. BUYS WHOLESALER,,Stavudine,Zerit,20mg,,,,,,,,,,,,116-ZA-T01,SCMS-19800,ASN-1665,PMO - US,Direct Drop,DDP,Truck,Pre-PQ Process,24-Apr-08,24-Apr-08,24-Apr-08,ARV,Adult,"Stavudine 20mg [Zerit], capsules, 60 Caps",Capsule,60.0,200.0,978.0,4.89,0.08,"BMS Meymac, France",No,Weight Captured Separately,Freight Included in Commodity Cost,1.56,Pre-PQ Process
85730,,,,,Haiti,,,,,,N/A - From RDC,,,,,,SCMS from RDC,,Lamivudine,Generic,10mg/ml,,,,,,,,,,,,106-HT-T30,SO-37760,DN-2073,PMO - US,From RDC,N/A - From RDC,Air,10/13/2010,20-Dec-10,5-Jan-11,5-Jan-11,ARV,Pediatric,"Lamivudine 10mg/ml, oral solution w/syringe, Bottle, 240 ml",Oral solution,240.0,8000.0,14800.0,1.85,0.01,"Aurobindo Unit III, India",No,See DN-2073 (ID#:82362),See DN-2073 (ID#:82362),31.91,FPQ-6484
64452,,FPQ-11287,,,Haiti,,,,,,2/5/2013,,,,,,HETERO LABS LIMITED,,Lamivudine/Stavudine,Generic,150/30mg,,,,,,,,,,,,106-HT-T30,SCMS-176390,ASN-20894,PMO - US,Direct Drop,EXW,Air,1/16/2013,20-Aug-13,20-Aug-13,20-Aug-13,ARV,Adult,"Lamivudine/Stavudine 150/30mg, tablets, 60 Tabs",Tablet - FDC,60.0,384.0,956.16,2.49,0.04,Hetero Unit III Hyderabad IN,Yes,30,1180.73,1.18,
26917,,,,,Ethiopia,,,,,,11/24/2010,,,,,,"SHANGHAI KEHUA BIOENGINEERING CO.,LTD.  (KHB)",,"HIV 1/2, Colloidal Gold, Diagnostic Kit, Antibody",Colloidal Gold,,,,,,,,,,,,,117-ET-T30,SCMS-92100,ASN-9295,PMO - US,Direct Drop,EXW,Air,11/9/2010,13-Jan-11,13-Jan-11,13-Jan-11,HRDT,HIV test,"HIV 1/2, SKB Colloidal Gold, Diagnostic Kit, Antibody, 50 Tests",Test kit,1.0,990.0,22770.0,23.0,23.0,"KHB Test Kit Facility, Shanghai China",Yes,718,6161.42,37.57,FPQ-6608
20894,106-HT-T30,FPQ-9066,SCMS-138580,ASN-14408,Haiti,PMO - US,Direct Drop,EXW,Air,1/6/12,2/24/12,22-Apr-12,22-Apr-12,22-Apr-12,ARV,Adult,Aurobindo Pharma Limited,"Lopinavir/Ritonavir 200/50mg, tablets, 120 Tabs",Lopinavir/Ritonavir,Generic,200/50mg,Tablet,120.0,5240.0,157200.0,30.0,0.25,"Aurobindo Unit III, India",No,See ASN-14408 (ID#:16232),See ASN-14408 (ID#:16232),220.39,,,,,,,,,,,,,,,,,,,,,,,,,,
3508,,Pre-PQ Process,,,Namibia,,,,,,11/20/2008,,,,,,INVERNESS MEDICAL INNOVATIONS SOUTH AFRICA (PTY) LTD,,"HIV 1/2, Determine HIV Kit, without Lancets",Determine,,,,,,,,,,,,,141-NA-T01,SCMS-33850,ASN-3110,PMO - US,Direct Drop,EXW,Air,Pre-PQ Process,27-Jan-09,27-Jan-09,27-Jan-09,HRDT,HIV test,"HIV 1/2, Determine HIV Kit, without Lancets, 100 Tests",Test kit,100.0,7.0,490.0,70.0,0.7,Inverness Japan,No,See ASN-3110 (ID#:2173),See ASN-3110 (ID#:2173),0.96,
84779,114-UG-T30,FPQ-10556,SO-43160,DN-2952,Uganda,PMO - US,From RDC,N/A - From RDC,Air,8/30/12,N/A - From RDC,2-Feb-13,2-Feb-13,2-Feb-13,ARV,Adult,SCMS from RDC,"Lamivudine/Zidovudine 150/300mg, tablets, 60 Tabs",Lamivudine/Zidovudine,Generic,150/300mg,Tablet - FDC,60.0,1485.0,11464.2,7.72,0.13,Mylan (formerly Matrix) Nashik,No,See DN-2952 (ID#:82537),See DN-2952 (ID#:82537),16.07,,,,,,,,,,,,,,,,,,,,,,,,,,
71439,,,,,South Africa,,,,,,9/21/2010,,,,,,STRIDES ARCOLAB LIMITED,,Lamivudine,Generic,150mg,,,,,,,,,,,,161-ZA-T30,SCMS-84250,ASN-9007,PMO - US,Direct Drop,DDP,Ocean,8/31/2010,15-Dec-10,15-Dec-10,15-Dec-10,ARV,Adult,"Lamivudine 150mg, tablets, 60 Tabs",Tablet,60.0,164908.0,407322.76,2.47,0.04,"Strides, Bangalore, India.",Yes,8048,12225.76,878.19,FPQ-6262
85219,,FPQ-8024,,,Guyana,,,,,,N/A - From RDC,,,,,,SCMS from RDC,,Lamivudine,Generic,10mg/ml,,,,,,,,,,,,105-GY-T30,SO-40451,DN-2474,PMO - US,From RDC,N/A - From RDC,Air,8/19/2011,31-Jan-12,18-Jan-12,18-Jan-12,ARV,Pediatric,"Lamivudine 10mg/ml, oral solution w/syringe, Bottle, 240 ml",Oral solution,240.0,284.0,525.4,1.85,0.01,"Aurobindo Unit III, India",Yes,103,1783.38,0.87,
86206,,FPQ-16313,,,Nigeria,,,,,,N/A - From RDC,,,,,,SCMS from RDC,,Lamivudine/Zidovudine,Generic,150/300mg,,,,,,,,,,,,151-NG-T30,SO-51430,DN-4281,PMO - US,From RDC,N/A - From RDC,Air,5/4/2015,2-Jun-15,22-Jun-15,24-Jun-15,ARV,Adult,"Lamivudine/Zidovudine 150/300mg, tablets, 60 Tabs",Tablet - FDC,60.0,37742.0,246077.84,6.52,0.11,Mylan (formerly Matrix) Nashik,Yes,3322,21533.88,289.63,
11900,,,,,Kenya,,,,,,N/A - From RDC,,,,,,SCMS from RDC,,"HIV 1/2, Bioline 3.0 Kit, Lancets, Capillary pipets, Alcohol swabs included",Bioline,,,,,,,,,,,,,102-KE-T01,SO-1599,DN-706,PMO - US,From RDC,N/A - From RDC,Truck,Pre-PQ Process,8-Apr-08,8-Apr-08,8-Apr-08,HRDT,HIV test,"HIV 1/2, Bioline 3.0 Kit, Lancets, Capillary pipets, Alcohol swabs included, 25 Tests",Test kit,25.0,2688.0,53760.0,20.0,0.8,"Standard Diagnostics, Korea",Yes,965,838.83,86.02,Pre-PQ Process
84342,,,,,Côte d'Ivoire,,,,,,N/A - From RDC,,,,,,SCMS from RDC,,Zidovudine,Generic,10mg/ml,,,,,,,,,,,,104-CI-T30,SO-46361,DN-3567,PMO - US,From RDC,N/A - From RDC,Air,8/9/2013,28-Mar-14,26-Mar-14,28-Apr-14,ARV,Pediatric,"Zidovudine 10mg/ml, oral solution w/syringe, Bottle, 240 ml",Oral solution,240.0,2867.0,6020.7,2.1,0.01,"Aurobindo Unit III, India",Yes,5752,18607.76,7.45,FPQ-12800
85670,151-NG-T30,FPQ-4537,SO-34914,DN-1778,Nigeria,PMO - US,From RDC,N/A - From RDC,Air Charter,11/6/09,N/A - From RDC,31-May-10,18-May-10,18-May-10,ARV,Adult,SCMS from RDC,"Efavirenz 600mg, tablets, 30 Tabs",Efavirenz,Generic,600mg,Tablet,30.0,7500.0,35625.0,4.75,0.16,"Aurobindo Unit III, India",Yes,662,9736.1,76.81,,,,,,,,,,,,,,,,,,,,,,,,,,
82953,,FPQ-7217,,,Nigeria,,,,,,N/A - From RDC,,,,,,SCMS from RDC,,Efavirenz,Generic,200mg,,,,,,,,,,,,151-NG-T30,SO-39650,DN-2221,PMO - US,From RDC,N/A - From RDC,Air Charter,2/21/2011,15-Jun-11,6-Jul-11,6-Jul-11,ARV,Pediatric,"Efavirenz 200mg, capsule, 90 Caps",Capsule,90.0,1220.0,11821.8,9.69,0.11,"Aurobindo Unit III, India",Yes,169,13398.06,19.51,
4650,,Pre-PQ Process,,,Mozambique,,,,,,8/26/2008,,,,,,"Orgenics, Ltd",,"HIV, Lancet, Safety, for HIV Test kits, 100 Pcs",Generic,,,,,,,,,,,,,111-MZ-T01,SCMS-28730,ASN-2658,PMO - US,Direct Drop,EXW,Air,Pre-PQ Process,1-Nov-08,1-Nov-08,1-Nov-08,HRDT,HIV test - Ancillary,"HIV, Lancet, Safety, for HIV Test kits, 100 Pcs",Test kit - Ancillary,100.0,7690.0,76.9,0.01,0.0,Inverness Japan,Yes,2278,23743.01,0.15,
86400,,,,,Uganda,,,,,,N/A - From RDC,,,,,,SCMS from RDC,,Zidovudine,Generic,300mg,,,,,,,,,,,,114-UG-T30,SO-40220,DN-2313,PMO - US,From RDC,N/A - From RDC,Truck,7/13/2011,22-Sep-11,26-Aug-11,26-Aug-11,ARV,Adult,"Zidovudine 300mg, tablets, 60 Tabs",Tablet,60.0,1684.0,11821.68,7.02,0.12,Hetero Unit III Hyderabad IN,No,See DN-2313 (ID#:85780),See DN-2313 (ID#:85780),19.51,FPQ-8048
62413,,,,,Vietnam,,,,,,11/7/2012,,,,,,HETERO LABS LIMITED,,Efavirenz,Generic,600mg,,,,,,,,,,,,108-VN-T30,SCMS-164580,ASN-18661,PMO - US,Direct Drop,EXW,Air,10/15/2012,1-Apr-13,1-Apr-13,1-Apr-13,ARV,Adult,"Efavirenz 600mg, tablets, 30 Tabs",Tablet,30.0,7245.0,23546.25,3.25,0.11,"Hetero, Jadcherla, unit 5, IN",Yes,622,1226.11,29.13,FPQ-10811
54312,,,,,South Africa,,,,,,8/27/2014,,,,,,S. BUYS WHOLESALER,,Emtricitabine/Tenofovir Disoproxil Fumarate,Generic,200/300mg,,,,,,,,,,,,116-ZA-T30,SCMS-199283,ASN-27978,PMO - US,Direct Drop,DDP,Truck,7/11/2013,27-Aug-14,27-Aug-14,27-Aug-14,ARV,Adult,"Emtricitabine/Tenofovir Disoproxil Fumarate 200/300mg, tablets, 30 Tabs",Tablet - FDC,30.0,14.0,472.13,33.72,1.12,"Aurobindo Unit III, India",No,Weight Captured Separately,Freight Included in Commodity Cost,0.58,FPQ-12522
85409,110-ZM-T30,FPQ-12066,SO-45092,DN-3362,Zambia,PMO - US,From RDC,N/A - From RDC,Truck,4/19/13,N/A - From RDC,29-Nov-13,29-Nov-13,12-Dec-13,ARV,Adult,SCMS from RDC,"Nevirapine 200mg, tablets, 60 Tabs",Nevirapine,Generic,200mg,Tablet,60.0,80000.0,180800.0,2.26,0.04,"Micro labs, Verna, Goa, India",Yes,6502,13300.01,223.65,,,,,,,,,,,,,,,,,,,,,,,,,,
85511,101-CD-T30,FPQ-14252,SO-48850,DN-3843,"Congo, DRC",PMO - US,From RDC,N/A - From RDC,Air,5/7/14,N/A - From RDC,13-Aug-14,24-Sep-14,6-Nov-14,ARV,Pediatric,SCMS from RDC,"Lamivudine/Zidovudine 30/60mg, tablets, 60 Tabs",Lamivudine/Zidovudine,Generic,30/60mg,Tablet - FDC,60.0,900.0,1791.0,1.99,0.03,Mylan (formerly Matrix) Nashik,No,See DN-3843 (ID#:82707),See DN-3843 (ID#:82707),1.84,,,,,,,,,,,,,,,,,,,,,,,,,,
26192,108-VN-T30,FPQ-15040,SCMS-263630,ASN-31648,Vietnam,PMO - US,Direct Drop,EXW,Air,10/30/14,12/8/14,1-Jun-15,1-Jun-15,1-Jun-15,ARV,Adult,MYLAN LABORATORIES LTD (FORMERLY MATRIX LABORATORIES),"Efavirenz/Lamivudine/Tenofovir Disoproxil Fumarate 600/300/300mg, tablets, 30 Tabs",Efavirenz/Lamivudine/Tenofovir Disoproxil Fumarate,Generic,600/300/300mg,Tablet - FDC,30.0,18616.0,188952.4,10.15,0.34,Mylan (formerly Matrix) Nashik,Yes,2101,4384.01,194.24,,,,,,,,,,,,,,,,,,,,,,,,,,
45460,116-ZA-T30,FPQ-14942,SCMS-259075,ASN-32138,South Africa,PMO - US,Direct Drop,DDP,Truck,9/11/14,5/11/15,12-May-15,12-May-15,12-May-15,ARV,Adult,PHARMACY DIRECT,"Lamivudine/Zidovudine 150/300mg, tablets, 60 Tabs",Lamivudine/Zidovudine,Generic,150/300mg,Tablet - FDC,60.0,3.0,64.23,21.41,0.36,"Aurobindo Unit III, India",No,Weight Captured Separately,Freight Included in Commodity Cost,0.07,,,,,,,,,,,,,,,,,,,,,,,,,,
83163,,FPQ-11033,,,Mozambique,,,,,,N/A - From RDC,,,,,,SCMS from RDC,,Efavirenz/Lamivudine/Tenofovir Disoproxil Fumarate,Generic,600/300/300mg,,,,,,,,,,,,111-MZ-T30,SO-43775,DN-3338,PMO - US,From RDC,N/A - From RDC,Truck,11/12/2012,31-Oct-13,31-Oct-13,12-Nov-13,ARV,Adult,"Efavirenz/Lamivudine/Tenofovir Disoproxil Fumarate 600/300/300mg, tablets, 30 Tabs",Tablet - FDC,30.0,15246.0,169992.9,11.15,0.37,Mylan (formerly Matrix) Nashik,Yes,Weight Captured Separately,5902.4,210.28,
70553,,,,,Haiti,,,,,,4/30/2014,,,,,,CIPLA LIMITED,,Lamivudine/Nevirapine/Zidovudine,Generic,30/50/60mg,,,,,,,,,,,,106-HT-T30,SCMS-233980,ASN-26456,PMO - US,Direct Drop,EXW,Air,3/20/2014,1-Aug-14,1-Aug-14,12-Aug-14,ARV,Pediatric,"Lamivudine/Nevirapine/Zidovudine 30/50/60mg, dispersible tablets, 60 Tabs",Chewable/dispersible tablet - FDC,60.0,2594.0,9338.4,3.6,0.06,"Cipla, Goa, India",Yes,231,2076.58,9.6,FPQ-13797
86741,101-CD-T30,FPQ-14576,SO-49290,DN-3975,"Congo, DRC",PMO - US,From RDC,N/A - From RDC,Air,7/14/14,N/A - From RDC,30-Jan-15,18-Feb-15,23-Feb-15,ARV,Adult,SCMS from RDC,"Lamivudine 150mg, tablets, 60 Tabs",Lamivudine,Generic,150mg,Tablet,60.0,1976.0,3438.24,1.74,0.03,"Aurobindo Unit III, India",No,See DN-3975 (ID#:82748),See DN-3975 (ID#:82748),3.53,,,,,,,,,,,,,,,,,,,,,,,,,,
84760,109-TZ-T30,FPQ-9303,SO-41551,DN-2889,Tanzania,PMO - US,From RDC,N/A - From RDC,Truck,2/15/12,N/A - From RDC,30-Nov-12,6-Nov-12,6-Nov-12,ARV,Pediatric,SCMS from RDC,"Lamivudine/Nevirapine/Stavudine 30/50/6mg, dispersible tablets, 60 Tabs",Lamivudine/Nevirapine/Stavudine,Generic,30/50/6mg,Chewable/dispersible tablet - FDC,60.0,1975.0,4542.5,2.3,0.04,"Cipla, Goa, India",No,See DN-2889 (ID#:83631),See DN-2889 (ID#:83631),6.37,,,,,,,,,,,,,,,,,,,,,,,,,,
6196,104-CI-T01,Pre-PQ Process,SCMS-35780,ASN-3151,Côte d'Ivoire,PMO - US,Direct Drop,EXW,Air,Pre-PQ Process,12/19/08,20-Jan-09,20-Jan-09,20-Jan-09,ANTM,Malaria,IDA FOUNDATION,"Quinine 300mg (as sulfate), tablets, Blister 100 x 10 Tabs",Quinine (as sulfate),Generic,300mg,Tablet - blister,1000.0,12.0,629.88,52.49,0.05,"Medopharm Malur Factory, INDIA",Yes,12,536.78,1.23,,,,,,,,,,,,,,,,,,,,,,,,,,
29207,,,,,South Africa,,,,,,8/27/2014,,,,,,S. BUYS WHOLESALER,,Lamivudine,Generic,150mg,,,,,,,,,,,,116-ZA-T30,SCMS-199283,ASN-27978,PMO - US,Direct Drop,DDP,Truck,7/11/2013,27-Aug-14,27-Aug-14,27-Aug-14,ARV,Adult,"Lamivudine 150mg, tablets, 60 Tabs",Tablet,60.0,265.0,2609.69,9.85,0.16,Hetero Unit III Hyderabad IN,No,Weight Captured Separately,Freight Included in Commodity Cost,3.23,FPQ-12522
22357,,FPQ-15065,,,Rwanda,,,,,,12/18/2014,,,,,,"SHANGHAI KEHUA BIOENGINEERING CO.,LTD.  (KHB)",,"HIV 1/2, Colloidal Gold, Diagnostic Kit, Antibody",Colloidal Gold,,,,,,,,,,,,,107-RW-T30,SCMS-263330,ASN-30485,PMO - US,Direct Drop,EXW,Air,10/15/2014,18-Feb-15,18-Feb-15,19-Feb-15,HRDT,HIV test,"HIV 1/2, SKB Colloidal Gold, Diagnostic Kit, Antibody, 50 Tests",Test kit,1.0,4032.0,98784.0,24.5,24.5,"KHB Test Kit Facility, Shanghai China",Yes,2688,35437.38,101.55,
71956,,,,,Haiti,,,,,,1/7/2015,,,,,,HETERO LABS LIMITED,,Lamivudine/Nevirapine/Zidovudine,Generic,150/300/200mg,,,,,,,,,,,,106-HT-T30,SCMS-262980,ASN-30463,PMO - US,Direct Drop,EXW,Ocean,10/22/2014,9-Apr-15,9-Apr-15,13-Apr-15,ARV,Adult,"Lamivudine/Nevirapine/Zidovudine 150/200/300mg, tablets, 60 Tabs",Tablet - FDC,60.0,36000.0,298440.0,8.29,0.14,Hetero Unit III Hyderabad IN,No,See ASN-30463 (ID#:15460),See ASN-30463 (ID#:15460),306.8,FPQ-15038
12541,,,,,Côte d'Ivoire,,,,,,N/A - From RDC,,,,,,SCMS from RDC,,Nevirapine,Generic,200mg,,,,,,,,,,,,104-CI-T01,SO-21870,DN-1087,PMO - US,From RDC,N/A - From RDC,Air,Pre-PQ Process,2-Mar-09,2-Mar-09,2-Mar-09,ARV,Adult,"Nevirapine 200mg, tablets, 60 Tabs",Tablet,60.0,22566.0,67698.0,3.0,0.05,"Aurobindo Unit III, India",Yes,2113,5574.06,132.69,Pre-PQ Process
56320,,FPQ-5303,,,South Africa,,,,,,3/19/2010,,,,,,Aurobindo Pharma Limited,,Zidovudine,Generic,300mg,,,,,,,,,,,,161-ZA-T30,SCMS-69000,ASN-7021,PMO - US,Direct Drop,DDP,Air,3/18/2010,8-Jun-10,8-Jun-10,8-Jun-10,ARV,Adult,"Zidovudine 300mg, tablets, 60 Tabs",Tablet,60.0,26540.0,197192.2,7.43,0.12,"Aurobindo Unit III, India",Yes,1431,4885.21,425.15,
85527,,FPQ-13042,,,Tanzania,,,,,,N/A - From RDC,,,,,,SCMS from RDC,,Abacavir,Generic,300mg,,,,,,,,,,,,109-TZ-T30,SO-47960,DN-3926,PMO - US,From RDC,N/A - From RDC,Truck,10/1/2013,3-Nov-14,28-Oct-14,31-Oct-14,ARV,Adult,"Abacavir 300mg, tablets, 60 Tabs",Tablet,60.0,2469.0,27726.87,11.23,0.19,Mylan (formerly Matrix) Nashik,Yes,230,1163.2,34.3,
84167,,FPQ-9321,,,Uganda,,,,,,N/A - From RDC,,,,,,SCMS from RDC,,Lamivudine/Zidovudine,Generic,150/300mg,,,,,,,,,,,,114-UG-T30,SO-41510,DN-2643,PMO - US,From RDC,N/A - From RDC,Truck,2/10/2012,3-Jul-12,18-May-12,18-May-12,ARV,Adult,"Lamivudine/Zidovudine 150/300mg, tablets, 60 Tabs",Tablet - FDC,60.0,2000.0,15560.0,7.78,0.13,Hetero Unit III Hyderabad IN,No,See DN-2643 (ID#:82471),See DN-2643 (ID#:82471),21.82,
56084,,FPQ-12252,,,Zambia,,,,,,5/22/2013,,,,,,"Orgenics, Ltd",,"HIV 1/2, Determine Complete HIV Kit",Determine,,,,,,,,,,,,,110-ZM-T30,SCMS-189240,ASN-20477,PMO - US,Direct Drop,EXW,Air,5/2/2013,5-Aug-13,31-Jul-13,31-Jul-13,HRDT,HIV test,"HIV 1/2, Determine Complete HIV Kit, 100 Tests",Test kit,100.0,2929.0,234320.0,80.0,0.8,"Alere Medical Co., Ltd.",Yes,1214,18875.83,289.85,
44612,,FPQ-5317,,,Vietnam,,,,,,3/29/2010,,,,,,MYLAN LABORATORIES LTD (FORMERLY MATRIX LABORATORIES),,Efavirenz,Generic,600mg,,,,,,,,,,,,108-VN-T30,SCMS-69730,ASN-8447,PMO - US,Direct Drop,EXW,Air,3/22/2010,9-Nov-10,9-Nov-10,9-Nov-10,ARV,Adult,"Efavirenz 600mg, tablets, 30 Tabs",Tablet,30.0,40890.0,175827.0,4.3,0.14,Mylan (formerly Matrix) Nashik,Yes,3329,10455.35,379.08,
11102,,,,,Côte d'Ivoire,,,,,,N/A - From RDC,,,,,,SCMS from RDC,,Efavirenz,Generic,600mg,,,,,,,,,,,,100-CI-T01,SO-392,DN-53,PMO - US,From RDC,N/A - From RDC,,Pre-PQ Process,4-May-07,4-May-07,4-May-07,ARV,Adult,"Efavirenz 600mg, tablets, 30 Tabs",Tablet,30.0,10000.0,162500.0,16.25,0.54,"Aurobindo Unit III, India",Yes,901,3006,,Pre-PQ Process
86295,,FPQ-4537,,,Nigeria,,,,,,N/A - From RDC,,,,,,SCMS from RDC,,Efavirenz,Generic,600mg,,,,,,,,,,,,151-NG-T30,SO-34917,DN-1782,PMO - US,From RDC,N/A - From RDC,Air Charter,11/6/2009,31-May-10,18-May-10,18-May-10,ARV,Adult,"Efavirenz 600mg, tablets, 30 Tabs",Tablet,30.0,336.0,1596.0,4.75,0.16,"Aurobindo Unit III, India",Yes,30,9736.1,3.44,
12778,,,,,Nigeria,,,,,,N/A - From RDC,,,,,,SCMS from RDC,,Emtricitabine/Tenofovir Disoproxil Fumarate,Truvada,300/200mg,,,,,,,,,,,,112-NG-T01,SO-2351,DN-717,PMO - US,From RDC,N/A - From RDC,Air,Pre-PQ Process,18-Apr-08,18-Apr-08,18-Apr-08,ARV,Adult,"Emtricitabine/Tenofovir Disoproxil Fumarate 200/300mg [Truvada], tablets, 30 Tabs",Tablet - FDC,30.0,16.0,420.0,26.25,0.88,"Aspen-OSD, Port Elizabeth, SA",No,See DN-717 (ID#:11858),See DN-717 (ID#:11858),0.67,Pre-PQ Process
791,,Pre-PQ Process,,,Namibia,,,,,,9/24/2008,,,,,,"Orgenics, Ltd",,"HIV 1/2, Determine HIV Kit, without Lancets",Determine,,,,,,,,,,,,,119-NA-T01,SCMS-31180,ASN-2717,PMO - US,Direct Drop,EXW,Air,Pre-PQ Process,29-Oct-08,29-Oct-08,29-Oct-08,HRDT,HIV test,"HIV 1/2, Determine HIV Kit, without Lancets, 100 Tests",Test kit,100.0,150.0,10798.5,71.99,0.72,Inverness Japan,Yes,46,2698.04,21.17,
35788,,FPQ-8792,,,"Congo, DRC",,,,,,1/9/2012,,,,,,"Trinity Biotech, Plc",,"HIV 1/2, Uni-Gold HIV Kit",Uni-Gold,,,,,,,,,,,,,101-CD-T30,SCMS-131060,ASN-13565,PMO - US,Direct Drop,EXW,Air,12/14/2011,3-Aug-12,3-Aug-12,3-Aug-12,HRDT,HIV test,"HIV 1/2, Uni-Gold HIV Kit, 20 Tests",Test kit,20.0,137.0,4384.0,32.0,1.6,"Trinity Biotech, Plc",Yes,62,1367.59,6.15,
16556,,FPQ-8741,,,Rwanda,,,,,,3/14/2012,,,,,,CIPLA LIMITED,,Lopinavir/Ritonavir,Generic,200/50mg,,,,,,,,,,,,107-RW-T30,SCMS-129500,ASN-15286,PMO - US,Direct Drop,EXW,Air,11/30/2011,29-Jun-12,29-Jun-12,29-Jun-12,ARV,Adult,"Lopinavir/Ritonavir 200/50mg, tablets, 120 Tabs",Tablet,120.0,2074.0,74746.96,36.04,0.3,Cipla Ltd A-42 MIDC Mahar. IN,Yes,627,6072.8,104.8,
47853,109-TZ-T30,FPQ-4157,SCMS-52775,ASN-5402,Tanzania,PMO - US,Direct Drop,EXW,Air,8/27/09,9/3/09,18-Jan-10,18-Jan-10,18-Jan-10,HRDT,HIV test,"Orgenics, Ltd","HIV 1/2, Determine HIV Kit, without Lancets, 100 Tests","HIV 1/2, Determine HIV Kit, without Lancets",Determine,,Test kit,100.0,2024.0,141680.0,70.0,0.7,Inverness Japan,Yes,461,6923.2,277.69,,,,,,,,,,,,,,,,,,,,,,,,,,
83347,,FPQ-15639,,,Uganda,,,,,,N/A - From RDC,,,,,,SCMS from RDC,,Lamivudine/Nevirapine/Zidovudine,Generic,150/300/200mg,,,,,,,,,,,,114-UG-T30,SO-50660,DN-4310,PMO - US,From RDC,N/A - From RDC,Truck,12/22/2014,31-Jul-15,23-Jul-15,23-Jul-15,ARV,Adult,"Lamivudine/Nevirapine/Zidovudine 150/200/300mg, tablets, 60 Tabs",Tablet - FDC,60.0,88392.0,716859.12,8.11,0.14,"Cipla, Goa, India",No,See DN-4310 (ID#:82811),See DN-4310 (ID#:82811),843.74,
83024,111-MZ-T30,FPQ-8157,SO-40390,DN-2616,Mozambique,PMO - US,From RDC,N/A - From RDC,Truck,8/4/11,N/A - From RDC,7-May-12,10-May-12,10-May-12,ARV,Adult,SCMS from RDC,"Lamivudine/Nevirapine/Zidovudine 150/200/300mg, tablets, 60 Tabs",Lamivudine/Nevirapine/Zidovudine,Generic,150/300/200mg,Tablet - FDC,60.0,117749.0,1321143.78,11.22,0.19,Mylan (formerly Matrix) Nashik,Yes,28088,19652.22,2179.89,,,,,,,,,,,,,,,,,,,,,,,,,,
79648,106-HT-T30,FPQ-13494,SCMS-225411,ASN-25473,Haiti,PMO - US,Direct Drop,EXW,Air,1/21/14,2/19/14,15-May-14,15-May-14,20-May-14,HRDT,HIV test,"Orgenics, Ltd","HIV 1/2, Determine Complete HIV Kit, 100 Tests","HIV 1/2, Determine Complete HIV Kit",Determine,,Test kit,100.0,4000.0,400000.0,100.0,1.0,"Alere Medical Co., Ltd.",Yes,1623,15230.88,411.2,,,,,,,,,,,,,,,,,,,,,,,,,,
85584,102-BI-T30,FPQ-15406,SO-50290,DN-4210,Burundi,PMO - US,From RDC,N/A - From RDC,Air,11/19/14,N/A - From RDC,30-Jun-15,22-Apr-15,23-Apr-15,ARV,Pediatric,SCMS from RDC,"Lamivudine/Zidovudine 30/60mg, dispersible tablets, 60 Tabs",Lamivudine/Zidovudine,Generic,30/60mg,Chewable/dispersible tablet - FDC,60.0,164.0,314.88,1.92,0.03,"Cipla, Goa, India",No,See DN-4210 (ID#:83906),See DN-4210 (ID#:83906),0.37,,,,,,,,,,,,,,,,,,,,,,,,,,
83266,,,,,"Congo, DRC",,,,,,N/A - From RDC,,,,,,SCMS from RDC,,Efavirenz,Generic,200mg,,,,,,,,,,,,101-CD-T30,SO-48850,DN-3843,PMO - US,From RDC,N/A - From RDC,Air,5/7/2014,13-Aug-14,24-Sep-14,6-Nov-14,ARV,Pediatric,"Efavirenz 200mg, scored tablets, 90 Tabs",Tablet,90.0,710.0,6603.0,9.3,0.1,"Strides, Bangalore, India.",No,See DN-3843 (ID#:82707),See DN-3843 (ID#:82707),6.79,FPQ-14252
53738,,,,,South Africa,,,,,,12/23/2009,,,,,,S. BUYS WHOLESALER,,Zidovudine,Retrovir,10mg/ml,,,,,,,,,,,,116-ZA-T30,SCMS-60170,ASN-5933,PMO - US,Direct Drop,DDP,Truck,12/17/2009,29-Dec-09,29-Dec-09,29-Dec-09,ARV,Pediatric,"Zidovudine 10mg/ml [Retrovir], oral solution, Bottle, 200 ml",Oral solution,200.0,120.0,866.06,7.22,0.04,GSK Mississauga (Canada),No,Weight Captured Separately,Freight Included in Commodity Cost,1.87,FPQ-4770
12131,,,,,Nigeria,,,,,,N/A - From RDC,,,,,,SCMS from RDC,,Lamivudine,Generic,10mg/ml,,,,,,,,,,,,112-NG-T01,SO-567,DN-475,PMO - US,From RDC,N/A - From RDC,Air,Pre-PQ Process,3-Dec-07,3-Dec-07,3-Dec-07,ARV,Pediatric,"Lamivudine 10mg/ml, oral solution, Bottle, 240 ml",Oral solution,240.0,1283.0,3322.97,2.59,0.01,"Cipla, Goa, India",No,See DN-475 (ID#:10642),See DN-475 (ID#:10642),5.32,Pre-PQ Process
9080,,Pre-PQ Process,,,South Africa,,,,,,4/2/2009,,,,,,S. BUYS WHOLESALER,,Didanosine EC,Videx EC,400mg,,,,,,,,,,,,116-ZA-T01,SCMS-47320,ASN-4224,PMO - US,Direct Drop,DDP,Truck,Pre-PQ Process,15-May-09,15-May-09,15-May-09,ARV,Adult,"Didanosine EC 400mg [Videx EC], delayed-release capsules, Blister 3 x 10 Caps",Delayed-release capsules - blister,30.0,80.0,1502.4,18.78,0.63,"BMS Meymac, France",Yes,Weight Captured Separately,Freight Included in Commodity Cost,2.94,
12354,,Pre-PQ Process,,,Nigeria,,,,,,N/A - From RDC,,,,,,SCMS from RDC,,Nevirapine,Generic,200mg,,,,,,,,,,,,112-NG-T01,SO-563,DN-209,PMO - US,From RDC,N/A - From RDC,,Pre-PQ Process,3-Jul-07,3-Jul-07,3-Jul-07,ARV,Adult,"Nevirapine 200mg, tablets, 60 Tabs",Tablet,60.0,538.0,1920.66,3.57,0.06,"Aurobindo Unit III, India",No,See DN-209 (ID#:11136),See DN-209 (ID#:11136),3.07,
10962,125-HT-T01,Pre-PQ Process,SO-1291,DN-686,Haiti,PMO - US,From RDC,N/A - From RDC,Air,Pre-PQ Process,N/A - From RDC,3-Apr-08,3-Apr-08,3-Apr-08,HRDT,HIV test,SCMS from RDC,"HIV 1/2, Determine HIV Kit, without Lancets, 100 Tests","HIV 1/2, Determine HIV Kit, without Lancets",Determine,,Test kit,100.0,25.0,1800.0,72.0,0.72,Inverness Japan,No,See DN-686 (ID#:10691),See DN-686 (ID#:10691),2.88,,,,,,,,,,,,,,,,,,,,,,,,,,
1079,,Pre-PQ Process,,,South Africa,,,,,,3/18/2009,,,,,,S. BUYS WHOLESALER,,Lamivudine,Generic,10mg/ml,,,,,,,,,,,,116-ZA-T01,SCMS-41464,ASN-4634,PMO - US,Direct Drop,DDP,Air,Pre-PQ Process,25-Jun-09,17-Jun-09,17-Jun-09,ARV,Pediatric,"Lamivudine 10mg/ml, oral solution, Bottle, 240 ml",Oral solution,240.0,342.0,1932.3,5.65,0.02,"Aurobindo Unit III, India",Yes,Weight Captured Separately,Freight Included in Commodity Cost,3.79,
76144,,,,,Mozambique,,,,,,11/19/2014,,,,,,"Orgenics, Ltd",,"HIV 1/2, Determine Kit without Lancets, Buffer or Capillary Tubes, 100 Tests",Determine,,,,,,,,,,,,,111-MZ-T30,SCMS-264780,ASN-30261,PMO - US,Direct Drop,EXW,Air,11/12/2014,10-Feb-15,10-Feb-15,18-Feb-15,HRDT,HIV test,"HIV 1/2, Determine Kit without Lancets, Buffer or Caplillary Tubes, 100 Tests",Test kit,100.0,18.0,1298.7,72.15,0.72,"Alere Medical Co., Ltd.",No,See ASN-30261 (ID#:19627),See ASN-30261 (ID#:19627),1.53,FPQ-15324
83174,,,,,Côte d'Ivoire,,,,,,N/A - From RDC,,,,,,SCMS from RDC,,Lopinavir/Ritonavir,Aluvia,200/50mg,,,,,,,,,,,,104-CI-T30,SO-44210,DN-3371,PMO - US,From RDC,N/A - From RDC,Truck,12/14/2012,31-Oct-13,22-Oct-13,19-Nov-13,ARV,Adult,"Lopinavir/Ritonavir 200/50mg [Aluvia], tablets, 120 Tabs",Tablet,120.0,15119.0,305706.18,20.22,0.17,ABBVIE Ludwigshafen Germany,Yes,7541,27875.36,378.16,FPQ-11253
9081,,Pre-PQ Process,,,South Africa,,,,,,4/2/2009,,,,,,S. BUYS WHOLESALER,,Zidovudine,Generic,10mg/ml,,,,,,,,,,,,116-ZA-T01,SCMS-47500,ASN-4332,PMO - US,Direct Drop,DDP,Truck,Pre-PQ Process,15-May-09,23-Apr-09,23-Apr-09,ARV,Pediatric,"Zidovudine 10mg/ml, oral solution, Bottle, 240 ml",Oral solution,240.0,200.0,1208.0,6.04,0.03,"Aurobindo Unit III, India",No,See ASN-4332 (ID#:1115),See ASN-4332 (ID#:1115),2.37,
61623,,,,,Haiti,,,,,,10/24/2013,,,,,,Aurobindo Pharma Limited,,Nevirapine,Generic,50mg,,,,,,,,,,,,106-HT-T30,SCMS-210470,ASN-24369,PMO - US,Direct Drop,EXW,Ocean,8/21/2013,9-May-14,9-May-14,12-May-14,ARV,Pediatric,"Nevirapine 50mg, dispersible tablets (tablets for oral suspension), 30 Tabs",Chewable/dispersible tablet,30.0,2293.0,2866.25,1.25,0.04,"Aurobindo Unit III, India",Yes,122,2461.63,3.55,FPQ-12590
84430,,FPQ-13628,,,Côte d'Ivoire,,,,,,N/A - From RDC,,,,,,SCMS from RDC,,Lopinavir/Ritonavir,Generic,200/50mg,,,,,,,,,,,,104-CI-T30,SO-47912,DN-4024,PMO - US,From RDC,N/A - From RDC,Truck,1/29/2014,30-Jan-15,11-Feb-15,16-Feb-15,ARV,Adult,"Lopinavir/Ritonavir 200/50mg, tablets, 120 Tabs",Tablet,120.0,10275.0,213720.0,20.8,0.17,"Aurobindo Unit III, India",No,See DN-4024 (ID#:82756),See DN-4024 (ID#:82756),219.7,
84838,,,,,South Sudan,,,,,,N/A - From RDC,,,,,,SCMS from RDC,,Nevirapine,Generic,200mg,,,,,,,,,,,,900-SS-T30,SO-44701,DN-3259,PMO - US,From RDC,N/A - From RDC,Truck,2/27/2013,26-Aug-13,26-Aug-13,26-Aug-13,ARV,Adult,"Nevirapine 200mg, tablets, 60 Tabs",Tablet,60.0,225.0,508.5,2.26,0.04,Hetero Unit III Hyderabad IN,Yes,81,1641,0.63,FPQ-11637
75181,101-CD-T30,FPQ-13548,SCMS-224840,ASN-24721,"Congo, DRC",PMO - US,Direct Drop,EXW,Air,1/22/14,1/28/14,4-Apr-14,4-Apr-14,28-Apr-14,HRDT,HIV test,"Trinity Biotech, Plc","HIV 1/2, Uni-Gold HIV Kit, 20 Tests","HIV 1/2, Uni-Gold HIV Kit",Uni-Gold,,Test kit,20.0,5.0,160.0,32.0,1.6,"Trinity Biotech, Plc",No,See ASN-24721 (ID#:13708),See ASN-24721 (ID#:13708),0.16,,,,,,,,,,,,,,,,,,,,,,,,,,
36603,,,,,Vietnam,,,,,,3/10/2014,,,,,,Aurobindo Pharma Limited,,Nevirapine,Generic,200mg,,,,,,,,,,,,108-VN-T30,SCMS-226240,ASN-25803,PMO - US,Direct Drop,EXW,Air,2/6/2014,7-Jun-14,7-Jun-14,7-Jun-14,ARV,Adult,"Nevirapine 200mg, tablets, 60 Tabs",Tablet,60.0,7400.0,16650.0,2.25,0.04,"Aurobindo Unit III, India",Yes,730,1338.19,17.12,FPQ-13524
5051,116-ZA-T01,Pre-PQ Process,SCMS-41190,ASN-3732,South Africa,PMO - US,Direct Drop,DDP,Air,Pre-PQ Process,Date Not Captured,30-Mar-09,21-Jan-09,21-Jan-09,ARV,Pediatric,S. BUYS WHOLESALER,"Efavirenz 50mg [Stocrin/Sustiva], capsule, 30 Caps",Efavirenz,Stocrin/Sustiva,50mg,Capsule,30.0,80.0,188.8,2.36,0.08,"MSD Midrand, J'burg, SA",No,Weight Captured Separately,Freight Included in Commodity Cost,0.37,,,,,,,,,,,,,,,,,,,,,,,,,,
86503,107-RW-T30,FPQ-9888,SO-42111,DN-2788,Rwanda,PMO - US,From RDC,N/A - From RDC,Air,5/11/12,N/A - From RDC,31-Aug-12,16-Aug-12,16-Aug-12,ARV,Adult,SCMS from RDC,"Abacavir 300mg, tablets, 60 Tabs",Abacavir,Generic,300mg,Tablet,60.0,629.0,8271.35,13.15,0.22,"Aurobindo Unit III, India",Yes,67,1618.12,11.6,,,,,,,,,,,,,,,,,,,,,,,,,,
78589,,,,,Botswana,,,,,,2/6/2015,,,,,,HETERO LABS LIMITED,,Efavirenz/Emtricitabine/Tenofovir Disoproxil Fumarate,Generic,600/200/300mg,,,,,,,,,,,,104-BW-T30,SCMS-275710,ASN-31390,PMO - US,Direct Drop,EXW,Air,1/8/2015,2-Jun-15,2-Jun-15,4-Jun-15,ARV,Adult,"Efavirenz/Emtricitabine/Tenofovir Disoproxil Fumarate 600/200/300mg, tablets, 30 Tabs",Tablet - FDC,30.0,34735.0,362286.05,10.43,0.35,"Hetero, Jadcherla, unit 5, IN",Yes,4260,21035.49,426.41,FPQ-15568
77737,107-RW-T30,FPQ-9270,SCMS-136330,ASN-13764,Rwanda,PMO - US,Direct Drop,EXW,Air,1/27/12,1/31/12,25-Feb-12,25-Feb-12,25-Feb-12,HRDT,HIV test,"Trinity Biotech, Plc","HIV 1/2, Uni-Gold HIV Kit, 20 Tests","HIV 1/2, Uni-Gold HIV Kit",Uni-Gold,,Test kit,20.0,1460.0,46720.0,32.0,1.6,"Trinity Biotech, Plc",Yes,613,5405.42,65.5,,,,,,,,,,,,,,,,,,,,,,,,,,
85857,114-UG-T30,FPQ-9356,SO-41610,DN-2654,Uganda,PMO - US,From RDC,N/A - From RDC,Truck,2/20/12,N/A - From RDC,29-Jun-12,22-May-12,22-May-12,ARV,Adult,SCMS from RDC,"Lopinavir/Ritonavir 200/50mg [Aluvia], tablets, 120 Tabs",Lopinavir/Ritonavir,Aluvia,200/50mg,Tablet,120.0,917.0,28261.94,30.82,0.26,ABBVIE Ludwigshafen Germany,No,See DN-2654 (ID#:82473),See DN-2654 (ID#:82473),39.62,,,,,,,,,,,,,,,,,,,,,,,,,,
83503,151-NG-T30,FPQ-7217,SO-39570,DN-2211,Nigeria,PMO - US,From RDC,N/A - From RDC,Air Charter,2/21/11,N/A - From RDC,15-Jun-11,5-Jul-11,5-Jul-11,ARV,Adult,SCMS from RDC,"Lamivudine/Tenofovir Disoproxil Fumarate 300/300mg, tablets, 30 Tabs",Lamivudine/Tenofovir Disoproxil Fumarate,Generic,300/300mg,Tablet - FDC,30.0,70651.0,623141.82,8.82,0.29,Mylan (formerly Matrix) Nashik,Yes,6749,13398.06,1028.18,,,,,,,,,,,,,,,,,,,,,,,,,,
83984,,,,,Haiti,,,,,,N/A - From RDC,,,,,,SCMS from RDC,,Lamivudine,Generic,10mg/ml,,,,,,,,,,,,106-HT-T30,SO-34690,DN-1673,PMO - US,From RDC,N/A - From RDC,Air,10/23/2009,15-Mar-10,15-Mar-10,15-Mar-10,ARV,Pediatric,"Lamivudine 10mg/ml, oral solution, Bottle, 240 ml",Oral solution,240.0,3136.0,5958.4,1.9,0.01,"Cipla, Goa, India",No,See DN-1673 (ID#:83983),See DN-1673 (ID#:83983),12.85,FPQ-4384
54934,,,,,South Africa,,,,,,10/9/2014,,,,,,PHARMACY DIRECT,,Didanosine,Generic,250mg,,,,,,,,,,,,116-ZA-T30,SCMS-259079,ASN-33851,PMO - US,Direct Drop,DDP,Truck,9/11/2014,24-Aug-15,24-Aug-15,24-Aug-15,ARV,Adult,"Didanosine 250mg, delayed-release capsules, 30 Caps",Delayed-release capsules,30.0,6.0,71.03,11.84,0.39,"Aurobindo Unit III, India",No,Weight Captured Separately,Freight Included in Commodity Cost,0.07,FPQ-14942
12876,,Pre-PQ Process,,,Tanzania,,,,,,N/A - From RDC,,,,,,SCMS from RDC,,Abacavir,Generic,20mg/ml,,,,,,,,,,,,109-TZ-T01,SO-18740,DN-1180,PMO - US,From RDC,N/A - From RDC,Truck,Pre-PQ Process,11-May-09,11-May-09,11-May-09,ARV,Pediatric,"Abacavir 20mg/ml, oral solution, Bottle, 240 ml",Oral solution,240.0,1977.0,31928.55,16.15,0.07,"Aurobindo Unit III, India",No,See DN-1180 (ID#:11033),See DN-1180 (ID#:11033),62.58,
64553,,FPQ-12791,,,Rwanda,,,,,,9/19/2013,,,,,,Aurobindo Pharma Limited,,Abacavir/Lamivudine,Generic,600/300mg,,,,,,,,,,,,107-RW-T30,SCMS-205920,ASN-22849,PMO - US,Direct Drop,EXW,Air,8/9/2013,13-Dec-13,13-Dec-13,17-Dec-13,ARV,Adult,"Abacavir/Lamivudine 600/300mg, tablets, 30 Tabs",Tablet - FDC,30.0,14000.0,203000.0,14.5,0.48,"Aurobindo Unit III, India",Yes,1428,9061.84,251.11,
74398,,FPQ-7175,,,South Africa,,,,,,3/24/2011,,,,,,Aurobindo Pharma Limited,,Efavirenz,Generic,600mg,,,,,,,,,,,,161-ZA-T30,SCMS-103390,ASN-11889,PMO - US,Direct Drop,DDP,Ocean,3/10/2011,10-Oct-11,10-Oct-11,10-Oct-11,ARV,Adult,"Efavirenz 600mg, tablets, 30 Tabs",Tablet,30.0,78595.0,354463.45,4.51,0.15,"Aurobindo Unit III, India",Yes,6681,9323.27,584.86,
80329,,FPQ-9884,,,"Congo, DRC",,,,,,6/14/2012,,,,,,AMSTELFARMA B.V.,,Sulfadoxine/Pyrimethamine,Generic,500/25mg,,,,,,,,,,,,101-CD-T30,SCMS-149100,ASN-15470,PMO - US,Direct Drop,EXW,Air,5/31/2012,7-Dec-12,7-Dec-12,7-Dec-12,ANTM,Malaria,"Sulfadoxine/Pyrimethamine 500/25mg, tablets, 1000 Tabs",Tablet - FDC,1000.0,602.0,15230.6,25.3,0.03,"Micro Labs, Hosur, India",Yes,488,7393.13,21.35,
85938,,FPQ-11096,,,"Congo, DRC",,,,,,N/A - From RDC,,,,,,SCMS from RDC,,Zidovudine,Generic,10mg/ml,,,,,,,,,,,,101-CD-T30,SO-43750,DN-3017,PMO - US,From RDC,N/A - From RDC,Air,11/20/2012,18-Mar-13,8-Aug-13,8-Aug-13,ARV,Pediatric,"Zidovudine 10mg/ml, oral solution w/syringe, Bottle, 240 ml",Oral solution,240.0,738.0,1549.8,2.1,0.01,"Aurobindo Unit III, India",No,See DN-3017 (ID#:83108),See DN-3017 (ID#:83108),1.92,
3787,,Pre-PQ Process,,,South Africa,,,,,,4/2/2009,,,,,,S. BUYS WHOLESALER,,Zidovudine,Retrovir,100mg,,,,,,,,,,,,116-ZA-T01,SCMS-47350,ASN-4287,PMO - US,Direct Drop,DDP,Truck,Pre-PQ Process,15-May-09,4-May-09,4-May-09,ARV,Pediatric,"Zidovudine 100mg [Retrovir], capsules, 100 Caps",Capsule,100.0,30.0,371.1,12.37,0.12,GSK Crawley,Yes,Weight Captured Separately,Freight Included in Commodity Cost,0.73,
52793,,,,,Ghana,,,,,,9/25/2014,,,,,,MYLAN LABORATORIES LTD (FORMERLY MATRIX LABORATORIES),,Lamivudine/Zidovudine,Generic,30/60mg,,,,,,,,,,,,105-GH-T30,SCMS-254770,ASN-30499,PMO - US,Direct Drop,EXW,Air,8/11/2014,10-Apr-15,10-Apr-15,13-Apr-15,ARV,Pediatric,"Lamivudine/Zidovudine 30/60mg, dispersible tablets, 60 Tabs",Chewable/dispersible tablet - FDC,60.0,11022.0,21933.78,1.99,0.03,"Mylan,  H-12 & H-13, India",Yes,1976,12580,22.55,FPQ-14667
33360,,FPQ-11433,,,Haiti,,,,,,2/27/2013,,,,,,ETHNOR DEL ISTMO S.A.,,Darunavir,Prezista,300mg,,,,,,,,,,,,106-HT-T30,SCMS-178730,ASN-18767,PMO - US,Direct Drop,CIP,Air,1/31/2013,2-Apr-13,2-Apr-13,2-Apr-13,ARV,Adult,"Darunavir 300mg [Prezista], tablets, 120 Tabs",Tablet,120.0,120.0,7992.0,66.6,0.55,"Janssen Ortho LLC, Puerto Rico",Yes,26,240,9.89,
80141,,,,,Tanzania,,,,,,6/29/2009,,,,,,BRISTOL-MYERS SQUIBB,,Didanosine EC,Videx EC,400mg,,,,,,,,,,,,109-TZ-T30,SCMS-47760,ASN-4974,PMO - US,Direct Drop,CIP,Air,6/11/2009,21-Oct-09,21-Oct-09,21-Oct-09,ARV,Adult,"Didanosine EC 400mg [Videx EC], delayed-release capsules, Blister 3 x 10 Caps",Delayed-release capsules - blister,30.0,6900.0,163323.0,23.67,0.79,"BMS Meymac, France",No,See ASN-4974 (ID#:18694),See ASN-4974 (ID#:18694),320.11,FPQ-3782
56950,161-ZA-T30,FPQ-5648,SCMS-75650,ASN-9846,South Africa,PMO - US,Direct Drop,DDP,Ocean,6/2/10,6/17/10,17-Mar-11,17-Mar-11,17-Mar-11,ARV,Pediatric,Aurobindo Pharma Limited,"Lamivudine 10mg/ml, oral solution w/syringe, Bottle, 240 ml",Lamivudine,Generic,10mg/ml,Oral solution,240.0,33476.0,70969.12,2.12,0.01,"Aurobindo Unit III, India",Yes,Weight Captured Separately,Freight Included in Commodity Cost,153.01,,,,,,,,,,,,,,,,,,,,,,,,,,
33544,,FPQ-11923,,,Mozambique,,,,,,4/25/2013,,,,,,ABBVIE LOGISTICS (FORMERLY ABBOTT LOGISTICS BV),,Ritonavir,Norvir,100mg,,,,,,,,,,,,111-MZ-T30,SCMS-187130,ASN-21340,PMO - US,Direct Drop,FCA,Air,4/19/2013,30-Sep-13,30-Sep-13,30-Sep-13,ARV,Adult,"Ritonavir 100mg [Norvir], film coated tablets, 60 Tabs",Tablet,60.0,168.0,1150.8,6.85,0.11,ABBVIE Ludwigshafen Germany,Yes,23,851.62,1.42,
73348,,FPQ-15021,,,Zimbabwe,,,,,,10/30/2014,,,,,,ABBVIE LOGISTICS (FORMERLY ABBOTT LOGISTICS BV),,Lopinavir/Ritonavir,Kaletra,80/20mg/ml,,,,,,,,,,,,103-ZW-T30,SCMS-261410,ASN-30816,PMO - US,Direct Drop,FCA,Air,10/15/2014,28-Feb-15,28-Feb-15,28-Feb-15,ARV,Pediatric,"Lopinavir/Ritonavir 80/20mg/ml [Kaletra], oral solution, cool, Bottle 5 x 60 ml",Oral solution,300.0,5362.0,165256.84,30.82,0.1,ABBVIE (Abbott) Logis. UK,Yes,5060,44952.61,169.88,
85577,,FPQ-15985,,,Swaziland,,,,,,N/A - From RDC,,,,,,SCMS from RDC,,Efavirenz/Lamivudine/Tenofovir Disoproxil Fumarate,Generic,600/300/300mg,,,,,,,,,,,,104-SZ-T30,SO-51110,DN-4194,PMO - US,From RDC,N/A - From RDC,Truck,2/26/2015,6-Apr-15,26-Mar-15,26-Mar-15,ARV,Adult,"Efavirenz/Lamivudine/Tenofovir Disoproxil Fumarate 600/300/300mg, tablets, 30 Tabs",Tablet - FDC,30.0,65000.0,649350.0,9.99,0.33,Mylan (formerly Matrix) Nashik,Yes,7403,4971.05,764.28,
12434,117-ET-T01,Pre-PQ Process,SO-919,DN-389,Ethiopia,PMO - US,From RDC,N/A - From RDC,,Pre-PQ Process,N/A - From RDC,31-Oct-07,31-Oct-07,31-Oct-07,ARV,Adult,SCMS from RDC,"Lamivudine 150mg, tablets, 60 Tabs",Lamivudine,Generic,150mg,Tablet,60.0,3145.0,9560.8,3.04,0.05,"Aurobindo Unit III, India",Yes,162,810.86,15.3,,,,,,,,,,,,,,,,,,,,,,,,,,
85114,104-CI-T30,FPQ-4659,SO-35560,DN-1799,Côte d'Ivoire,PMO - US,From RDC,N/A - From RDC,Air,12/8/09,N/A - From RDC,10-May-10,7-May-10,7-May-10,ARV,Adult,SCMS from RDC,"Abacavir 300mg, tablets, 60 Tabs",Abacavir,Generic,300mg,Tablet,60.0,8150.0,154850.0,19.0,0.32,Mylan (formerly Matrix) Nashik,No,See DN-1799 (ID#:84560),See DN-1799 (ID#:84560),333.86,,,,,,,,,,,,,,,,,,,,,,,,,,
82898,151-NG-T30,FPQ-5023,SO-36492,DN-1911,Nigeria,PMO - US,From RDC,N/A - From RDC,Air,2/10/10,N/A - From RDC,15-Jul-10,28-Jun-10,28-Jun-10,ARV,Adult,SCMS from RDC,"Lamivudine 150mg, tablets, 60 Tabs",Lamivudine,Generic,150mg,Tablet,60.0,3000.0,7320.0,2.44,0.04,"Aurobindo Unit III, India",Yes,142,Freight Included in Commodity Cost,15.78,,,,,,,,,,,,,,,,,,,,,,,,,,
68515,,FPQ-7325,,,Côte d'Ivoire,,,,,,5/5/2011,,,,,,"Standard Diagnostics, Inc.",,"HIV 1/2, Bioline 3.0 Kit, Lancets, Capillary pipets, Alcohol swabs included",Bioline,,,,,,,,,,,,,104-CI-T30,SCMS-106570,ASN-11058,PMO - US,Direct Drop,EXW,Air,3/9/2011,17-Jun-11,17-Jun-11,17-Jun-11,HRDT,HIV test,"HIV 1/2, Bioline 3.0 Kit, Lancets, Capillary pipets, Alcohol swabs included, 25 Tests",Test kit,25.0,1354.0,27080.0,20.0,0.8,"Standard Diagnostics, Korea",Yes,422,5054.68,44.68,
62586,114-UG-T30,FPQ-10489,SCMS-159280,ASN-16778,Uganda,PMO - US,Direct Drop,DAP,Air,8/24/12,9/6/12,25-Oct-12,25-Oct-12,25-Oct-12,ARV,Adult,ASPEN PHARMACARE,"Etravirine 100mg [Intelence], tablets, 120 Tabs",Etravirine,Intelence,100mg,Tablet,120.0,111.0,3996.0,36.0,0.3,"Janssen-Cilag, Latina, IT",Yes,24,330,5.6,,,,,,,,,,,,,,,,,,,,,,,,,,
83118,,FPQ-10728,,,Zambia,,,,,,N/A - From RDC,,,,,,SCMS from RDC,,Efavirenz/Emtricitabine/Tenofovir Disoproxil Fumarate,Generic,600/200/300mg,,,,,,,,,,,,110-ZM-T30,SO-43452,DN-3045,PMO - US,From RDC,N/A - From RDC,Truck,10/5/2012,15-Mar-13,22-Mar-13,22-Mar-13,ARV,Adult,"Efavirenz/Emtricitabine/Tenofovir Disoproxil Fumarate 600/200/300mg, tablets, 30 Tabs",Tablet - FDC,30.0,100000.0,1369000.0,13.69,0.46,"Cipla, Goa, India",Yes,10442,11520.85,1919.34,
84023,,FPQ-4694,,,Zimbabwe,,,,,,N/A - From RDC,,,,,,SCMS from RDC,,Lamivudine/Stavudine,Generic,150/30mg,,,,,,,,,,,,113-ZW-T30,SO-35351,DN-1948,PMO - US,From RDC,N/A - From RDC,Air,12/8/2009,30-Jul-10,22-Jul-10,22-Jul-10,ARV,Adult,"Lamivudine/Stavudine 150/30mg, tablets, 60 Tabs",Tablet - FDC,60.0,5900.0,19352.0,3.28,0.05,"Cipla, Goa, India",No,See DN-1948 (ID#:82906),See DN-1948 (ID#:82906),41.72,
32189,,,,,Vietnam,,,,,,2/17/2015,,,,,,HETERO LABS LIMITED,,Efavirenz/Lamivudine/Tenofovir Disoproxil Fumarate,Generic,600/300/300mg,,,,,,,,,,,,108-VN-T30,SCMS-274390,ASN-32268,PMO - US,Direct Drop,EXW,Air,1/28/2015,10-Jul-15,7-Jul-15,7-Jul-15,ARV,Adult,"Efavirenz/Lamivudine/Tenofovir Disoproxil Fumarate 600/300/300mg, tablets, 30 Tabs",Tablet - FDC,30.0,17760.0,177600.0,10.0,0.33,Hetero Unit III Hyderabad IN,Yes,2523,4784.19,209.04,FPQ-15692
11357,106-HT-T01,Pre-PQ Process,SO-32720,DN-1466,Haiti,PMO - US,From RDC,N/A - From RDC,Air,Date Not Captured,N/A - From RDC,21-Oct-09,21-Oct-09,21-Oct-09,ARV,Adult,SCMS from RDC,"Lamivudine/Zidovudine 150/300mg, tablets, 60 Tabs",Lamivudine/Zidovudine,Generic,150/300mg,Tablet - FDC,60.0,59952.0,525179.52,8.76,0.15,"Aurobindo Unit III, India",Yes,6967,75688.58,1029.35,,,,,,,,,,,,,,,,,,,,,,,,,,
30075,,,,,Cameroon,,,,,,6/28/2013,,,,,,CIPLA LIMITED,,Lamivudine/Nevirapine/Zidovudine,Generic,150/300/200mg,,,,,,,,,,,,901-CM-T30,SCMS-196490,ASN-20983,PMO - US,Direct Drop,EXW,Air,6/21/2013,28-Aug-13,28-Aug-13,28-Aug-13,ARV,Adult,"Lamivudine/Nevirapine/Zidovudine 150/200/300mg, tablets, 60 Tabs",Tablet - FDC,60.0,42452.0,343861.2,8.1,0.13,"Cipla, Goa, India",Yes,5753,49502.92,425.36,FPQ-12528
11078,,Pre-PQ Process,,,Mozambique,,,,,,N/A - From RDC,,,,,,SCMS from RDC,,Nevirapine,Generic,200mg,,,,,,,,,,,,111-MZ-T01,SO-33430,DN-1529,PMO - US,From RDC,N/A - From RDC,Air,Date Not Captured,23-Feb-10,23-Feb-10,23-Feb-10,ARV,Adult,"Nevirapine 200mg, tablets, 60 Tabs",Tablet,60.0,1788.0,5721.6,3.2,0.05,"Cipla, Goa, India",Yes,205,1380.45,12.34,
12780,,,,,Nigeria,,,,,,N/A - From RDC,,,,,,SCMS from RDC,,Lamivudine/Nevirapine/Zidovudine,Generic,150/300/200mg,,,,,,,,,,,,131-NG-T01,SO-2575,DN-737,PMO - US,From RDC,N/A - From RDC,Air,Pre-PQ Process,14-May-08,14-May-08,14-May-08,ARV,Adult,"Lamivudine/Nevirapine/Zidovudine 150/200/300mg, tablets, 60 Tabs",Tablet - FDC,60.0,16610.0,220580.8,13.28,0.22,"Cipla, Goa, India",No,See DN-737 (ID#:11533),See DN-737 (ID#:11533),352.93,Pre-PQ Process
28553,,FPQ-7175,,,South Africa,,,,,,3/28/2011,,,,,,STRIDES ARCOLAB LIMITED,,Lamivudine,Generic,150mg,,,,,,,,,,,,161-ZA-T30,SCMS-103880,ASN-11459,PMO - US,Direct Drop,DDP,Ocean,3/10/2011,3-Nov-11,3-Nov-11,3-Nov-11,ARV,Adult,"Lamivudine 150mg, tablets, 60 Tabs",Tablet,60.0,158124.0,384241.32,2.43,0.04,"Strides, Bangalore, India.",Yes,7467,20258.28,634.0,
85920,,,,,Mozambique,,,,,,N/A - From RDC,,,,,,SCMS from RDC,,Lamivudine/Nevirapine/Zidovudine,Generic,150/300/200mg,,,,,,,,,,,,111-MZ-T30,SO-42870,DN-2966,PMO - US,From RDC,N/A - From RDC,Truck,6/28/2012,31-Jan-13,11-Jan-13,11-Jan-13,ARV,Adult,"Lamivudine/Nevirapine/Zidovudine 150/200/300mg, tablets, 60 Tabs",Tablet - FDC,60.0,67271.0,647147.02,9.62,0.16,"Aurobindo Unit III, India",Yes,7899,7433.01,907.3,FPQ-10211
2588,,,,,Vietnam,,,,,,5/27/2009,,,,,,BRISTOL-MYERS SQUIBB,,Didanosine,Videx,25mg,,,,,,,,,,,,108-VN-T01,SCMS-46560,ASN-4709,PMO - US,Direct Drop,CIP,Air,Pre-PQ Process,19-Aug-09,19-Aug-09,19-Aug-09,ARV,Pediatric,"Didanosine 25mg [Videx], chewable tablets, 60 Tabs",Chewable/dispersible tablet,60.0,120.0,840.0,7.0,0.12,"BMS Meymac, France",Yes,Weight Captured Separately,Freight Included in Commodity Cost,1.65,Pre-PQ Process
63409,,,,,Ethiopia,,,,,,3/17/2015,,,,,,"SHANGHAI KEHUA BIOENGINEERING CO.,LTD.  (KHB)",,"HIV 1/2, Colloidal Gold, Diagnostic Kit, Antibody",Colloidal Gold,,,,,,,,,,,,,117-ET-T30,SCMS-280490,ASN-31624,PMO - US,Direct Drop,EXW,Air,3/10/2015,28-Apr-15,28-Apr-15,29-Apr-15,HRDT,HIV test,"HIV 1/2, SKB Colloidal Gold, Diagnostic Kit, Antibody, 50 Tests",Test kit,1.0,4000.0,98000.0,24.5,24.5,"KHB Test Kit Facility, Shanghai China",Yes,2764,40716.16,115.35,FPQ-15928
46082,117-ET-T30,FPQ-9210,SCMS-134740,ASN-14557,Ethiopia,PMO - US,Direct Drop,EXW,Air,1/18/12,1/23/12,25-Apr-12,25-Apr-12,25-Apr-12,HRDT,HIV test,"Trinity Biotech, Plc","HIV 1/2, Uni-Gold HIV Kit, 20 Tests","HIV 1/2, Uni-Gold HIV Kit",Uni-Gold,,Test kit,20.0,43.0,1376.0,32.0,1.6,"Trinity Biotech, Plc",Yes,15,406.68,1.93,,,,,,,,,,,,,,,,,,,,,,,,,,
78479,106-HT-T30,FPQ-12590,SCMS-210430,ASN-22715,Haiti,PMO - US,Direct Drop,FCA,Air,8/21/13,10/22/13,12-Dec-13,12-Dec-13,13-Dec-13,ARV,Adult,ABBVIE LOGISTICS (FORMERLY ABBOTT LOGISTICS BV),"Lopinavir/Ritonavir 200/50mg [Aluvia], tablets, 120 Tabs",Lopinavir/Ritonavir,Aluvia,200/50mg,Tablet,120.0,1865.0,36031.8,19.32,0.16,ABBVIE Ludwigshafen Germany,Yes,463,3222.27,44.57,,,,,,,,,,,,,,,,,,,,,,,,,,
6082,,,,,Vietnam,,,,,,10/21/2008,,,,,,Aurobindo Pharma Limited,,Nevirapine,Generic,200mg,,,,,,,,,,,,108-VN-T01,SCMS-31730,ASN-3313,PMO - US,Direct Drop,EXW,Air,Pre-PQ Process,23-Feb-09,23-Feb-09,23-Feb-09,ARV,Adult,"Nevirapine 200mg, tablets, 60 Tabs",Tablet,60.0,4200.0,12180.0,2.9,0.05,"Aurobindo Unit III, India",No,See ASN-3313 (ID#:3456),See ASN-3313 (ID#:3456),23.87,Pre-PQ Process
86308,,,,,Ethiopia,,,,,,N/A - From RDC,,,,,,SCMS from RDC,,Lamivudine,Generic,150mg,,,,,,,,,,,,117-ET-T30,SO-36690,DN-1857,PMO - US,From RDC,N/A - From RDC,Air,4/28/2010,21-Jun-10,1-Jun-10,1-Jun-10,ARV,Adult,"Lamivudine 150mg, tablets, 60 Tabs",Tablet,60.0,1481.0,3613.64,2.44,0.04,Mylan (formerly Matrix) Nashik,No,See DN-1857 (ID#:82892),See DN-1857 (ID#:82892),7.79,FPQ-5581
56416,,FPQ-10089,,,Uganda,,,,,,6/12/2012,,,,,,Aurobindo Pharma Limited,,Efavirenz,Generic,600mg,,,,,,,,,,,,900-UG-T30,SCMS-149400,ASN-15427,PMO - US,Direct Drop,EXW,Air,6/7/2012,23-Jul-12,23-Jul-12,23-Jul-12,ARV,Adult,"Efavirenz 600mg, tablets, 30 Tabs",Tablet,30.0,20617.0,70097.8,3.4,0.11,"Aurobindo Unit III, India",Yes,1770,7651.56,98.28,
10548,112-NG-T01,Pre-PQ Process,SO-343,DN-118,Nigeria,PMO - US,From RDC,N/A - From RDC,,Pre-PQ Process,N/A - From RDC,8-May-07,8-May-07,8-May-07,ARV,Adult,SCMS from RDC,"Lamivudine/Zidovudine+Nevirapine 150/300+200mg, tablets, co-blister, 60+60 Tabs",Lamivudine/Zidovudine+Nevirapine,Generic,150/300+200mg,Tablet - FDC + co-blister,120.0,5661.0,116050.5,20.5,0.17,"Aspen-OSD, Port Elizabeth, SA",Yes,725,4104.5,,,,,,,,,,,,,,,,,,,,,,,,,,,
14252,,FPQ-13116,,,Uganda,,,,,,10/30/2013,,,,,,CIPLA LIMITED,,Lamivudine/Zidovudine,Generic,30/60mg,,,,,,,,,,,,114-UG-T30,SCMS-212350,ASN-24417,PMO - US,Direct Drop,EXW,Air,10/23/2013,21-Mar-14,21-Mar-14,21-Mar-14,ARV,Pediatric,"Lamivudine/Zidovudine 30/60mg, dispersible tablets, 60 Tabs",Chewable/dispersible tablet - FDC,60.0,7445.0,16676.8,2.24,0.04,"Cipla, Goa, India",Yes,574,3868.24,17.14,
6746,,,,,Nigeria,,,,,,8/27/2007,,,,,,"CHEMBIO DIAGNOSTIC SYSTEMS, INC.",,"HIV 1/2, Stat-Pak HIV, Kit",Stat-Pak,,,,,,,,,,,,,102-NG-T01,SCMS-11760,ASN-858,PMO - US,Direct Drop,EXW,Air,Pre-PQ Process,7-Nov-07,7-Nov-07,7-Nov-07,HRDT,HIV test,"HIV 1/2, Stat-Pak HIV, Kit, 20 Tests",Test kit,20.0,10000.0,270000.0,27.0,1.35,Chembio Diagnostics Sys. Inc.,Yes,3265,6197,432.0,Pre-PQ Process
69086,113-ZW-T30,FPQ-13939,SCMS-240570,ASN-27587,Zimbabwe,PMO - US,Direct Drop,EXW,Air Charter,4/1/14,5/27/14,17-Sep-14,17-Sep-14,19-Sep-14,ARV,Adult,HETERO LABS LIMITED,"Lamivudine/Tenofovir Disoproxil Fumarate 300/300mg, tablets, 30 Tabs",Lamivudine/Tenofovir Disoproxil Fumarate,Generic,300/300mg,Tablet - FDC,30.0,16013.0,73980.06,4.62,0.15,Hetero Unit III Hyderabad IN,Yes,1468,12091.91,76.05,,,,,,,,,,,,,,,,,,,,,,,,,,
10926,,,,,Haiti,,,,,,N/A - From RDC,,,,,,SCMS from RDC,,Didanosine,Generic,200mg,,,,,,,,,,,,106-HT-T01,SO-1285,DN-627,PMO - US,From RDC,N/A - From RDC,Air,Pre-PQ Process,8-Mar-08,8-Mar-08,8-Mar-08,ARV,Pediatric,"Didanosine 200mg, chewable/dispersible tablets, 60 Tabs",Chewable/dispersible tablet,60.0,100.0,1550.0,15.5,0.26,"Aurobindo Unit III, India",Yes,195,2587.9,2.48,Pre-PQ Process
22268,,,,,"Congo, DRC",,,,,,5/5/2014,,,,,,CIPLA LIMITED,,Lamivudine/Zidovudine,Generic,30/60mg,,,,,,,,,,,,101-CD-T30,SCMS-234290,ASN-26632,PMO - US,Direct Drop,EXW,Air,3/19/2014,22-Aug-14,22-Aug-14,22-Aug-14,ARV,Pediatric,"Lamivudine/Zidovudine 30/60mg, tablets, 60 Tabs",Tablet - FDC,60.0,150.0,322.5,2.15,0.04,"Cipla, Goa, India",Yes,25,1765.03,0.33,FPQ-13555
85601,103-SS-T30,FPQ-16356,SO-51460,DN-4296,South Sudan,PMO - US,From RDC,N/A - From RDC,Air,5/14/15,N/A - From RDC,25-Jun-15,19-Jun-15,23-Jun-15,ARV,Pediatric,SCMS from RDC,"Lamivudine/Nevirapine/Zidovudine 30/50/60mg, dispersible tablets, 60 Tabs",Lamivudine/Nevirapine/Zidovudine,Generic,30/50/60mg,Chewable/dispersible tablet - FDC,60.0,4471.0,16095.6,3.6,0.06,"Strides, Bangalore, India.",No,See DN-4296 (ID#:83342),See DN-4296 (ID#:83342),18.94,,,,,,,,,,,,,,,,,,,,,,,,,,
86129,102-BI-T30,FPQ-14112,SO-48591,DN-3853,Burundi,PMO - US,From RDC,N/A - From RDC,Air,4/18/14,N/A - From RDC,31-Aug-14,25-Jul-14,1-Aug-14,ARV,Adult,SCMS from RDC,"Nevirapine 200mg, tablets, 60 Tabs",Nevirapine,Generic,200mg,Tablet,60.0,525.0,1160.25,2.21,0.04,Hetero Unit III Hyderabad IN,Yes,35,638.65,1.19,,,,,,,,,,,,,,,,,,,,,,,,,,
23691,,FPQ-11418,,,Vietnam,,,,,,2/5/2013,,,,,,MICRO LABS LIMITED,,Efavirenz,Generic,600mg,,,,,,,,,,,,108-VN-T30,SCMS-176200,ASN-19695,PMO - US,Direct Drop,EXW,Air,1/29/2013,2-Jul-13,2-Jul-13,2-Jul-13,ARV,Adult,"Efavirenz 600mg, tablets, 30 Tabs",Tablet,30.0,30118.0,97281.14,3.23,0.11,"Micro labs, Verna, Goa, India",Yes,1782,9648.44,120.34,
82462,,,,,Uganda,,,,,,N/A - From RDC,,,,,,SCMS from RDC,,Lamivudine/Nevirapine/Zidovudine,Generic,150/300/200mg,,,,,,,,,,,,114-UG-T30,SO-41520,DN-2597,PMO - US,From RDC,N/A - From RDC,Truck,2/10/2012,24-Apr-12,27-Feb-12,27-Feb-12,ARV,Adult,"Lamivudine/Nevirapine/Zidovudine 150/200/300mg, tablets, 60 Tabs",Tablet - FDC,60.0,5525.0,60775.0,11.0,0.18,Mylan (formerly Matrix) Nashik,Yes,1414,4054.19,85.21,FPQ-9321
33909,105-SS-T30,FPQ-14470,SCMS-245240,ASN-29503,South Sudan,PMO - US,Direct Drop,EXW,Air,6/17/14,7/1/14,9-Jan-15,9-Jan-15,19-Jan-15,HRDT,HIV test,"Trinity Biotech, Plc","HIV 1/2, Uni-Gold HIV Kit, 20 Tests","HIV 1/2, Uni-Gold HIV Kit",Uni-Gold,,Test kit,20.0,25.0,800.0,32.0,1.6,"Trinity Biotech, Plc",No,See ASN-29503 (ID#:13571),See ASN-29503 (ID#:13571),0.82,,,,,,,,,,,,,,,,,,,,,,,,,,
30211,107-RW-T30,FPQ-9217,SCMS-152020,ASN-15941,Rwanda,PMO - US,Direct Drop,EXW,Air,2/13/12,7/4/12,22-Aug-12,22-Aug-12,22-Aug-12,ARV,Adult,Aurobindo Pharma Limited,"Didanosine 400mg, delayed-release capsules, 30 Caps",Didanosine,Generic,400mg,Delayed-release capsules,30.0,1008.0,20160.0,20.0,0.67,"Aurobindo Unit III, India",Yes,213,3024.36,28.26,,,,,,,,,,,,,,,,,,,,,,,,,,
20666,,FPQ-4044,,,Nigeria,,,,,,8/12/2009,,,,,,ABBVIE LOGISTICS (FORMERLY ABBOTT LOGISTICS BV),,Lopinavir/Ritonavir,Aluvia,200/50mg,,,,,,,,,,,,112-NG-T30,SCMS-51240,ASN-4829,PMO - US,Direct Drop,FCA,Air,8/4/2009,16-Oct-09,16-Oct-09,16-Oct-09,ARV,Adult,"Lopinavir/Ritonavir 200/50mg [Aluvia], tablets, 120 Tabs",Tablet,120.0,500.0,18080.0,36.16,0.3,ABBVIE Ludwigshafen Germany,Yes,130,1599.22,35.44,
84514,,,,,Zimbabwe,,,,,,N/A - From RDC,,,,,,SCMS from RDC,,Lamivudine/Nevirapine/Stavudine,Generic,150/200/30mg,,,,,,,,,,,,113-ZW-T30,SO-27200,DN-1554,PMO - US,From RDC,N/A - From RDC,Truck,3/17/2009,18-Dec-09,7-Dec-09,7-Dec-09,ARV,Adult,"Lamivudine/Nevirapine/Stavudine 150/200/30mg, tablets, 60 Tabs",Tablet - FDC,60.0,76000.0,506160.0,6.66,0.11,"Cipla, Goa, India",Yes,8280,15328.58,992.07,FPQ-4472
1587,,,,,South Africa,,,,,,1/4/2008,,,,,,"JSI R&T INSTITUTE, INC.",,Stavudine,Zerit,20mg,,,,,,,,,,,,116-ZA-T01,SCMS-16600,ASN-1520,PMO - US,Direct Drop,DDP,,Pre-PQ Process,21-Jan-08,4-Jan-08,4-Jan-08,ARV,Adult,"Stavudine 20mg [Zerit], capsules, 60 Caps",Capsule,60.0,100.0,573.0,5.73,0.1,"BMS Meymac, France",No,Weight Captured Separately,Freight Included in Commodity Cost,0.92,Pre-PQ Process
86703,107-RW-T30,FPQ-14111,SO-48800,DN-3788,Rwanda,PMO - US,From RDC,N/A - From RDC,Truck,4/22/14,N/A - From RDC,30-Oct-14,13-Aug-14,14-Aug-14,ARV,Adult,SCMS from RDC,"Lamivudine/Nevirapine/Zidovudine 150/200/300mg, tablets, 60 Tabs",Lamivudine/Nevirapine/Zidovudine,Generic,150/300/200mg,Tablet - FDC,60.0,86008.0,697524.88,8.11,0.14,Hetero Unit III Hyderabad IN,Yes,11117,15617.93,717.06,,,,,,,,,,,,,,,,,,,,,,,,,,
56861,,,,,Haiti,,,,,,12/12/2012,,,,,,"SHANGHAI KEHUA BIOENGINEERING CO.,LTD.  (KHB)",,"HIV 1/2, Colloidal Gold, Diagnostic Kit, Antibody",Colloidal Gold,,,,,,,,,,,,,106-HT-T30,SCMS-169340,ASN-18201,PMO - US,Direct Drop,EXW,Air,11/26/2012,13-Mar-13,13-Mar-13,13-Mar-13,HRDT,HIV test,"HIV 1/2, SKB Colloidal Gold, Diagnostic Kit, Antibody, 50 Tests",Test kit,1.0,250.0,6125.0,24.5,24.5,"KHB Test Kit Facility, Shanghai China",Yes,164,2204.84,7.58,FPQ-11065
5201,,,,,Côte d'Ivoire,,,,,,3/30/2009,,,,,,ABBVIE LOGISTICS (FORMERLY ABBOTT LOGISTICS BV),,Lopinavir/Ritonavir,Kaletra,80/20mg/ml,,,,,,,,,,,,104-CI-T01,SCMS-42241,ASN-4812,PMO - US,Direct Drop,CIP,Air,Pre-PQ Process,15-Sep-09,15-Sep-09,15-Sep-09,ARV,Pediatric,"Lopinavir/Ritonavir 80/20mg/ml [Kaletra], oral solution, cool, Bottle 5 x 60 ml",Oral solution,300.0,20.0,822.0,41.1,0.14,ABBVIE (Abbott) Logis. UK,Yes,Weight Captured Separately,Freight Included in Commodity Cost,1.61,Pre-PQ Process
51408,,,,,Nigeria,,,,,,8/15/2011,,,,,,"Orgenics, Ltd",,"HIV 1/2, Determine Complete HIV Kit",Determine,,,,,,,,,,,,,133-NG-T30,SCMS-118190,ASN-12878,PMO - US,Direct Drop,EXW,Air,7/28/2011,19-Dec-11,9-Dec-11,9-Dec-11,HRDT,HIV test,"HIV 1/2, Determine Complete HIV Kit, 100 Tests",Test kit,100.0,2891.0,257299.0,89.0,0.89,"Alere Medical Co., Ltd.",Yes,1378,32667.09,424.54,FPQ-8117
69606,,FPQ-16001,,,"Congo, DRC",,,,,,3/16/2015,,,,,,"Trinity Biotech, Plc",,"HIV 1/2, Uni-Gold HIV Kit",Uni-Gold,,,,,,,,,,,,,101-CD-T30,SCMS-280210,ASN-31750,PMO - US,Direct Drop,EXW,Air,3/10/2015,2-Jul-15,2-Jul-15,30-Jul-15,HRDT,HIV test,"HIV 1/2, Uni-Gold HIV Kit, 20 Tests",Test kit,20.0,15.0,480.0,32.0,1.6,"Trinity Biotech, Plc",No,See ASN-31750 (ID#:19272),See ASN-31750 (ID#:19272),0.56,
27015,,,,,Côte d'Ivoire,,,,,,10/12/2012,,,,,,MYLAN LABORATORIES LTD (FORMERLY MATRIX LABORATORIES),,Atazanavir/Ritonavir,Generic,300/100mg,,,,,,,,,,,,104-CI-T30,SCMS-162550,ASN-18558,PMO - US,Direct Drop,EXW,Air,9/19/2012,21-Mar-13,21-Mar-13,21-Mar-13,ARV,Adult,"Atazanavir/Ritonavir 300/100mg, tablets, 30 Tabs",Tablet,30.0,1400.0,31500.0,22.5,0.75,Mylan (formerly Matrix) Nashik,Yes,364,4171.65,44.16,FPQ-10636
56899,,FPQ-12197,,,Tanzania,,,,,,5/29/2013,,,,,,"Standard Diagnostics, Inc.",,"HIV 1/2, Determine Complete HIV Kit",Determine,,,,,,,,,,,,,109-TZ-T30,SCMS-189360,ASN-21235,PMO - US,Direct Drop,EXW,Air,4/30/2013,17-Sep-13,16-Sep-13,16-Sep-13,HRDT,HIV test,"HIV 1/2, Determine Complete HIV Kit, 100 Tests",Test kit,100.0,2330.0,0.0,0.0,0.0,"Alere Medical Co., Ltd.",Yes,965,16382.89,0.0,
10866,,Pre-PQ Process,,,Côte d'Ivoire,,,,,,N/A - From RDC,,,,,,SCMS from RDC,,Nevirapine,Generic,200mg,,,,,,,,,,,,104-CI-T01,SO-959,DN-320,PMO - US,From RDC,N/A - From RDC,,Pre-PQ Process,30-Aug-07,30-Aug-07,30-Aug-07,ARV,Adult,"Nevirapine 200mg, tablets, 60 Tabs",Tablet,60.0,25799.0,87716.6,3.4,0.06,"Strides, Bangalore, India.",No,See DN-320 (ID#:10593),See DN-320 (ID#:10593),140.35,
10589,111-MZ-T01,Pre-PQ Process,SO-298,DN-304,Mozambique,PMO - US,From RDC,N/A - From RDC,Air,Pre-PQ Process,N/A - From RDC,21-Sep-07,21-Sep-07,21-Sep-07,ARV,Pediatric,SCMS from RDC,"Abacavir 20mg/ml, oral solution, Bottle, 240 ml",Abacavir,Generic,20mg/ml,Oral solution,240.0,338.0,7114.9,21.05,0.09,"Aurobindo Unit III, India",Yes,9006,9869.55,11.38,,,,,,,,,,,,,,,,,,,,,,,,,,
82487,,,,,Nigeria,,,,,,N/A - From RDC,,,,,,SCMS from RDC,,Efavirenz,Generic,600mg,,,,,,,,,,,,151-NG-T30,SO-41682,DN-2729,PMO - US,From RDC,N/A - From RDC,Air Charter,3/1/2012,2-Aug-12,9-Jul-12,9-Jul-12,ARV,Adult,"Efavirenz 600mg, tablets, 30 Tabs",Tablet,30.0,50000.0,190500.0,3.81,0.13,Hetero Unit III Hyderabad IN,Yes,4944,21347.13,267.08,FPQ-9432
34646,,,,,"Congo, DRC",,,,,,5/23/2013,,,,,,ABBVIE LOGISTICS (FORMERLY ABBOTT LOGISTICS BV),,Lopinavir/Ritonavir,Kaletra,80/20mg/ml,,,,,,,,,,,,101-CD-T30,SCMS-189060,ASN-20770,PMO - US,Direct Drop,FCA,Air,4/23/2013,20-Nov-13,20-Nov-13,26-Nov-13,ARV,Pediatric,"Lopinavir/Ritonavir 80/20mg/ml [Kaletra], oral solution, cool, Bottle 5 x 60 ml",Oral solution,300.0,30.0,924.6,30.82,0.1,ABBVIE (Abbott) Logis. UK,Yes,56,1573.41,1.14,FPQ-12093
85281,,,,,Zambia,,,,,,N/A - From RDC,,,,,,SCMS from RDC,,Abacavir,Generic,300mg,,,,,,,,,,,,110-ZM-T30,SO-41720,DN-2763,PMO - US,From RDC,N/A - From RDC,Truck,3/8/2012,31-Jul-12,1-Aug-12,1-Aug-12,ARV,Adult,"Abacavir 300mg, tablets, 60 Tabs",Tablet,60.0,27452.0,355777.92,12.96,0.22,Mylan (formerly Matrix) Nashik,No,See DN-2763 (ID#:82493),See DN-2763 (ID#:82493),498.8,FPQ-9472
10764,111-MZ-T01,Pre-PQ Process,SO-28550,DN-1215,Mozambique,PMO - US,From RDC,N/A - From RDC,Air,Pre-PQ Process,N/A - From RDC,28-Jun-09,28-Jun-09,28-Jun-09,ARV,Adult,SCMS from RDC,"Lamivudine/Nevirapine/Stavudine 150/200/30mg, tablets, 60 Tabs",Lamivudine/Nevirapine/Stavudine,Generic,150/200/30mg,Tablet - FDC,60.0,47392.0,341222.4,7.2,0.12,"Cipla, Goa, India",Yes,7113,3599.76,668.8,,,,,,,,,,,,,,,,,,,,,,,,,,
84154,,FPQ-9229,,,Burundi,,,,,,N/A - From RDC,,,,,,SCMS from RDC,,Nevirapine,Generic,200mg,,,,,,,,,,,,102-BI-T30,SO-41530,DN-2594,PMO - US,From RDC,N/A - From RDC,Air,1/25/2012,26-Apr-12,4-May-12,4-May-12,ARV,Adult,"Nevirapine 200mg, tablets, 60 Tabs",Tablet,60.0,1800.0,4518.0,2.51,0.04,"Strides, Bangalore, India.",No,See DN-2594 (ID#:83021),See DN-2594 (ID#:83021),6.33,
84894,104-CI-T30,FPQ-12144,SO-45631,DN-3547,Côte d'Ivoire,PMO - US,From RDC,N/A - From RDC,Truck,4/22/13,N/A - From RDC,28-Feb-14,18-Jan-14,4-Mar-14,ARV,Pediatric,SCMS from RDC,"Abacavir/Lamivudine 60/30mg, tablets, 60 Tabs",Abacavir/Lamivudine,Generic,60/30mg,Tablet - FDC,60.0,1915.0,7660.0,4.0,0.07,"Aurobindo Unit III, India",No,See DN-3547 (ID#:83763),See DN-3547 (ID#:83763),9.48,,,,,,,,,,,,,,,,,,,,,,,,,,
1357,,,,,Vietnam,,,,,,7/3/2007,,,,,,Aurobindo Pharma Limited,,Zidovudine,Generic,10mg/ml,,,,,,,,,,,,108-VN-T01,SCMS-749,ASN-744,PMO - US,Direct Drop,EXW,Air,Pre-PQ Process,2-Oct-07,2-Oct-07,2-Oct-07,ARV,Pediatric,"Zidovudine 10mg/ml, oral solution, Bottle, 240 ml",Oral solution,240.0,1000.0,2100.0,2.1,0.01,"Aurobindo Unit III, India",No,See ASN-744 (ID#:1356),See ASN-744 (ID#:1356),3.36,Pre-PQ Process
60702,104-CI-T30,FPQ-15618,SCMS-272180,ASN-30880,Côte d'Ivoire,PMO - US,Direct Drop,EXW,Air,12/17/14,2/20/15,9-Apr-15,9-Apr-15,10-Apr-15,HRDT,HIV test,"CHEMBIO DIAGNOSTIC SYSTEMS, INC.","HIV 1/2, Stat-Pak HIV, Kit, 20 Tests","HIV 1/2, Stat-Pak HIV, Kit",Stat-Pak,,Test kit,20.0,2400.0,74400.0,31.0,1.55,Chembio Diagnostics Sys. Inc.,Yes,678,9253.44,87.57,,,,,,,,,,,,,,,,,,,,,,,,,,
64903,,,,,South Africa,,,,,,10/9/2014,,,,,,PHARMACY DIRECT,,Saquinavir,Invirase,200mg,,,,,,,,,,,,116-ZA-T30,SCMS-259078,ASN-33472,PMO - US,Direct Drop,DDP,Truck,9/11/2014,24-Jul-15,24-Jul-15,24-Jul-15,ARV,Adult,"Saquinavir 200mg [Invirase], capsules, 270 Caps",Capsule,270.0,27.0,1611.22,59.67,0.22,Roche Madrid,No,Weight Captured Separately,Freight Included in Commodity Cost,1.66,FPQ-14942
10989,126-NG-T01,Pre-PQ Process,SO-10780,DN-871,Nigeria,PMO - US,From RDC,N/A - From RDC,Air,Pre-PQ Process,N/A - From RDC,25-Aug-08,25-Aug-08,25-Aug-08,ARV,Adult,SCMS from RDC,"Nevirapine 200mg, tablets, 60 Tabs",Nevirapine,Generic,200mg,Tablet,60.0,35400.0,120360.0,3.4,0.06,Hetero Unit III Hyderabad IN,Yes,1987,14931.8,192.58,,,,,,,,,,,,,,,,,,,,,,,,,,
3752,,Pre-PQ Process,,,South Africa,,,,,,Date Not Captured,,,,,,S. BUYS WHOLESALER,,Zidovudine,Retrovir,10mg/ml,,,,,,,,,,,,116-ZA-T01,SCMS-41190,ASN-3732,PMO - US,Direct Drop,DDP,Air,Pre-PQ Process,30-Mar-09,21-Jan-09,21-Jan-09,ARV,Pediatric,"Zidovudine 10mg/ml [Retrovir], solution for IV infusion injection, Vial 5 x 20 ml",Injection,5.0,10.0,125.1,12.51,2.5,GSK Ware (UK),No,Weight Captured Separately,Freight Included in Commodity Cost,0.25,
51396,,FPQ-5648,,,South Africa,,,,,,6/17/2010,,,,,,Aurobindo Pharma Limited,,Lamivudine,Generic,10mg/ml,,,,,,,,,,,,161-ZA-T30,SCMS-75650,ASN-9933,PMO - US,Direct Drop,DDP,Ocean,6/2/2010,17-Mar-11,17-Mar-11,17-Mar-11,ARV,Pediatric,"Lamivudine 10mg/ml, oral solution w/syringe, Bottle, 240 ml",Oral solution,240.0,11640.0,24676.8,2.12,0.01,"Aurobindo Unit III, India",Yes,Weight Captured Separately,Freight Included in Commodity Cost,53.2,
5634,,Pre-PQ Process,,,Côte d'Ivoire,,,,,,3/3/2008,,,,,,"Standard Diagnostics, Inc.",,"HIV 1/2, Bioline 3.0 Kit, Lancets, Capillary pipets, Alcohol swabs included",Bioline,,,,,,,,,,,,,104-CI-T01,SCMS-18300,ASN-3434,PMO - US,Direct Drop,EXW,Air,Pre-PQ Process,19-Mar-09,19-Mar-09,19-Mar-09,HRDT,HIV test,"HIV 1/2, Bioline 3.0 Kit, Lancets, Capillary pipets, Alcohol swabs included, 25 Tests",Test kit,25.0,659.0,13180.0,20.0,0.8,"Standard Diagnostics, Korea",Yes,206,2358.13,25.83,
67776,,FPQ-4662,,,Vietnam,,,,,,12/8/2009,,,,,,STRIDES ARCOLAB LIMITED,,Stavudine,Generic,30mg,,,,,,,,,,,,108-VN-T30,SCMS-58610,ASN-5841,PMO - US,Direct Drop,EXW,Air,12/2/2009,25-Jan-10,25-Jan-10,25-Jan-10,ARV,Adult,"Stavudine 30mg, capsules, 60 Caps",Capsule,60.0,672.0,940.8,1.4,0.02,"Strides, Bangalore, India.",Yes,32,1701.1,2.03,
84148,151-NG-T30,FPQ-8364,SO-40665,DN-2561,Nigeria,PMO - US,From RDC,N/A - From RDC,Air Charter,8/29/11,N/A - From RDC,16-Mar-12,16-Feb-12,16-Feb-12,ARV,Adult,SCMS from RDC,"Lamivudine/Tenofovir Disoproxil Fumarate 300/300mg, tablets, 30 Tabs",Lamivudine/Tenofovir Disoproxil Fumarate,Generic,300/300mg,Tablet - FDC,30.0,22426.0,136350.08,6.08,0.2,Mylan (formerly Matrix) Nashik,Yes,1942,25231.96,224.98,,,,,,,,,,,,,,,,,,,,,,,,,,
2539,104-CI-T01,Pre-PQ Process,SCMS-44120,ASN-4289,Côte d'Ivoire,PMO - US,Direct Drop,EXW,Air,Pre-PQ Process,4/15/09,10-Jun-09,15-Jul-09,15-Jul-09,HRDT,HIV test,BIO-RAD LABORATORIES (FRANCE),"#108853** HIV, Genie II HIV-1/HIV-2 Kit, 40 Tests","HIV, Genie II HIV-1/HIV-2 Kit",Genie,,Test kit,40.0,1000.0,110000.0,110.0,2.75,Bio-Rad Laboratories,Yes,1073,8114.11,215.6,,,,,,,,,,,,,,,,,,,,,,,,,,
43116,,FPQ-13035,,,South Africa,,,,,,12/2/2013,,,,,,S. BUYS WHOLESALER,,Lamivudine,Generic,10mg/ml,,,,,,,,,,,,116-ZA-T30,SCMS-215370,ASN-24415,PMO - US,Direct Drop,DDP,Truck,10/8/2013,6-Feb-14,6-Feb-14,6-Feb-14,ARV,Pediatric,"Lamivudine 10mg/ml, oral solution w/syringe, Bottle, 240 ml",Oral solution,240.0,44.0,311.64,7.08,0.03,"Aurobindo Unit III, India",No,Weight Captured Separately,Freight Included in Commodity Cost,0.39,
12630,,,,,Mozambique,,,,,,N/A - From RDC,,,,,,SCMS from RDC,,Efavirenz,Stocrin/Sustiva,50mg,,,,,,,,,,,,111-MZ-T01,SO-380,DN-88,PMO - US,From RDC,N/A - From RDC,Air,Pre-PQ Process,4-May-07,4-May-07,4-May-07,ARV,Pediatric,"Efavirenz 50mg [Stocrin/Sustiva], capsule, 30 Caps",Capsule,30.0,3756.0,12845.52,3.42,0.11,"MSD Manati, Puerto Rico, (USA)",Yes,Weight Captured Separately,679.6,,Pre-PQ Process
85832,151-NG-T30,FPQ-8364,SO-40650,DN-2559,Nigeria,PMO - US,From RDC,N/A - From RDC,Air Charter,8/29/11,N/A - From RDC,2-Mar-12,16-Feb-12,16-Feb-12,ARV,Adult,SCMS from RDC,"Nevirapine 200mg, tablets, 60 Tabs",Nevirapine,Generic,200mg,Tablet,60.0,51355.0,125819.75,2.45,0.04,"Aurobindo Unit III, India",Yes,6436,25231.96,207.6,,,,,,,,,,,,,,,,,,,,,,,,,,
11337,,,,,Namibia,,,,,,N/A - From RDC,,,,,,SCMS from RDC,,Lamivudine/Tenofovir Disoproxil Fumarate,Generic,300/300mg,,,,,,,,,,,,119-NA-T01,SO-30450,DN-1316,PMO - US,From RDC,N/A - From RDC,Truck,Date Not Captured,16-Jul-09,16-Jul-09,16-Jul-09,ARV,Adult,"Lamivudine/Tenofovir Disoproxil Fumarate 300/300mg, tablets, 30 Tabs",Tablet - FDC,30.0,25000.0,250000.0,10.0,0.33,Mylan (formerly Matrix) Nashik,Yes,2068,8502.12,490.0,Pre-PQ Process
82256,,FPQ-3596,,,South Africa,,,,,,9/22/2009,,,,,,S. BUYS WHOLESALER,,Nevirapine,Viramune,200mg,,,,,,,,,,,,116-ZA-T30,SCMS-50370,ASN-5458,PMO - US,Direct Drop,DDP,Truck,5/7/2009,29-Oct-09,27-Oct-09,27-Oct-09,ARV,Adult,"Nevirapine 200mg [Viramune], tablets, 60 Tabs",Tablet,60.0,2400.0,48739.72,20.31,0.34,"Boehringer Ing., Koropi, GR",No,Weight Captured Separately,Freight Included in Commodity Cost,95.53,
84090,,,,,Nigeria,,,,,,N/A - From RDC,,,,,,SCMS from RDC,,Lamivudine,Generic,150mg,,,,,,,,,,,,151-NG-T30,SO-39590,DN-2214,PMO - US,From RDC,N/A - From RDC,Air Charter,2/21/2011,15-Jun-11,6-Jul-11,6-Jul-11,ARV,Adult,"Lamivudine 150mg, tablets, 60 Tabs",Tablet,60.0,3173.0,7393.09,2.33,0.04,"Aurobindo Unit III, India",Yes,170,13398.06,12.2,FPQ-7217
82390,200-ZW-T30,FPQ-6483,SO-38901,DN-2288,Zimbabwe,PMO - US,From RDC,N/A - From RDC,Air,10/13/10,N/A - From RDC,30-Sep-11,4-Aug-11,4-Aug-11,ARV,Pediatric,SCMS from RDC,"Didanosine 125mg, delayed-release capsules, 30 Caps",Didanosine,Generic,125mg,Delayed-release capsules,30.0,124.0,1054.0,8.5,0.28,"Aurobindo Unit III, India",Yes,8,940.23,2.27,,,,,,,,,,,,,,,,,,,,,,,,,,
83707,,FPQ-12473,,,Uganda,,,,,,N/A - From RDC,,,,,,SCMS from RDC,,Lamivudine/Tenofovir Disoproxil Fumarate,Generic,300/300mg,,,,,,,,,,,,114-UG-T30,SO-45880,DN-3263,PMO - US,From RDC,N/A - From RDC,Air,6/11/2013,27-Sep-13,27-Sep-13,27-Sep-13,ARV,Adult,"Lamivudine/Tenofovir Disoproxil Fumarate 300/300mg, tablets, 30 Tabs",Tablet - FDC,30.0,65615.0,308390.5,4.7,0.16,"Aurobindo Unit VII, IN",No,See DN-3263 (ID#:83150),See DN-3263 (ID#:83150),381.48,
86167,,,,,Côte d'Ivoire,,,,,,N/A - From RDC,,,,,,SCMS from RDC,,Lamivudine/Zidovudine,Generic,150/300mg,,,,,,,,,,,,104-CI-T30,SO-49080,DN-4137,PMO - US,From RDC,N/A - From RDC,Truck,5/23/2014,27-Feb-15,11-Mar-15,30-Mar-15,ARV,Adult,"Lamivudine/Zidovudine 150/300mg, tablets, 60 Tabs",Tablet - FDC,60.0,19000.0,123880.0,6.52,0.11,Hetero Unit III Hyderabad IN,No,See DN-4137 (ID#:84450),See DN-4137 (ID#:84450),127.35,FPQ-14370
55072,133-NG-T30,FPQ-12456,SCMS-196561,ASN-22348,Nigeria,PMO - US,Direct Drop,EXW,Air,6/10/13,7/10/13,7-Nov-13,7-Nov-13,17-Nov-13,HRDT,HIV test,"Orgenics, Ltd","HIV 1/2, Determine Complete HIV Kit, 100 Tests","HIV 1/2, Determine Complete HIV Kit",Determine,,Test kit,100.0,3053.0,271717.0,89.0,0.89,"Alere Medical Co., Ltd.",Yes,1240,20705.23,336.11,,,,,,,,,,,,,,,,,,,,,,,,,,
49607,,FPQ-4770,,,South Africa,,,,,,12/23/2009,,,,,,S. BUYS WHOLESALER,,Didanosine,Videx,25mg,,,,,,,,,,,,116-ZA-T30,SCMS-60170,ASN-5933,PMO - US,Direct Drop,DDP,Truck,12/17/2009,29-Dec-09,29-Dec-09,29-Dec-09,ARV,Pediatric,"Didanosine 25mg [Videx], chewable tablets, 60 Tabs",Chewable/dispersible tablet,60.0,8.0,121.46,15.18,0.25,"BMS Meymac, France",No,Weight Captured Separately,Freight Included in Commodity Cost,0.26,
9080,,,,,South Africa,,,,,,4/2/2009,,,,,,S. BUYS WHOLESALER,,Didanosine EC,Videx EC,400mg,,,,,,,,,,,,116-ZA-T01,SCMS-47320,ASN-4224,PMO - US,Direct Drop,DDP,Truck,Pre-PQ Process,15-May-09,15-May-09,15-May-09,ARV,Adult,"Didanosine EC 400mg [Videx EC], delayed-release capsules, Blister 3 x 10 Caps",Delayed-release capsules - blister,30.0,80.0,1502.4,18.78,0.63,"BMS Meymac, France",Yes,Weight Captured Separately,Freight Included in Commodity Cost,2.94,Pre-PQ Process
42851,102-SD-T30,FPQ-8264,SCMS-121843,ASN-12831,Sudan,PMO - US,Direct Drop,EXW,Air,9/7/11,9/14/11,6-Jan-12,6-Jan-12,6-Jan-12,HRDT,HIV test - Ancillary,"Orgenics, Ltd","Capillary Tubes, for Determine, EDTA, 50uL,100 Pcs","HIV, Capillary Tubes, for Determine, EDTA, 50uL,100 Pcs",Determine,,Test kit - Ancillary,100.0,1.0,8.0,8.0,0.08,"Alere Medical Co., Ltd.",Yes,2,885.49,0.01,,,,,,,,,,,,,,,,,,,,,,,,,,
43425,,,,,Kenya,,,,,,12/2/2009,,,,,,"Orgenics, Ltd",,"HIV 1/2, Determine Complete HIV Kit",Determine,,,,,,,,,,,,,102-KE-T30,SCMS-58380,ASN-5899,PMO - US,Direct Drop,EXW,Air,11/18/2009,16-Feb-10,19-Feb-10,19-Feb-10,HRDT,HIV test,"HIV 1/2, Determine Complete HIV Kit, 100 Tests",Test kit,100.0,7110.0,568800.0,80.0,0.8,Inverness Japan,Yes,1224,11847.25,1226.33,FPQ-4587
1357,108-VN-T01,Pre-PQ Process,SCMS-749,ASN-744,Vietnam,PMO - US,Direct Drop,EXW,Air,Pre-PQ Process,7/3/07,2-Oct-07,2-Oct-07,2-Oct-07,ARV,Pediatric,Aurobindo Pharma Limited,"Zidovudine 10mg/ml, oral solution, Bottle, 240 ml",Zidovudine,Generic,10mg/ml,Oral solution,240.0,1000.0,2100.0,2.1,0.01,"Aurobindo Unit III, India",No,See ASN-744 (ID#:1356),See ASN-744 (ID#:1356),3.36,,,,,,,,,,,,,,,,,,,,,,,,,,
22815,161-ZA-T30,FPQ-5303,SCMS-68830,ASN-7191,South Africa,PMO - US,Direct Drop,DDP,Air,3/18/10,3/19/10,27-Jul-10,27-Jul-10,27-Jul-10,ARV,Adult,STRIDES ARCOLAB LIMITED,"Lamivudine 150mg, tablets, 60 Tabs",Lamivudine,Generic,150mg,Tablet,60.0,294346.0,756469.22,2.57,0.04,"Strides, Bangalore, India.",Yes,14550,20706.21,1630.95,,,,,,,,,,,,,,,,,,,,,,,,,,
71045,,,,,South Sudan,,,,,,2/20/2015,,,,,,"Orgenics, Ltd",,"HIV, Capillary Tubes, for Determine, EDTA, 50uL,100 Pcs",Determine,,,,,,,,,,,,,105-SS-T30,SCMS-272170,ASN-32107,PMO - US,Direct Drop,EXW,Air,12/29/2014,2-Jul-15,7-Jul-15,7-Jul-15,HRDT,HIV test - Ancillary,"Capillary Tubes, for Determine, EDTA, 50uL,100 Pcs",Test kit - Ancillary,100.0,50.0,400.0,8.0,0.08,"Alere Medical Co., Ltd.",No,See ASN-32107 (ID#:16391),See ASN-32107 (ID#:16391),0.47,FPQ-15569
67150,,FPQ-4857,,,Namibia,,,,,,1/8/2010,,,,,,"Trinity Biotech, Plc",,"HIV 1/2, Uni-Gold HIV Kit",Uni-Gold,,,,,,,,,,,,,119-NA-T30,SCMS-62731,ASN-7211,PMO - US,Direct Drop,EXW,Air,1/7/2010,30-Jun-10,30-Jun-10,30-Jun-10,HRDT,HIV test,"HIV 1/2, Uni-Gold HIV Kit, 20 Tests",Test kit,20.0,500.0,16000.0,32.0,1.6,"Trinity Biotech, Plc",Yes,170,1691.15,34.5,
85363,151-NG-T30,FPQ-11022,SO-45190,DN-3170,Nigeria,PMO - US,From RDC,N/A - From RDC,Air Charter,11/15/12,N/A - From RDC,21-May-13,10-May-13,10-May-13,ARV,Adult,SCMS from RDC,"Lamivudine/Nevirapine/Zidovudine 150/200/300mg, tablets, 60 Tabs",Lamivudine/Nevirapine/Zidovudine,Generic,150/300/200mg,Tablet - FDC,60.0,31132.0,267112.56,8.58,0.14,Hetero Unit III Hyderabad IN,Yes,5041,20666.08,330.42,,,,,,,,,,,,,,,,,,,,,,,,,,
1929,,,,,South Africa,,,,,,Date Not Captured,,,,,,S. BUYS WHOLESALER,,Didanosine,Videx,2g,,,,,,,,,,,,116-ZA-T01,SCMS-26820,ASN-2488,PMO - US,Direct Drop,DDP,Truck,Pre-PQ Process,10-Jul-08,8-Jul-08,8-Jul-08,ARV,Pediatric,"Didanosine 2g [Videx], powder for oral solution 10mg/ml, reconstitute to 200 ml",Powder for oral solution,200.0,12.0,150.48,12.54,0.06,"BMS Meymac, France",No,Weight Captured Separately,Freight Included in Commodity Cost,0.24,Pre-PQ Process
11762,,,,,Zimbabwe,,,,,,N/A - From RDC,,,,,,SCMS from RDC,,Lamivudine/Nevirapine/Stavudine,Generic,150/200/30mg,,,,,,,,,,,,100-ZW-T01,SO-718,DN-303,PMO - US,From RDC,N/A - From RDC,Truck,Pre-PQ Process,28-Aug-07,28-Aug-07,28-Aug-07,ARV,Adult,"Lamivudine/Nevirapine/Stavudine 150/200/30mg, tablets, 60 Tabs",Tablet - FDC,60.0,125000.0,925000.0,7.4,0.12,"Cipla, Goa, India",Yes,12779,41772.09,1480.0,Pre-PQ Process
23,,,,,Nigeria,,,,,,Date Not Captured,,,,,,Aurobindo Pharma Limited,,Zidovudine,Generic,10mg/ml,,,,,,,,,,,,112-NG-T01,SCMS-87,ASN-57,PMO - US,Direct Drop,EXW,Air,Pre-PQ Process,28-Sep-06,28-Sep-06,28-Sep-06,ARV,Pediatric,"Zidovudine 10mg/ml, oral solution, Bottle, 240 ml",Oral solution,240.0,416.0,2225.6,5.35,0.02,"Aurobindo Unit III, India",Yes,504,5920.42,,Pre-PQ Process
54243,901-NA-T30,FPQ-14728,SCMS-252620,ASN-27961,Namibia,PMO - US,Direct Drop,EXW,Air,7/30/14,8/19/14,29-Sep-14,29-Sep-14,30-Sep-14,ARV,Adult,MYLAN LABORATORIES LTD (FORMERLY MATRIX LABORATORIES),"Efavirenz/Emtricitabine/Tenofovir Disoproxil Fumarate 600/200/300mg, tablets, 30 Tabs",Efavirenz/Emtricitabine/Tenofovir Disoproxil Fumarate,Generic,600/200/300mg,Tablet - FDC,30.0,36000.0,378000.0,10.5,0.35,"Mylan,  H-12 & H-13, India",Yes,4171,20371.77,388.58,,,,,,,,,,,,,,,,,,,,,,,,,,
31892,,,,,Ethiopia,,,,,,12/29/2009,,,,,,STRIDES ARCOLAB LIMITED,,Lamivudine/Stavudine,Generic,150/30mg,,,,,,,,,,,,117-ET-T30,SCMS-61150,ASN-5843,PMO - US,Direct Drop,EXW,Air,12/23/2009,22-Jan-10,22-Jan-10,22-Jan-10,ARV,Adult,"Lamivudine/Stavudine 150/30mg, tablets, 60 Tabs",Tablet - FDC,60.0,39939.0,134594.43,3.37,0.06,"Strides, Bangalore, India.",Yes,2038,11789.31,290.19,FPQ-4752
67501,117-ET-T30,FPQ-7065,SCMS-98701,ASN-11156,Ethiopia,PMO - US,Direct Drop,EXW,Air,1/26/11,2/15/11,28-Jun-11,28-Jun-11,28-Jun-11,ARV,Adult,Aurobindo Pharma Limited,"Lopinavir/Ritonavir 200/50mg, tablets, 120 Tabs",Lopinavir/Ritonavir,Generic,200/50mg,Tablet,120.0,14498.0,487132.8,33.6,0.28,"Aurobindo Unit III, India",Yes,3685,16359.2,803.77,,,,,,,,,,,,,,,,,,,,,,,,,,
82397,,FPQ-7053,,,Mozambique,,,,,,N/A - From RDC,,,,,,SCMS from RDC,,Lamivudine/Nevirapine/Zidovudine,Generic,150/300/200mg,,,,,,,,,,,,111-MZ-T30,SO-40180,DN-2317,PMO - US,From RDC,N/A - From RDC,Truck,1/24/2011,2-Nov-11,2-Nov-11,2-Nov-11,ARV,Adult,"Lamivudine/Nevirapine/Zidovudine 150/200/300mg, tablets, 60 Tabs",Tablet - FDC,60.0,119098.0,1336279.56,11.22,0.19,"Aurobindo Unit III, India",Yes,15808,11969.68,2204.86,
12026,,,,,Côte d'Ivoire,,,,,,N/A - From RDC,,,,,,SCMS from RDC,,Lamivudine/Zidovudine,Generic,150/300mg,,,,,,,,,,,,100-CI-T01,SO-283,DN-16,PMO - US,From RDC,N/A - From RDC,,Pre-PQ Process,22-Feb-07,22-Feb-07,22-Feb-07,ARV,Adult,"Lamivudine/Zidovudine 150/300mg, tablets, 60 Tabs",Tablet - FDC,60.0,2770.0,28392.5,10.25,0.17,"Aurobindo Unit III, India",No,See DN-16 (ID#:10540),See DN-16 (ID#:10540),,Pre-PQ Process
2947,,,,,Vietnam,,,,,,12/5/2007,,,,,,Aurobindo Pharma Limited,,Stavudine,Generic,15mg,,,,,,,,,,,,108-VN-T01,SCMS-14930,ASN-1231,PMO - US,Direct Drop,EXW,Air,Pre-PQ Process,22-Jan-08,22-Jan-08,22-Jan-08,ARV,Adult,"Stavudine 15mg, capsules, 60 Caps",Capsule,60.0,400.0,600.0,1.5,0.02,"Aurobindo Unit III, India",Yes,83,2426.05,0.96,Pre-PQ Process
42499,107-RW-T30,FPQ-4047,SCMS-50830,ASN-7095,Rwanda,PMO - US,Direct Drop,CIP,Air,7/28/09,8/18/09,13-Jun-10,13-Jun-10,13-Jun-10,ARV,Adult,HETERO LABS LIMITED,"Lamivudine 150mg, tablets, 60 Tabs",Lamivudine,Generic,150mg,Tablet,60.0,15030.0,38927.7,2.59,0.04,Hetero Unit III Hyderabad IN,Yes,933,3847.96,76.3,,,,,,,,,,,,,,,,,,,,,,,,,,
83250,,FPQ-13142,,,Côte d'Ivoire,,,,,,N/A - From RDC,,,,,,SCMS from RDC,,Lamivudine,Generic,10mg/ml,,,,,,,,,,,,104-CI-T30,SO-47133,DN-3761,PMO - US,From RDC,N/A - From RDC,Truck,10/22/2013,16-Jun-14,16-Jun-14,10-Jul-14,ARV,Pediatric,"Lamivudine 10mg/ml, oral solution w/syringe, Bottle, 240 ml",Oral solution,240.0,4243.0,6067.49,1.43,0.01,"Aurobindo Unit III, India",Yes,1485,6819.73,6.24,
65450,,FPQ-12456,,,Nigeria,,,,,,7/10/2013,,,,,,"Orgenics, Ltd",,"HIV 1/2, Determine Complete HIV Kit",Determine,,,,,,,,,,,,,133-NG-T30,SCMS-196560,ASN-21221,PMO - US,Direct Drop,EXW,Air,6/10/2013,18-Sep-13,18-Sep-13,18-Sep-13,HRDT,HIV test,"HIV 1/2, Determine Complete HIV Kit, 100 Tests",Test kit,100.0,3067.0,272963.0,89.0,0.89,"Alere Medical Co., Ltd.",Yes,1228,13325.65,337.66,
13106,,FPQ-13976,,,Vietnam,,,,,,4/30/2014,,,,,,HETERO LABS LIMITED,,Tenofovir Disoproxil Fumarate,Generic,300mg,,,,,,,,,,,,108-VN-T30,SCMS-236120,ASN-27809,PMO - US,Direct Drop,EXW,Air,4/8/2014,16-Sep-14,16-Sep-14,1-Oct-14,ARV,Adult,"Tenofovir Disoproxil Fumarate 300mg, tablets, 30 Tabs",Tablet,30.0,16000.0,56800.0,3.55,0.12,Hetero Unit III Hyderabad IN,Yes,1948,3138.25,58.39,
61852,,FPQ-16480,,,Guyana,,,,,,7/17/2015,,,,,,"Orgenics, Ltd",,"HIV 1/2, Determine Complete HIV Kit",Determine,,,,,,,,,,,,,105-GY-T30,SCMS-293570,ASN-33568,PMO - US,Direct Drop,EXW,Air,6/24/2015,28-Aug-15,28-Aug-15,28-Aug-15,HRDT,HIV test,"HIV 1/2, Determine Complete HIV Kit, 100 Tests",Test kit,100.0,305.0,30500.0,100.0,1.0,"Alere Medical Co., Ltd.",Yes,Weight Captured Separately,Invoiced Separately,35.9,
84568,,FPQ-4384,,,Haiti,,,,,,N/A - From RDC,,,,,,SCMS from RDC,,Stavudine,Generic,20mg,,,,,,,,,,,,106-HT-T30,SO-34640,DN-1842,PMO - US,From RDC,N/A - From RDC,Air,10/23/2009,2-Jun-10,9-Jun-10,9-Jun-10,ARV,Adult,"Stavudine 20mg, capsules, 60 Caps",Capsule,60.0,168.0,240.24,1.43,0.02,"Aurobindo Unit III, India",No,See DN-1842 (ID#:84007),See DN-1842 (ID#:84007),0.52,
82787,,FPQ-14370,,,Côte d'Ivoire,,,,,,N/A - From RDC,,,,,,SCMS from RDC,,Lamivudine/Nevirapine/Zidovudine,Generic,30/50/60mg,,,,,,,,,,,,104-CI-T30,SO-49030,DN-4175,PMO - US,From RDC,N/A - From RDC,Truck,5/23/2014,27-Mar-15,26-Mar-15,30-Mar-15,ARV,Pediatric,"Lamivudine/Nevirapine/Zidovudine 30/50/60mg, dispersible tablets, 60 Tabs",Chewable/dispersible tablet - FDC,60.0,16500.0,59400.0,3.6,0.06,Mylan (formerly Matrix) Nashik,Yes,904,5012.88,61.06,
76809,,FPQ-8117,,,Nigeria,,,,,,8/15/2011,,,,,,"Orgenics, Ltd",,"HIV 1/2, Determine Complete HIV Kit",Determine,,,,,,,,,,,,,133-NG-T30,SCMS-118190,ASN-12877,PMO - US,Direct Drop,EXW,Air,7/28/2011,19-Dec-11,19-Dec-11,19-Dec-11,HRDT,HIV test,"HIV 1/2, Determine Complete HIV Kit, 100 Tests",Test kit,100.0,2890.0,257210.0,89.0,0.89,"Alere Medical Co., Ltd.",Yes,1377,32575.03,424.4,
41132,116-ZA-T30,FPQ-12523,SCMS-199316,ASN-27044,South Africa,PMO - US,Direct Drop,DDP,Truck,7/12/13,7/4/14,4-Jul-14,4-Jul-14,4-Jul-14,ARV,Adult,S. BUYS WHOLESALER,"Ritonavir 100mg [Norvir], capsules, cool, 84 Caps",Ritonavir,Norvir,100mg,Capsule,84.0,3.0,19.05,6.35,0.08,ABBVIE (Abbott) Logis. UK,Yes,Weight Captured Separately,Freight Included in Commodity Cost,0.02,,,,,,,,,,,,,,,,,,,,,,,,,,
84526,,,,,Uganda,,,,,,N/A - From RDC,,,,,,SCMS from RDC,,Lamivudine/Nevirapine/Zidovudine,Generic,150/300/200mg,,,,,,,,,,,,114-UG-T30,SO-35610,DN-1638,PMO - US,From RDC,N/A - From RDC,Truck,9/17/2009,25-Feb-10,18-Feb-10,18-Feb-10,ARV,Adult,"Lamivudine/Nevirapine/Zidovudine 150/200/300mg, tablets, 60 Tabs",Tablet - FDC,60.0,29.0,325.38,11.22,0.19,"Aurobindo Unit III, India",Yes,5134,9348,0.64,FPQ-4275
85158,151-NG-T30,FPQ-5688,SO-37500,DN-2025,Nigeria,PMO - US,From RDC,N/A - From RDC,Air,5/27/10,N/A - From RDC,22-Oct-10,10-Nov-10,10-Nov-10,ARV,Adult,SCMS from RDC,"Lamivudine/Tenofovir Disoproxil Fumarate 300/300mg, tablets, 30 Tabs",Lamivudine/Tenofovir Disoproxil Fumarate,Generic,300/300mg,Tablet - FDC,30.0,21400.0,206082.0,9.63,0.32,Mylan (formerly Matrix) Nashik,No,See DN-2025 (ID#:83460),See DN-2025 (ID#:83460),444.31,,,,,,,,,,,,,,,,,,,,,,,,,,
42030,,FPQ-15569,,,South Sudan,,,,,,2/20/2015,,,,,,"Trinity Biotech, Plc",,"HIV 1/2, Uni-Gold HIV Kit",Uni-Gold,,,,,,,,,,,,,105-SS-T30,SCMS-272140,ASN-31129,PMO - US,Direct Drop,EXW,Air,12/29/2014,8-May-15,8-May-15,11-May-15,HRDT,HIV test,"HIV 1/2, Uni-Gold HIV Kit, 20 Tests",Test kit,20.0,18.0,576.0,32.0,1.6,"Trinity Biotech, Plc",No,See ASN-31129 (ID#:40205),See ASN-31129 (ID#:40205),0.68,
86403,110-ZM-T30,FPQ-7085,SO-38741,DN-2322,Zambia,PMO - US,From RDC,N/A - From RDC,Truck,2/3/11,N/A - From RDC,29-Sep-11,29-Aug-11,29-Aug-11,ARV,Adult,SCMS from RDC,"Nevirapine 200mg, tablets, 60 Tabs",Nevirapine,Generic,200mg,Tablet,60.0,25000.0,62750.0,2.51,0.04,Mylan (formerly Matrix) Nashik,No,See DN-2322 (ID#:82973),See DN-2322 (ID#:82973),103.54,,,,,,,,,,,,,,,,,,,,,,,,,,
86366,,FPQ-6222,,,Zambia,,,,,,N/A - From RDC,,,,,,SCMS from RDC,,Abacavir,Generic,300mg,,,,,,,,,,,,110-ZM-T30,SO-38590,DN-2115,PMO - US,From RDC,N/A - From RDC,Air,8/20/2010,28-Feb-11,16-Mar-11,16-Mar-11,ARV,Adult,"Abacavir 300mg, tablets, 60 Tabs",Tablet,60.0,16200.0,251100.0,15.5,0.26,Mylan (formerly Matrix) Nashik,Yes,1583,8098.12,541.37,
2417,,,,,Mozambique,,,,,,3/11/2009,,,,,,"Orgenics, Ltd",,"HIV 1/2, Determine Complete HIV Kit",Determine,,,,,,,,,,,,,111-MZ-T01,SCMS-40370,ASN-3857,PMO - US,Direct Drop,EXW,Air,Pre-PQ Process,26-May-09,26-May-09,26-May-09,HRDT,HIV test,"HIV 1/2, Determine Complete HIV Kit, 100 Tests",Test kit,100.0,9000.0,648000.0,72.0,0.72,Inverness Japan,Yes,2655,25052.69,1270.08,Pre-PQ Process
84127,,,,,Mozambique,,,,,,N/A - From RDC,,,,,,SCMS from RDC,,Nevirapine,Generic,10mg/ml,,,,,,,,,,,,111-MZ-T30,SO-38638,DN-2458,PMO - US,From RDC,N/A - From RDC,Truck,1/24/2011,31-Jan-12,25-Jan-12,25-Jan-12,ARV,Pediatric,"Nevirapine 10mg/ml, oral suspension w/syringe, Bottle, 240 ml",Oral suspension,240.0,8000.0,15600.0,1.95,0.01,"Aurobindo Unit III, India",Yes,2987,2779.53,25.74,FPQ-7053
10102,,,,,Nigeria,,,,,,10/30/2008,,,,,,"Orgenics, Ltd",,"HIV 1/2, Determine Complete HIV Kit",Determine,,,,,,,,,,,,,133-NG-T01,SCMS-32920,ASN-2909,PMO - US,Direct Drop,EXW,Air,Pre-PQ Process,2-Dec-08,2-Dec-08,2-Dec-08,HRDT,HIV test,"HIV 1/2, Determine Complete HIV Kit, 100 Tests",Test kit,100.0,3622.0,289760.0,80.0,0.8,Inverness Japan,Yes,1091,15045.56,567.93,Pre-PQ Process
85227,101-CD-T30,FPQ-8840,SO-41142,DN-2506,"Congo, DRC",PMO - US,From RDC,N/A - From RDC,Air,11/21/11,N/A - From RDC,16-Mar-12,14-Mar-12,14-Mar-12,ARV,Pediatric,SCMS from RDC,"Nevirapine 10mg/ml, oral suspension w/syringe, Bottle, 240 ml",Nevirapine,Generic,10mg/ml,Oral suspension,240.0,620.0,1209.0,1.95,0.01,"Aurobindo Unit III, India",No,See DN-2506 (ID#:82439),See DN-2506 (ID#:82439),1.7,,,,,,,,,,,,,,,,,,,,,,,,,,
39575,,FPQ-4359,,,South Africa,,,,,,10/15/2009,,,,,,S. BUYS WHOLESALER,,Efavirenz,Generic,600mg,,,,,,,,,,,,116-ZA-T30,SCMS-54980,ASN-5373,PMO - US,Direct Drop,DDP,Truck,10/8/2009,19-Oct-09,19-Oct-09,19-Oct-09,ARV,Adult,"Efavirenz 600mg, tablets, 30 Tabs",Tablet,30.0,600.0,11761.67,19.6,0.65,"Cipla, Goa, India",No,Weight Captured Separately,Freight Included in Commodity Cost,23.05,
51340,,FPQ-11443,,,Haiti,,,,,,3/22/2013,,,,,,STRIDES ARCOLAB LIMITED,,Lamivudine/Nevirapine/Zidovudine,Generic,30/50/60mg,,,,,,,,,,,,106-HT-T30,SCMS-180990,ASN-20370,PMO - US,Direct Drop,EXW,Air,2/7/2013,24-Jul-13,24-Jul-13,24-Jul-13,ARV,Pediatric,"Lamivudine/Nevirapine/Zidovudine 30/50/60mg, dispersible tablets, 60 Tabs",Chewable/dispersible tablet - FDC,60.0,4095.0,16380.0,4.0,0.07,"Strides, Bangalore, India.",Yes,176,3456.02,20.26,
1079,,,,,South Africa,,,,,,3/18/2009,,,,,,S. BUYS WHOLESALER,,Lamivudine,Generic,10mg/ml,,,,,,,,,,,,116-ZA-T01,SCMS-41464,ASN-4634,PMO - US,Direct Drop,DDP,Air,Pre-PQ Process,25-Jun-09,17-Jun-09,17-Jun-09,ARV,Pediatric,"Lamivudine 10mg/ml, oral solution, Bottle, 240 ml",Oral solution,240.0,342.0,1932.3,5.65,0.02,"Aurobindo Unit III, India",Yes,Weight Captured Separately,Freight Included in Commodity Cost,3.79,Pre-PQ Process
83100,,FPQ-10545,,,Tanzania,,,,,,N/A - From RDC,,,,,,SCMS from RDC,,Efavirenz,Generic,200mg,,,,,,,,,,,,109-TZ-T30,SO-43111,DN-2972,PMO - US,From RDC,N/A - From RDC,Truck,8/24/2012,28-Feb-13,26-Feb-12,26-Feb-13,ARV,Pediatric,"Efavirenz 200mg, scored tablets, 90 Tabs",Tablet,90.0,5765.0,42084.5,7.3,0.08,"Strides, Bangalore, India.",Yes,350,2266,59.0,
62662,,FPQ-15569,,,South Sudan,,,,,,2/20/2015,,,,,,"Orgenics, Ltd",,"HIV, Capillary Tubes, for Determine, EDTA, 50uL,100 Pcs",Determine,,,,,,,,,,,,,105-SS-T30,SCMS-272160,ASN-31323,PMO - US,Direct Drop,EXW,Air,12/29/2014,3-Jun-15,3-Jun-15,5-Jun-15,HRDT,HIV test - Ancillary,"Capillary Tubes, for Determine, EDTA, 50uL,100 Pcs",Test kit - Ancillary,100.0,20.0,160.0,8.0,0.08,"Alere Medical Co., Ltd.",No,See ASN-31323 (ID#:14240),See ASN-31323 (ID#:14240),0.19,
19891,,FPQ-6262,,,South Africa,,,,,,9/21/2010,,,,,,CIPLA LIMITED,,Lamivudine,Generic,10mg/ml,,,,,,,,,,,,161-ZA-T30,SCMS-83890,ASN-9513,PMO - US,Direct Drop,DDP,Ocean,8/31/2010,24-Feb-11,24-Feb-11,24-Feb-11,ARV,Pediatric,"Lamivudine 10mg/ml, oral solution w/syringe, Bottle, 240 ml",Oral solution,240.0,55000.0,114400.0,2.08,0.01,"Cipla, Goa, India",Yes,20419,17267.14,246.65,
59500,,,,,South Africa,,,,,,8/5/2014,,,,,,PHARMACY DIRECT,,Zidovudine,Generic,300mg,,,,,,,,,,,,116-ZA-T30,SCMS-238552,ASN-27606,PMO - US,Direct Drop,DDP,Truck,4/30/2014,5-Aug-14,5-Aug-14,5-Aug-14,ARV,Adult,"Zidovudine 300mg, tablets, 60 Tabs",Tablet,60.0,1.0,24.95,24.95,0.42,"Aurobindo Unit III, India",No,Weight Captured Separately,Freight Included in Commodity Cost,0.03,FPQ-13973
55712,,,,,Vietnam,,,,,,5/13/2015,,,,,,HETERO LABS LIMITED,,Efavirenz/Lamivudine/Tenofovir Disoproxil Fumarate,Generic,600/300/300mg,,,,,,,,,,,,108-VN-T30,SCMS-285500,ASN-33266,PMO - US,Direct Drop,EXW,Air,4/14/2015,3-Sep-15,3-Sep-15,3-Sep-15,ARV,Adult,"Efavirenz/Lamivudine/Tenofovir Disoproxil Fumarate 600/300/300mg, tablets, 30 Tabs",Tablet - FDC,30.0,15552.0,147744.0,9.5,0.32,Hetero Unit III Hyderabad IN,No,See ASN-33266 (ID#:44615),See ASN-33266 (ID#:44615),173.89,FPQ-16194
85707,,,,,Côte d'Ivoire,,,,,,N/A - From RDC,,,,,,SCMS from RDC,,Lamivudine/Stavudine,Generic,150/30mg,,,,,,,,,,,,104-CI-T30,SO-37142,DN-2013,PMO - US,From RDC,N/A - From RDC,Truck,6/23/2010,30-Sep-10,25-Sep-10,25-Sep-10,ARV,Adult,"Lamivudine/Stavudine 150/30mg, tablets, 60 Tabs",Tablet - FDC,60.0,2376.0,7793.28,3.28,0.05,Mylan (formerly Matrix) Nashik,Yes,189,8953.21,16.8,FPQ-5925
86355,,FPQ-6616,,,Dominican Republic,,,,,,N/A - From RDC,,,,,,SCMS from RDC,,Lamivudine/Zidovudine,Generic,150/300mg,,,,,,,,,,,,200-DO-T30,SO-38020,DN-2065,PMO - US,From RDC,N/A - From RDC,Air,10/25/2010,31-Jan-11,8-Dec-10,8-Dec-10,ARV,Adult,"Lamivudine/Zidovudine 150/300mg, tablets, 60 Tabs",Tablet - FDC,60.0,16000.0,136800.0,8.55,0.14,"Aurobindo Unit III, India",No,See DN-2065 (ID#:82360),See DN-2065 (ID#:82360),225.72,
85302,,FPQ-10357,,,Uganda,,,,,,N/A - From RDC,,,,,,SCMS from RDC,,Nevirapine,Generic,200mg,,,,,,,,,,,,114-UG-T30,SO-42880,DN-2842,PMO - US,From RDC,N/A - From RDC,Truck,7/18/2012,12-Oct-12,25-Sep-12,25-Sep-12,ARV,Adult,"Nevirapine 200mg, tablets, 60 Tabs",Tablet,60.0,22783.0,55134.86,2.42,0.04,Hetero Unit III Hyderabad IN,Yes,1285,6265.36,77.3,
64262,133-NG-T30,FPQ-12456,SCMS-196561,ASN-22344,Nigeria,PMO - US,Direct Drop,EXW,Air,6/10/13,7/10/13,7-Nov-13,11-Nov-13,17-Nov-13,HRDT,HIV test,"Orgenics, Ltd","HIV 1/2, Determine Complete HIV Kit, 100 Tests","HIV 1/2, Determine Complete HIV Kit",Determine,,Test kit,100.0,3056.0,271984.0,89.0,0.89,"Alere Medical Co., Ltd.",Yes,1241,20602.3,336.44,,,,,,,,,,,,,,,,,,,,,,,,,,
82346,151-NG-T30,FPQ-5688,SO-36932,DN-1976,Nigeria,PMO - US,From RDC,N/A - From RDC,Air Charter,5/27/10,N/A - From RDC,31-Aug-10,17-Aug-10,17-Aug-10,ARV,Adult,SCMS from RDC,"Lamivudine/Nevirapine/Zidovudine 150/200/300mg, tablets, 60 Tabs",Lamivudine/Nevirapine/Zidovudine,Generic,150/300/200mg,Tablet - FDC,60.0,32040.0,359488.8,11.22,0.19,"Aurobindo Unit III, India",Yes,4212,6147.18,775.06,,,,,,,,,,,,,,,,,,,,,,,,,,
39441,,,,,Zambia,,,,,,1/27/2012,,,,,,CIPLA LIMITED,,Lamivudine/Nevirapine/Stavudine,Generic,60/100/12mg,,,,,,,,,,,,110-ZM-T30,SCMS-134320,ASN-15274,PMO - US,Direct Drop,EXW,Air,12/22/2011,26-Jun-12,26-Jun-12,26-Jun-12,ARV,Pediatric,"Lamivudine/Nevirapine/Stavudine 60/100/12mg, dispersible tablets, 60 Tabs",Chewable/dispersible tablet - FDC,60.0,70000.0,301000.0,4.3,0.07,"Cipla, Goa, India",Yes,5999,25383.34,422.0,FPQ-9074
42980,,,,,Ethiopia,,,,,,1/23/2012,,,,,,"SHANGHAI KEHUA BIOENGINEERING CO.,LTD.  (KHB)",,"HIV 1/2, Colloidal Gold, Diagnostic Kit, Antibody",Colloidal Gold,,,,,,,,,,,,,117-ET-T30,SCMS-134760,ASN-14231,PMO - US,Direct Drop,EXW,Air,1/18/2012,2-Apr-12,2-Apr-12,2-Apr-12,HRDT,HIV test,"HIV 1/2, SKB Colloidal Gold, Diagnostic Kit, Antibody, 50 Tests",Test kit,1.0,924.0,22638.0,24.5,24.5,"KHB Test Kit Facility, Shanghai China",Yes,656,6488.44,31.74,FPQ-9210
84057,111-MZ-T30,FPQ-6426,SO-37600,DN-2086,Mozambique,PMO - US,From RDC,N/A - From RDC,Truck,9/23/10,N/A - From RDC,10-Mar-11,2-Mar-11,2-Mar-11,ARV,Adult,SCMS from RDC,"Lamivudine/Stavudine 150/30mg, tablets, 60 Tabs",Lamivudine/Stavudine,Generic,150/30mg,Tablet - FDC,60.0,23448.0,76909.44,3.28,0.05,"Cipla, Goa, India",Yes,1804,4815.8,165.82,,,,,,,,,,,,,,,,,,,,,,,,,,
83486,106-HT-T30,FPQ-6801,SO-38620,DN-2114,Haiti,PMO - US,From RDC,N/A - From RDC,Air,12/14/10,N/A - From RDC,28-Feb-11,14-Feb-11,14-Feb-11,ARV,Pediatric,SCMS from RDC,"Abacavir 20mg/ml, oral solution w/syringe, Bottle, 240 ml",Abacavir,Generic,20mg/ml,Oral solution,240.0,544.0,7452.8,13.7,0.06,"Aurobindo Unit III, India",Yes,395,6555.75,12.3,,,,,,,,,,,,,,,,,,,,,,,,,,
64452,106-HT-T30,FPQ-11287,SCMS-176390,ASN-20894,Haiti,PMO - US,Direct Drop,EXW,Air,1/16/13,2/5/13,20-Aug-13,20-Aug-13,20-Aug-13,ARV,Adult,HETERO LABS LIMITED,"Lamivudine/Stavudine 150/30mg, tablets, 60 Tabs",Lamivudine/Stavudine,Generic,150/30mg,Tablet - FDC,60.0,384.0,956.16,2.49,0.04,Hetero Unit III Hyderabad IN,Yes,30,1180.73,1.18,,,,,,,,,,,,,,,,,,,,,,,,,,
1638,,Pre-PQ Process,,,Mozambique,,,,,,2/27/2008,,,,,,"Orgenics, Ltd",,"HIV 1/2, Determine HIV Kit, without Lancets",Determine,,,,,,,,,,,,,111-MZ-T01,SCMS-18340,ASN-1746,PMO - US,Direct Drop,EXW,Air,Pre-PQ Process,9-Jul-08,4-Jul-08,4-Jul-08,HRDT,HIV test,"HIV 1/2, Determine HIV Kit, without Lancets, 100 Tests",Test kit,100.0,3000.0,215970.0,71.99,0.72,Inverness Japan,Yes,682,5298.9,345.55,
3007,104-CI-T01,Pre-PQ Process,SCMS-16740,ASN-1492,Côte d'Ivoire,PMO - US,Direct Drop,CIP,Air,Pre-PQ Process,1/24/08,8-Apr-08,8-Apr-08,8-Apr-08,ARV,Pediatric,BRISTOL-MYERS SQUIBB,"Didanosine 25mg [Videx], chewable tablets, 60 Tabs",Didanosine,Videx,25mg,Chewable/dispersible tablet,60.0,546.0,3822.0,7.0,0.12,"BMS Meymac, France",Yes,108,Freight Included in Commodity Cost,6.12,,,,,,,,,,,,,,,,,,,,,,,,,,
3245,,,,,Zambia,,,,,,6/20/2008,,,,,,"Trinity Biotech, Plc",,"HIV 1/2, Uni-Gold HIV Kit",Uni-Gold,,,,,,,,,,,,,110-ZM-T01,SCMS-25790,ASN-2399,PMO - US,Direct Drop,EXW,Air,Pre-PQ Process,26-Sep-08,26-Sep-08,26-Sep-08,HRDT,HIV test,"HIV 1/2, Uni-Gold HIV Kit, 20 Tests",Test kit,20.0,9000.0,288000.0,32.0,1.6,"Trinity Biotech, Plc",Yes,3000,34902.96,460.8,Pre-PQ Process
73776,,FPQ-16001,,,"Congo, DRC",,,,,,3/17/2015,,,,,,"Orgenics, Ltd",,"HIV 1/2, Determine Complete HIV Kit",Determine,,,,,,,,,,,,,101-CD-T30,SCMS-280220,ASN-32231,PMO - US,Direct Drop,EXW,Air,3/10/2015,23-Jul-15,23-Jul-15,29-Jul-15,HRDT,HIV test,"HIV 1/2, Determine Complete HIV Kit, 100 Tests",Test kit,100.0,128.0,10240.0,80.0,0.8,"Alere Medical Co., Ltd.",No,See ASN-32231 (ID#:13648),See ASN-32231 (ID#:13648),12.05,
11830,117-ET-T01,Pre-PQ Process,SO-1531,DN-526,Ethiopia,PMO - US,From RDC,N/A - From RDC,Air,Pre-PQ Process,N/A - From RDC,20-Dec-07,20-Dec-07,20-Dec-07,ARV,Pediatric,SCMS from RDC,"Zidovudine 10mg/ml, oral solution, Bottle, 240 ml",Zidovudine,Generic,10mg/ml,Oral solution,240.0,3286.0,7064.9,2.15,0.01,"Aurobindo Unit III, India",Yes,1215,8586,11.3,,,,,,,,,,,,,,,,,,,,,,,,,,
11313,,,,,Nigeria,,,,,,N/A - From RDC,,,,,,SCMS from RDC,,Lamivudine/Nevirapine/Zidovudine,Generic,150/300/200mg,,,,,,,,,,,,151-NG-T01,SO-22526,DN-1201,PMO - US,From RDC,N/A - From RDC,Air Charter,Pre-PQ Process,8-May-09,8-May-09,8-May-09,ARV,Adult,"Lamivudine/Nevirapine/Zidovudine 150/200/300mg, tablets, 60 Tabs",Tablet - FDC,60.0,53671.0,611849.4,11.4,0.19,"Aurobindo Unit III, India",Yes,6024,15128.37,1199.22,Pre-PQ Process
81496,108-VN-T30,FPQ-12539,SCMS-199750,ASN-22800,Vietnam,PMO - US,Direct Drop,EXW,Air,7/11/13,7/25/13,13-Dec-13,13-Dec-13,13-Dec-13,ARV,Adult,CIPLA LIMITED,"Lamivudine/Nevirapine/Zidovudine 150/200/300mg, tablets, 60 Tabs",Lamivudine/Nevirapine/Zidovudine,Generic,150/300/200mg,Tablet - FDC,60.0,6238.0,50527.8,8.1,0.13,"Cipla, Goa, India",Yes,866,1464.24,62.5,,,,,,,,,,,,,,,,,,,,,,,,,,
12874,,,,,Zimbabwe,,,,,,N/A - From RDC,,,,,,SCMS from RDC,,Lamivudine/Nevirapine/Stavudine,Generic,150/200/30mg,,,,,,,,,,,,113-ZW-T01,SO-18110,DN-1168,PMO - US,From RDC,N/A - From RDC,Truck,Pre-PQ Process,27-Apr-09,27-Apr-09,27-Apr-09,ARV,Adult,"Lamivudine/Nevirapine/Stavudine 150/200/30mg, tablets, 60 Tabs",Tablet - FDC,60.0,76000.0,562400.0,7.4,0.12,"Cipla, Goa, India",No,See DN-1168 (ID#:11031),See DN-1168 (ID#:11031),1102.3,Pre-PQ Process
57596,900-SZ-T30,FPQ-8386,SCMS-122660,ASN-12494,Swaziland,PMO - US,Direct Drop,EXW,Ocean,9/14/11,9/22/11,15-Dec-11,15-Dec-11,15-Dec-11,ARV,Adult,MYLAN LABORATORIES LTD (FORMERLY MATRIX LABORATORIES),"Efavirenz/Lamivudine/Tenofovir Disoproxil Fumarate 600/300/300mg, tablets, 30 Tabs",Efavirenz/Lamivudine/Tenofovir Disoproxil Fumarate,Generic,600/300/300mg,Tablet - FDC,30.0,97300.0,1371930.0,14.1,0.47,Mylan (formerly Matrix) Nashik,Yes,11433,12323.93,2263.68,,,,,,,,,,,,,,,,,,,,,,,,,,
84616,110-ZM-T30,FPQ-6222,SO-38280,DN-2091,Zambia,PMO - US,From RDC,N/A - From RDC,Truck,8/20/10,N/A - From RDC,31-Jan-11,18-Jan-11,18-Jan-11,ARV,Adult,SCMS from RDC,"Lamivudine 150mg, tablets, 60 Tabs",Lamivudine,Generic,150mg,Tablet,60.0,22242.0,51823.86,2.33,0.04,Hetero Unit III Hyderabad IN,Yes,1207,7487.51,111.73,,,,,,,,,,,,,,,,,,,,,,,,,,
86661,111-MZ-T30,FPQ-13123,SO-47083,DN-3580,Mozambique,PMO - US,From RDC,N/A - From RDC,Truck,10/21/13,N/A - From RDC,15-Apr-14,14-Apr-14,17-Apr-14,ARV,Pediatric,SCMS from RDC,"Nevirapine 10mg/ml, oral suspension w/syringe, Bottle, 240 ml",Nevirapine,Generic,10mg/ml,Oral suspension,240.0,4584.0,8526.24,1.86,0.01,"Aurobindo Unit III, India",No,See DN-3580 (ID#:83772),See DN-3580 (ID#:83772),8.76,,,,,,,,,,,,,,,,,,,,,,,,,,
74183,,FPQ-13998,,,Burundi,,,,,,4/29/2014,,,,,,"Orgenics, Ltd",,"HIV 1/2, Determine Complete HIV Kit",Determine,,,,,,,,,,,,,102-BI-T30,SCMS-235540,ASN-26174,PMO - US,Direct Drop,EXW,Air,4/1/2014,13-Jun-14,13-Jun-14,13-Jun-14,HRDT,HIV test,"HIV 1/2, Determine Complete HIV Kit, 100 Tests",Test kit,100.0,2114.0,169120.0,80.0,0.8,"Alere Medical Co., Ltd.",Yes,822,21348.51,173.86,
75198,,,,,Ghana,,,,,,5/23/2014,,,,,,Aurobindo Pharma Limited,,Lamivudine/Nevirapine/Zidovudine,Generic,150/300/200mg,,,,,,,,,,,,105-GH-T30,SCMS-237810,ASN-28671,PMO - US,Direct Drop,EXW,Air,4/12/2014,10-Nov-14,10-Nov-14,12-Nov-14,ARV,Adult,"Lamivudine/Nevirapine/Zidovudine 150/200/300mg, tablets, 60 Tabs",Tablet - FDC,60.0,25097.0,205795.4,8.2,0.14,"Aurobindo Unit III, India",Yes,3167,16189.27,211.56,FPQ-14052
3040,,Pre-PQ Process,,,Zambia,,,,,,2/25/2008,,,,,,"Orgenics, Ltd",,"HIV 1/2, Determine HIV Kit, without Lancets",Determine,,,,,,,,,,,,,110-ZM-T01,SCMS-18070,ASN-1576,PMO - US,Direct Drop,EXW,Air,Pre-PQ Process,22-Apr-08,5-May-08,5-May-08,HRDT,HIV test,"HIV 1/2, Determine HIV Kit, without Lancets, 100 Tests",Test kit,100.0,2000.0,143980.0,71.99,0.72,Inverness Japan,Yes,455,4113.16,230.37,
85831,,,,,Côte d'Ivoire,,,,,,N/A - From RDC,,,,,,SCMS from RDC,,Efavirenz/Emtricitabine/Tenofovir Disoproxil Fumarate,Generic,600/200/300mg,,,,,,,,,,,,104-CI-T30,SO-40841,DN-2555,PMO - US,From RDC,N/A - From RDC,Truck,8/29/2011,30-Mar-12,24-Feb-12,24-Feb-12,ARV,Adult,"Efavirenz/Emtricitabine/Tenofovir Disoproxil Fumarate 600/200/300mg, tablets, 30 Tabs",Tablet - FDC,30.0,7140.0,119452.2,16.73,0.56,Mylan (formerly Matrix) Nashik,Yes,779,4646.14,197.1,FPQ-8363
82274,,,,,Zimbabwe,,,,,,N/A - From RDC,,,,,,SCMS from RDC,,Lamivudine/Nevirapine/Stavudine,Generic,150/200/30mg,,,,,,,,,,,,113-ZW-T30,SO-27190,DN-1500,PMO - US,From RDC,N/A - From RDC,Truck,3/17/2009,15-Nov-09,9-Nov-09,9-Nov-09,ARV,Adult,"Lamivudine/Nevirapine/Stavudine 150/200/30mg, tablets, 60 Tabs",Tablet - FDC,60.0,76000.0,506160.0,6.66,0.11,"Cipla, Goa, India",Yes,8701,15332.68,992.07,FPQ-4472
83748,111-MZ-T30,FPQ-12573,SO-46170,DN-3554,Mozambique,PMO - US,From RDC,N/A - From RDC,Truck,6/28/13,N/A - From RDC,31-Mar-14,28-Mar-14,4-Apr-14,ARV,Adult,SCMS from RDC,"Abacavir/Lamivudine 600/300mg, scored tablets, 30 Tabs",Abacavir/Lamivudine,Generic,600/300mg,Tablet - FDC,30.0,4837.0,65396.24,13.52,0.45,Mylan (formerly Matrix) Nashik,Yes,1102,8406.81,80.9,,,,,,,,,,,,,,,,,,,,,,,,,,
11274,,,,,Zambia,,,,,,N/A - From RDC,,,,,,SCMS from RDC,,Zidovudine,Generic,300mg,,,,,,,,,,,,110-ZM-T01,SO-19410,DN-1028,PMO - US,From RDC,N/A - From RDC,Truck,Pre-PQ Process,8-Dec-08,8-Dec-08,8-Dec-08,ARV,Adult,"Zidovudine 300mg, tablets, 60 Tabs",Tablet,60.0,1294.0,10546.1,8.15,0.14,"Aurobindo Unit III, India",Yes,76,1062.5,20.67,Pre-PQ Process
82623,,FPQ-12712,,,Côte d'Ivoire,,,,,,N/A - From RDC,,,,,,SCMS from RDC,,Lamivudine,Generic,10mg/ml,,,,,,,,,,,,104-CI-T30,SO-46321,DN-3433,PMO - US,From RDC,N/A - From RDC,Truck,7/30/2013,10-Dec-13,10-Dec-13,8-Jan-14,ARV,Pediatric,"Lamivudine 10mg/ml, oral solution w/syringe, Bottle, 240 ml",Oral solution,240.0,11000.0,15950.0,1.45,0.01,"Aurobindo Unit III, India",Yes,3930,9378.14,19.73,
12122,104-CI-T01,Pre-PQ Process,SO-1245,DN-423,Côte d'Ivoire,PMO - US,From RDC,N/A - From RDC,Air,Pre-PQ Process,N/A - From RDC,13-Nov-07,13-Nov-07,13-Nov-07,ARV,Adult,SCMS from RDC,"Ritonavir 100mg [Norvir], capsules, cool, 4 x 84 Caps",Ritonavir,Norvir,100mg,Capsule,336.0,1200.0,46032.0,38.36,0.11,ABBVIE (Abbott) France,No,See DN-423 (ID#:11194),See DN-423 (ID#:11194),73.65,,,,,,,,,,,,,,,,,,,,,,,,,,
8100,,Pre-PQ Process,,,Zimbabwe,,,,,,9/28/2007,,,,,,Orasure Technologies Inc.,,"HIV 1/2, OraQuick Advance HIV Rapid Antibody Kit",OraQuick,,,,,,,,,,,,,113-ZW-T01,SCMS-11690,ASN-871,PMO - US,Direct Drop,CIP,Air,Pre-PQ Process,10-Jan-08,10-Jan-08,10-Jan-08,HRDT,HIV test,"HIV 1/2, OraQuick Advance HIV Rapid Antibody Kit, 100 Tests",Test kit,100.0,5.0,1750.0,350.0,3.5,"Pacific Biotech, Thailand",Yes,Weight Captured Separately,Freight Included in Commodity Cost,2.8,
15131,110-ZM-T30,FPQ-12251,SCMS-189230,ASN-20474,Zambia,PMO - US,Direct Drop,EXW,Air,5/2/13,5/22/13,11-Sep-13,11-Sep-13,11-Sep-13,HRDT,HIV test,"Orgenics, Ltd","HIV 1/2, Determine Complete HIV Kit, 100 Tests","HIV 1/2, Determine Complete HIV Kit",Determine,,Test kit,100.0,6000.0,480000.0,80.0,0.8,"Alere Medical Co., Ltd.",Yes,2606,38354.26,593.76,,,,,,,,,,,,,,,,,,,,,,,,,,
82518,107-RW-T30,FPQ-9969,SO-42430,DN-2885,Rwanda,PMO - US,From RDC,N/A - From RDC,Air,5/25/12,N/A - From RDC,31-Oct-12,30-Oct-12,30-Oct-12,ARV,Adult,SCMS from RDC,"Efavirenz/Lamivudine/Tenofovir Disoproxil Fumarate 600/300/300mg, tablets, 30 Tabs",Efavirenz/Lamivudine/Tenofovir Disoproxil Fumarate,Generic,600/300/300mg,Tablet - FDC,30.0,59989.0,796054.03,13.27,0.44,Mylan (formerly Matrix) Nashik,Yes,7242,5825.18,1116.07,,,,,,,,,,,,,,,,,,,,,,,,,,
55159,110-ZM-T30,FPQ-4141,SCMS-53261,ASN-5853,Zambia,PMO - US,Direct Drop,EXW,Air,8/31/09,9/11/09,28-Jan-10,28-Jan-10,28-Jan-10,HRDT,HIV test,"Orgenics, Ltd","HIV 1/2, Determine Complete HIV Kit, 100 Tests","HIV 1/2, Determine Complete HIV Kit",Determine,,Test kit,100.0,1820.0,131040.0,72.0,0.72,Inverness Japan,No,See ASN-5853 (ID#:24427),See ASN-5853 (ID#:24427),256.84,,,,,,,,,,,,,,,,,,,,,,,,,,
19225,,,,,South Africa,,,,,,10/15/2009,,,,,,S. BUYS WHOLESALER,,Zidovudine,Retrovir,100mg,,,,,,,,,,,,116-ZA-T30,SCMS-54980,ASN-5373,PMO - US,Direct Drop,DDP,Truck,10/8/2009,19-Oct-09,19-Oct-09,19-Oct-09,ARV,Pediatric,"Zidovudine 100mg [Retrovir], capsules, 100 Caps",Capsule,100.0,40.0,591.97,14.8,0.15,GSK Crawley,No,Weight Captured Separately,Freight Included in Commodity Cost,1.16,FPQ-4359
83086,,,,,Cameroon,,,,,,N/A - From RDC,,,,,,SCMS from RDC,,Efavirenz,Generic,600mg,,,,,,,,,,,,900-CM-T30,SO-43390,DN-2886,PMO - US,From RDC,N/A - From RDC,Air Charter,9/19/2012,24-Oct-12,17-Oct-12,17-Oct-12,ARV,Adult,"Efavirenz 600mg, tablets, 30 Tabs",Tablet,30.0,71406.0,259917.84,3.64,0.12,"Aurobindo Unit III, India",No,See DN-2886 (ID#:82519),See DN-2886 (ID#:82519),364.4,FPQ-10641
12658,,Pre-PQ Process,,,Mozambique,,,,,,N/A - From RDC,,,,,,SCMS from RDC,,Lamivudine/Nevirapine/Stavudine,Generic,150/200/30mg,,,,,,,,,,,,111-MZ-T01,SO-671,DN-189,PMO - US,From RDC,N/A - From RDC,Air,Pre-PQ Process,20-Jun-07,20-Jun-07,20-Jun-07,ARV,Adult,"Lamivudine/Nevirapine/Stavudine 150/200/30mg, tablets, 60 Tabs",Tablet - FDC,60.0,62000.0,458800.0,7.4,0.12,"Cipla, Goa, India",Yes,5778,20299,734.08,
2733,104-CI-T01,Pre-PQ Process,SCMS-593,ASN-452,Côte d'Ivoire,PMO - US,Direct Drop,EXW,Air,Pre-PQ Process,5/1/07,28-Jun-07,28-Jun-07,28-Jun-07,HRDT,HIV test,Orasure Technologies Inc.,"HIV 1/2, OraQuick Advance HIV Rapid Antibody Kit, 100 Tests","HIV 1/2, OraQuick Advance HIV Rapid Antibody Kit",OraQuick,,Test kit,100.0,50.0,20000.0,400.0,4.0,"Pacific Biotech, Thailand",Yes,120,3004.62,,,,,,,,,,,,,,,,,,,,,,,,,,,
80090,133-NG-T30,FPQ-10349,SCMS-155321,ASN-17165,Nigeria,PMO - US,Direct Drop,EXW,Air,7/17/12,8/13/12,28-Nov-12,28-Nov-12,28-Nov-12,HRDT,HIV test,"Orgenics, Ltd","HIV 1/2, Determine Complete HIV Kit, 100 Tests","HIV 1/2, Determine Complete HIV Kit",Determine,,Test kit,100.0,1139.0,101371.0,89.0,0.89,"Alere Medical Co., Ltd.",Yes,542,13117.86,142.12,,,,,,,,,,,,,,,,,,,,,,,,,,
62059,104-CI-T30,FPQ-6183,SCMS-83692,ASN-11129,Côte d'Ivoire,PMO - US,Direct Drop,CIP,Air,8/10/10,9/10/10,1-Jul-11,1-Jul-11,1-Jul-11,ARV,Adult,MERCK SHARP & DOHME IDEA GMBH (FORMALLY MERCK SHARP & DOHME B.V.),"Indinavir 400mg [Crixivan], capsules, 180 Caps",Indinavir,Crixivan,400mg,Capsule,180.0,922.0,46100.0,50.0,0.28,"MSD, Haarlem, NL",No,See ASN-11129 (ID#:32064),See ASN-11129 (ID#:32064),99.39,,,,,,,,,,,,,,,,,,,,,,,,,,
85736,109-TZ-T30,FPQ-5436,SO-36610,DN-2102,Tanzania,PMO - US,From RDC,N/A - From RDC,Air,4/1/10,N/A - From RDC,28-Feb-11,28-Feb-11,28-Feb-11,ARV,Pediatric,SCMS from RDC,"Didanosine 100mg, chewable/dispersible tablets, 60 Tabs",Didanosine,Generic,100mg,Chewable/dispersible tablet,60.0,625.0,4825.0,7.72,0.13,"Aurobindo Unit III, India",No,See DN-2102 (ID#:85176),See DN-2102 (ID#:85176),10.4,,,,,,,,,,,,,,,,,,,,,,,,,,
85357,114-UG-T30,FPQ-11133,SO-43880,DN-3127,Uganda,PMO - US,From RDC,N/A - From RDC,Truck,12/13/12,N/A - From RDC,4-Jun-13,4-Jun-13,4-Jun-13,ARV,Adult,SCMS from RDC,"Lamivudine/Tenofovir Disoproxil Fumarate 300/300mg, tablets, 30 Tabs",Lamivudine/Tenofovir Disoproxil Fumarate,Generic,300/300mg,Tablet - FDC,30.0,26940.0,126618.0,4.7,0.16,"Aurobindo Unit VII, IN",Yes,2517,11803.13,156.63,,,,,,,,,,,,,,,,,,,,,,,,,,
30601,,,,,Zambia,,,,,,12/22/2009,,,,,,"Orgenics, Ltd",,"HIV 1/2, Determine Complete HIV Kit",Determine,,,,,,,,,,,,,110-ZM-T30,SCMS-60711,ASN-6614,PMO - US,Direct Drop,EXW,Air,12/16/2009,3-May-10,23-Apr-10,23-Apr-10,HRDT,HIV test,"HIV 1/2, Determine Complete HIV Kit, 100 Tests",Test kit,100.0,2700.0,194400.0,72.0,0.72,Inverness Japan,Yes,1304,19502.09,419.13,FPQ-4691
37487,,FPQ-12522,,,South Africa,,,,,,8/29/2014,,,,,,S. BUYS WHOLESALER,,Lopinavir/Ritonavir,Generic,100/25mg,,,,,,,,,,,,116-ZA-T30,SCMS-199289,ASN-28033,PMO - US,Direct Drop,DDP,Truck,7/11/2013,29-Aug-14,29-Aug-14,29-Aug-14,ARV,Pediatric,"Lopinavir/Ritonavir 100/25mg [Aluvia], tablets, 60 Tabs",Tablet,60.0,6.0,38.64,6.44,0.11,ABBVIE Ludwigshafen Germany,No,Weight Captured Separately,Freight Included in Commodity Cost,0.05,
12249,130-NG-T01,Pre-PQ Process,SO-10540,DN-844,Nigeria,PMO - US,From RDC,N/A - From RDC,Air,Pre-PQ Process,N/A - From RDC,24-Jul-08,24-Jul-08,24-Jul-08,ARV,Adult,SCMS from RDC,"Efavirenz 600mg, tablets, 30 Tabs",Efavirenz,Generic,600mg,Tablet,30.0,1030.0,12071.6,11.72,0.39,"Aurobindo Unit III, India",Yes,251,1960.81,19.31,,,,,,,,,,,,,,,,,,,,,,,,,,
12305,,,,,Haiti,,,,,,N/A - From RDC,,,,,,SCMS from RDC,,Efavirenz,Generic,200mg,,,,,,,,,,,,106-HT-T01,SO-32730,DN-1374,PMO - US,From RDC,N/A - From RDC,Air,Date Not Captured,31-Jul-09,31-Jul-09,31-Jul-09,ARV,Pediatric,"Efavirenz 200mg, capsule, 90 Caps",Capsule,90.0,525.0,6683.25,12.73,0.14,"Aurobindo Unit III, India",No,See DN-1374 (ID#:11999),See DN-1374 (ID#:11999),13.1,Pre-PQ Process
29281,,FPQ-8155,,,Kenya,,,,,,8/28/2011,,,,,,"Orgenics, Ltd",,"HIV 1/2, Determine Complete HIV Kit",Determine,,,,,,,,,,,,,127-KE-T30,SCMS-119190,ASN-12470,PMO - US,Direct Drop,EXW,Air,8/5/2011,4-Nov-11,4-Nov-11,4-Nov-11,HRDT,HIV test,"HIV 1/2, Determine Complete HIV Kit, 100 Tests",Test kit,100.0,8657.0,770473.0,89.0,0.89,"Alere Medical Co., Ltd.",Yes,4203,44128.81,1271.28,
38827,,FPQ-5497,,,Guyana,,,,,,4/26/2010,,,,,,"CHEMBIO DIAGNOSTIC SYSTEMS, INC.",,"HIV 1/2, Stat-Pak HIV, Kit",Stat-Pak,,,,,,,,,,,,,102-GY-T30,SCMS-71640,ASN-6866,PMO - US,Direct Drop,EXW,Air,4/15/2010,28-May-10,28-May-10,28-May-10,HRDT,HIV test,"HIV 1/2, Stat-Pak HIV, Kit, 20 Tests",Test kit,20.0,5.0,135.0,27.0,1.35,Chembio Diagnostics Sys. Inc.,Yes,1,283.21,0.29,
9054,116-ZA-T01,Pre-PQ Process,SCMS-41585,ASN-4386,South Africa,PMO - US,Direct Drop,DDP,Air,Pre-PQ Process,3/27/09,25-Jun-09,21-Apr-09,21-Apr-09,ARV,Adult,S. BUYS WHOLESALER,"Lamivudine 150mg [Epivir], tablets, 60 Tabs",Lamivudine,Epivir,150mg,Tablet,60.0,3000.0,16080.0,5.36,0.09,GSK Cape Town Factory (South Africa),No,Weight Captured Separately,Freight Included in Commodity Cost,31.52,,,,,,,,,,,,,,,,,,,,,,,,,,
86172,,,,,Zimbabwe,,,,,,N/A - From RDC,,,,,,SCMS from RDC,,Lamivudine/Nevirapine/Zidovudine,Generic,30/50/60mg,,,,,,,,,,,,103-ZW-T30,SO-48440,DN-4157,PMO - US,From RDC,N/A - From RDC,Truck,4/2/2014,7-Mar-15,17-Mar-15,18-Mar-15,ARV,Pediatric,"Lamivudine/Nevirapine/Zidovudine 30/50/60mg, dispersible tablets, 60 Tabs",Chewable/dispersible tablet - FDC,60.0,4550.0,16380.0,3.6,0.06,Mylan (formerly Matrix) Nashik,No,See DN-4157 (ID#:82779),See DN-4157 (ID#:82779),16.84,FPQ-13967
36603,108-VN-T30,FPQ-13524,SCMS-226240,ASN-25803,Vietnam,PMO - US,Direct Drop,EXW,Air,2/6/14,3/10/14,7-Jun-14,7-Jun-14,7-Jun-14,ARV,Adult,Aurobindo Pharma Limited,"Nevirapine 200mg, tablets, 60 Tabs",Nevirapine,Generic,200mg,Tablet,60.0,7400.0,16650.0,2.25,0.04,"Aurobindo Unit III, India",Yes,730,1338.19,17.12,,,,,,,,,,,,,,,,,,,,,,,,,,
85880,151-NG-T30,FPQ-9432,SO-42801,DN-2766,Nigeria,PMO - US,From RDC,N/A - From RDC,Air Charter,3/1/12,N/A - From RDC,2-Aug-12,24-Jul-12,24-Jul-12,ARV,Adult,SCMS from RDC,"Abacavir 300mg, tablets, 60 Tabs",Abacavir,Generic,300mg,Tablet,60.0,6100.0,79056.0,12.96,0.22,Mylan (formerly Matrix) Nashik,Yes,681,16532.5,110.84,,,,,,,,,,,,,,,,,,,,,,,,,,
85238,,,,,Tanzania,,,,,,N/A - From RDC,,,,,,SCMS from RDC,,Zidovudine,Generic,300mg,,,,,,,,,,,,109-TZ-T30,SO-40613,DN-2558,PMO - US,From RDC,N/A - From RDC,Truck,8/22/2011,6-Apr-12,14-Feb-12,14-Feb-12,ARV,Adult,"Zidovudine 300mg, tablets, 60 Tabs",Tablet,60.0,39402.0,276602.04,7.02,0.12,Hetero Unit III Hyderabad IN,No,See DN-2558 (ID#:82453),See DN-2558 (ID#:82453),456.39,FPQ-8297
8461,108-VN-T01,Pre-PQ Process,SCMS-23440,ASN-2335,Vietnam,PMO - US,Direct Drop,EXW,Air,Pre-PQ Process,5/13/08,20-Sep-08,20-Sep-08,20-Sep-08,ARV,Adult,MYLAN LABORATORIES LTD (FORMERLY MATRIX LABORATORIES),"Zidovudine 300mg, tablets, 60 Tabs",Zidovudine,Generic,300mg,Tablet,60.0,432.0,3240.0,7.5,0.12,Mylan (formerly Matrix) Nashik,No,See ASN-2335 (ID#:5796),See ASN-2335 (ID#:5796),5.18,,,,,,,,,,,,,,,,,,,,,,,,,,
85407,,,,,Dominican Republic,,,,,,N/A - From RDC,,,,,,SCMS from RDC,,Efavirenz,Generic,600mg,,,,,,,,,,,,103-DO-T30,SO-46150,DN-3355,PMO - US,From RDC,N/A - From RDC,Air,3/18/2013,29-Oct-13,10-Oct-13,29-Oct-13,ARV,Adult,"Efavirenz 600mg, tablets, 30 Tabs",Tablet,30.0,41083.0,136806.39,3.33,0.11,"Aurobindo Unit III, India",No,See DN-3355 (ID#:83726),See DN-3355 (ID#:83726),169.23,FPQ-11920
20371,,,,,Vietnam,,,,,,6/12/2012,,,,,,MYLAN LABORATORIES LTD (FORMERLY MATRIX LABORATORIES),,Lamivudine/Nevirapine/Zidovudine,Generic,30/50/60mg,,,,,,,,,,,,108-VN-T30,SCMS-145530,ASN-16123,PMO - US,Direct Drop,EXW,Air,4/11/2012,9-Oct-12,9-Oct-12,9-Oct-12,ARV,Pediatric,"Lamivudine/Nevirapine/Zidovudine 30/50/60mg, dispersible tablets, 60 Tabs",Chewable/dispersible tablet - FDC,60.0,1302.0,5403.3,4.15,0.07,Mylan (formerly Matrix) Nashik,Yes,4587,11252.53,7.58,FPQ-9577
25844,,,,,Tanzania,,,,,,2/17/2012,,,,,,"Orgenics, Ltd",,"HIV 1/2, Determine Complete HIV Kit",Determine,,,,,,,,,,,,,109-TZ-T30,SCMS-136920,ASN-14276,PMO - US,Direct Drop,EXW,Air,1/25/2012,8-May-12,8-May-12,8-May-12,HRDT,HIV test,"HIV 1/2, Determine Complete HIV Kit, 100 Tests",Test kit,100.0,1130.0,90400.0,80.0,0.8,"Alere Medical Co., Ltd.",Yes,537,10626.8,126.74,FPQ-9211
42851,,FPQ-8264,,,Sudan,,,,,,9/14/2011,,,,,,"Orgenics, Ltd",,"HIV, Capillary Tubes, for Determine, EDTA, 50uL,100 Pcs",Determine,,,,,,,,,,,,,102-SD-T30,SCMS-121843,ASN-12831,PMO - US,Direct Drop,EXW,Air,9/7/2011,6-Jan-12,6-Jan-12,6-Jan-12,HRDT,HIV test - Ancillary,"Capillary Tubes, for Determine, EDTA, 50uL,100 Pcs",Test kit - Ancillary,100.0,1.0,8.0,8.0,0.08,"Alere Medical Co., Ltd.",Yes,2,885.49,0.01,
59994,,FPQ-13214,,,South Africa,,,,,,12/2/2013,,,,,,S. BUYS WHOLESALER,,Abacavir,Generic,300mg,,,,,,,,,,,,116-ZA-T30,SCMS-215410,ASN-23875,PMO - US,Direct Drop,DDP,Truck,11/14/2013,13-Jan-14,13-Jan-14,13-Jan-14,ARV,Adult,"Abacavir 300mg, tablets, 60 Tabs",Tablet,60.0,268.0,18310.96,68.32,1.14,"Aurobindo Unit III, India",No,Weight Captured Separately,Freight Included in Commodity Cost,18.82,
82341,,,,,Rwanda,,,,,,N/A - From RDC,,,,,,SCMS from RDC,,Lamivudine/Nevirapine/Zidovudine,Generic,150/300/200mg,,,,,,,,,,,,107-RW-T30,SO-36581,DN-1950,PMO - US,From RDC,N/A - From RDC,Air,3/25/2010,30-Aug-10,3-Aug-10,3-Aug-10,ARV,Adult,"Lamivudine/Nevirapine/Zidovudine 150/200/300mg, tablets, 60 Tabs",Tablet - FDC,60.0,44131.0,495149.82,11.22,0.19,"Aurobindo Unit III, India",Yes,5364,81670.57,1067.54,FPQ-5394
69606,101-CD-T30,FPQ-16001,SCMS-280210,ASN-31750,"Congo, DRC",PMO - US,Direct Drop,EXW,Air,3/10/15,3/16/15,2-Jul-15,2-Jul-15,30-Jul-15,HRDT,HIV test,"Trinity Biotech, Plc","HIV 1/2, Uni-Gold HIV Kit, 20 Tests","HIV 1/2, Uni-Gold HIV Kit",Uni-Gold,,Test kit,20.0,15.0,480.0,32.0,1.6,"Trinity Biotech, Plc",No,See ASN-31750 (ID#:19272),See ASN-31750 (ID#:19272),0.56,,,,,,,,,,,,,,,,,,,,,,,,,,
71064,,FPQ-10092,,,Rwanda,,,,,,6/12/2012,,,,,,HETERO LABS LIMITED,,Lamivudine/Tenofovir Disoproxil Fumarate,Generic,300/300mg,,,,,,,,,,,,107-RW-T30,SCMS-149432,ASN-15626,PMO - US,Direct Drop,EXW,Air,6/4/2012,4-Aug-12,4-Aug-12,4-Aug-12,ARV,Adult,"Lamivudine/Tenofovir Disoproxil Fumarate 300/300mg, tablets, 30 Tabs",Tablet - FDC,30.0,40805.0,195455.95,4.79,0.16,Hetero Unit III Hyderabad IN,Yes,4574,45060.6,274.03,
44486,,FPQ-13035,,,South Africa,,,,,,12/2/2013,,,,,,S. BUYS WHOLESALER,,Efavirenz,Generic,50mg,,,,,,,,,,,,116-ZA-T30,SCMS-215370,ASN-24415,PMO - US,Direct Drop,DDP,Truck,10/8/2013,6-Feb-14,6-Feb-14,6-Feb-14,ARV,Pediatric,"Efavirenz 50mg, capsule, 30 Caps",Capsule,30.0,182.0,541.83,2.98,0.1,"Aurobindo Unit III, India",No,Weight Captured Separately,Freight Included in Commodity Cost,0.67,
12806,111-MZ-T01,Pre-PQ Process,SO-2217,DN-699,Mozambique,PMO - US,From RDC,N/A - From RDC,Air,Pre-PQ Process,N/A - From RDC,21-Apr-08,21-Apr-08,21-Apr-08,ARV,Adult,SCMS from RDC,"Nevirapine 200mg, tablets, 60 Tabs",Nevirapine,Generic,200mg,Tablet,60.0,3000.0,10200.0,3.4,0.06,Hetero Unit III Hyderabad IN,Yes,168,1074.95,16.32,,,,,,,,,,,,,,,,,,,,,,,,,,
44920,,FPQ-4720,,,Vietnam,,,,,,1/14/2010,,,,,,Aurobindo Pharma Limited,,Stavudine,Generic,30mg,,,,,,,,,,,,108-VN-T30,SCMS-62820,ASN-6687,PMO - US,Direct Drop,EXW,Air,1/4/2009,18-May-10,18-May-10,18-May-10,ARV,Adult,"Stavudine 30mg, capsules, 60 Caps",Capsule,60.0,9744.0,14128.8,1.45,0.02,"Aurobindo Unit III, India",Yes,656,6158,30.46,
5793,,Pre-PQ Process,,,Vietnam,,,,,,5/13/2008,,,,,,Aurobindo Pharma Limited,,Lamivudine/Zidovudine,Generic,150/300mg,,,,,,,,,,,,108-VN-T01,SCMS-23340,ASN-2277,PMO - US,Direct Drop,EXW,Air,Pre-PQ Process,19-Sep-08,19-Sep-08,19-Sep-08,ARV,Adult,"Lamivudine/Zidovudine 150/300mg, tablets, 60 Tabs",Tablet - FDC,60.0,3024.0,27972.0,9.25,0.15,"Aurobindo Unit III, India",Yes,703,10356.86,44.76,
84160,,FPQ-8464,,,Zimbabwe,,,,,,N/A - From RDC,,,,,,SCMS from RDC,,Lamivudine/Nevirapine/Zidovudine,Generic,150/300/200mg,,,,,,,,,,,,113-ZW-T30,SO-40860,DN-2621,PMO - US,From RDC,N/A - From RDC,Truck,10/4/2011,17-Apr-12,7-May-12,7-May-12,ARV,Adult,"Lamivudine/Nevirapine/Zidovudine 150/200/300mg, tablets, 60 Tabs",Tablet - FDC,60.0,11574.0,127314.0,11.0,0.18,Mylan (formerly Matrix) Nashik,No,See DN-2621 (ID#:83583),See DN-2621 (ID#:83583),210.07,
83661,106-HT-T30,FPQ-11281,SO-44400,DN-3015,Haiti,PMO - US,From RDC,N/A - From RDC,Air,1/16/13,N/A - From RDC,9-Apr-13,14-Mar-13,14-Mar-13,ARV,Adult,SCMS from RDC,"Lopinavir/Ritonavir 200/50mg, tablets, 120 Tabs",Lopinavir/Ritonavir,Generic,200/50mg,Tablet,120.0,6160.0,152521.6,24.76,0.21,Mylan (formerly Matrix) Nashik,No,See DN-3015 (ID#:82554),See DN-3015 (ID#:82554),188.67,,,,,,,,,,,,,,,,,,,,,,,,,,
36592,,FPQ-7521,,,Zimbabwe,,,,,,5/5/2011,,,,,,"Orgenics, Ltd",,"HIV 1/2, Determine Complete HIV Kit",Determine,,,,,,,,,,,,,113-ZW-T30,SCMS-108030,ASN-11412,PMO - US,Direct Drop,EXW,Air,4/7/2011,8-Sep-11,8-Sep-11,8-Sep-11,HRDT,HIV test,"HIV 1/2, Determine Complete HIV Kit, 100 Tests",Test kit,100.0,1070.0,85600.0,80.0,0.8,Inverness Japan,Yes,532,14423.28,141.24,
11561,113-ZW-T01,Pre-PQ Process,SO-13991,DN-1015,Zimbabwe,PMO - US,From RDC,N/A - From RDC,Truck,Pre-PQ Process,N/A - From RDC,19-Nov-08,19-Nov-08,19-Nov-08,ARV,Adult,SCMS from RDC,"Lamivudine/Stavudine 150/30mg, tablets, 30 Tabs",Lamivudine/Stavudine,Generic,150/30mg,Tablet - FDC,30.0,8000.0,16000.0,2.0,0.07,"Cipla, Goa, India",Yes,8855,29883.7,31.36,,,,,,,,,,,,,,,,,,,,,,,,,,
61614,,,,,South Africa,,,,,,3/24/2011,,,,,,Aurobindo Pharma Limited,,Efavirenz,Generic,600mg,,,,,,,,,,,,161-ZA-T30,SCMS-103440,ASN-11677,PMO - US,Direct Drop,DDP,Ocean,3/10/2011,4-Oct-11,11-Oct-11,11-Oct-11,ARV,Adult,"Efavirenz 600mg, tablets, 30 Tabs",Tablet,30.0,58489.0,263785.39,4.51,0.15,"Aurobindo Unit III, India",Yes,4972,14439.19,435.25,FPQ-7175
84290,,,,,Zimbabwe,,,,,,N/A - From RDC,,,,,,SCMS from RDC,,Lamivudine/Tenofovir Disoproxil Fumarate,Generic,300/300mg,,,,,,,,,,,,113-ZW-T30,SO-44350,DN-3337,PMO - US,From RDC,N/A - From RDC,Truck,1/24/2013,30-Sep-13,9-Oct-13,1-Nov-13,ARV,Adult,"Lamivudine/Tenofovir Disoproxil Fumarate 300/300mg, tablets, 30 Tabs",Tablet - FDC,30.0,131520.0,632611.2,4.81,0.16,Hetero Unit III Hyderabad IN,Yes,2277,12000,782.54,FPQ-11545
82926,,,,,Ethiopia,,,,,,N/A - From RDC,,,,,,SCMS from RDC,,Abacavir,Generic,300mg,,,,,,,,,,,,117-ET-T30,SO-37620,DN-2050,PMO - US,From RDC,N/A - From RDC,Air,9/24/2010,19-Nov-10,8-Nov-10,8-Nov-10,ARV,Adult,"Abacavir 300mg, tablets, 60 Tabs",Tablet,60.0,3000.0,49320.0,16.44,0.27,Mylan (formerly Matrix) Nashik,Yes,342,1419.84,106.33,FPQ-6428
37994,,,,,Mali,,,,,,11/19/2014,,,,,,"Orgenics, Ltd",,"HIV 1/2, Determine Complete HIV Kit",Determine,,,,,,,,,,,,,103-ML-T30,SCMS-260760,ASN-30806,PMO - US,Direct Drop,EXW,Air,10/7/2014,4-Apr-15,4-Apr-15,11-May-15,HRDT,HIV test,"HIV 1/2, Determine Complete HIV Kit, 100 Tests",Test kit,100.0,434.0,34720.0,80.0,0.8,"Alere Medical Co., Ltd.",Yes,169,4498.98,35.69,FPQ-15006
11033,109-TZ-T01,Pre-PQ Process,SO-18740,DN-1180,Tanzania,PMO - US,From RDC,N/A - From RDC,Truck,Pre-PQ Process,N/A - From RDC,11-May-09,11-May-09,11-May-09,ARV,Adult,SCMS from RDC,"Emtricitabine/Tenofovir Disoproxil Fumarate 200/300mg [Truvada], tablets, 30 Tabs",Emtricitabine/Tenofovir Disoproxil Fumarate,Truvada,300/200mg,Tablet - FDC,30.0,37440.0,982800.0,26.25,0.88,"Aspen-OSD, Port Elizabeth, SA",Yes,5712,5873,1926.29,,,,,,,,,,,,,,,,,,,,,,,,,,
71402,,FPQ-14895,,,Haiti,,,,,,11/14/2014,,,,,,CIPLA LIMITED,,Lamivudine/Nevirapine/Zidovudine,Generic,30/50/60mg,,,,,,,,,,,,106-HT-T30,SCMS-261980,ASN-29907,PMO - US,Direct Drop,EXW,Air,9/24/2014,20-Jan-15,20-Jan-15,21-Jan-15,ARV,Pediatric,"Lamivudine/Nevirapine/Zidovudine 30/50/60mg, dispersible tablets, 60 Tabs",Chewable/dispersible tablet - FDC,60.0,7867.0,28321.2,3.6,0.06,"Cipla, Goa, India",Yes,811,5915.63,29.11,
78532,102-BW-T30,FPQ-6645,SCMS-92600,ASN-9740,Botswana,PMO - US,Direct Drop,EXW,Air,11/11/10,12/2/10,2-Mar-11,2-Mar-11,2-Mar-11,HRDT,HIV test,"Standard Diagnostics, Inc.","HIV 1/2, Bioline 3.0 Kit, Lancets, Capillary pipets, Alcohol swabs included, 25 Tests","HIV 1/2, Bioline 3.0 Kit, Lancets, Capillary pipets, Alcohol swabs included",Bioline,,Test kit,25.0,40.0,800.0,20.0,0.8,"Standard Diagnostics, Korea",Yes,14,706.18,1.32,,,,,,,,,,,,,,,,,,,,,,,,,,
9086,,,,,Zambia,,,,,,4/2/2009,,,,,,"Orgenics, Ltd",,"HIV 1/2, Determine Complete HIV Kit",Determine,,,,,,,,,,,,,110-ZM-T01,SCMS-42640,ASN-4439,PMO - US,Direct Drop,EXW,Air,Pre-PQ Process,23-Jul-09,23-Jul-09,23-Jul-09,HRDT,HIV test,"HIV 1/2, Determine Complete HIV Kit, 100 Tests",Test kit,100.0,4500.0,324000.0,72.0,0.72,Inverness Japan,Yes,1330,11559.65,635.04,Pre-PQ Process
12496,123-NG-T01,Pre-PQ Process,SO-2553,DN-836,Nigeria,PMO - US,From RDC,N/A - From RDC,Air,Pre-PQ Process,N/A - From RDC,31-Jul-08,31-Jul-08,31-Jul-08,ARV,Pediatric,SCMS from RDC,"Efavirenz 200mg, capsule, 90 Caps",Efavirenz,Generic,200mg,Capsule,90.0,1132.0,18112.0,16.0,0.18,"Aurobindo Unit III, India",No,See DN-836 (ID#:11244),See DN-836 (ID#:11244),28.98,,,,,,,,,,,,,,,,,,,,,,,,,,
15867,,,,,Rwanda,,,,,,12/13/2011,,,,,,Aurobindo Pharma Limited,,Lamivudine/Tenofovir Disoproxil Fumarate,Generic,300/300mg,,,,,,,,,,,,107-RW-T30,SCMS-129870,ASN-13373,PMO - US,Direct Drop,EXW,Air,12/6/2011,24-Jan-12,26-Jan-12,26-Jan-12,ARV,Adult,"Lamivudine/Tenofovir Disoproxil Fumarate 300/300mg, tablets, 30 Tabs",Tablet - FDC,30.0,41286.0,220880.1,5.35,0.18,"Aurobindo Unit VII, IN",Yes,4027,28833.91,309.67,FPQ-8932
10700,104-CI-T01,Pre-PQ Process,SO-1685,DN-613,Côte d'Ivoire,PMO - US,From RDC,N/A - From RDC,Air,Pre-PQ Process,N/A - From RDC,19-Feb-08,19-Feb-08,19-Feb-08,ARV,Adult,SCMS from RDC,"Lamivudine/Zidovudine 150/300mg, tablets, 60 Tabs",Lamivudine/Zidovudine,Generic,150/300mg,Tablet - FDC,60.0,20284.0,192698.0,9.5,0.16,"Aurobindo Unit III, India",Yes,1897,3826.17,308.32,,,,,,,,,,,,,,,,,,,,,,,,,,
83991,151-NG-T30,FPQ-4537,SO-35096,DN-1746,Nigeria,PMO - US,From RDC,N/A - From RDC,Air Charter,11/6/09,N/A - From RDC,19-Apr-10,31-Mar-10,31-Mar-10,ARV,Adult,SCMS from RDC,"Zidovudine 300mg, tablets, 60 Tabs",Zidovudine,Generic,300mg,Tablet,60.0,905.0,6787.5,7.5,0.12,Mylan (formerly Matrix) Nashik,Yes,47,Freight Included in Commodity Cost,14.63,,,,,,,,,,,,,,,,,,,,,,,,,,
73918,,,,,Zimbabwe,,,,,,5/5/2011,,,,,,"Orgenics, Ltd",,"HIV 1/2, Determine Complete HIV Kit",Determine,,,,,,,,,,,,,113-ZW-T30,SCMS-108000,ASN-12247,PMO - US,Direct Drop,EXW,Air,4/7/2011,19-Oct-11,19-Oct-11,19-Oct-11,HRDT,HIV test,"HIV 1/2, Determine Complete HIV Kit, 100 Tests",Test kit,100.0,2499.0,199920.0,80.0,0.8,Inverness Japan,Yes,1191,23808.37,329.87,FPQ-7521
84369,109-TZ-T30,FPQ-12587,SO-46006,DN-3709,Tanzania,PMO - US,From RDC,N/A - From RDC,Truck,7/4/13,N/A - From RDC,30-Jun-14,10-Jun-14,12-Jun-14,ARV,Adult,SCMS from RDC,"Emtricitabine/Tenofovir Disoproxil Fumarate 200/300mg, tablets, 30 Tabs",Emtricitabine/Tenofovir Disoproxil Fumarate,Generic,200/300mg,Tablet - FDC,30.0,34733.0,199367.42,5.74,0.19,Mylan (formerly Matrix) Nashik,Yes,2746,5989.25,246.62,,,,,,,,,,,,,,,,,,,,,,,,,,
12811,113-ZW-T01,Pre-PQ Process,SO-1053,DN-774,Zimbabwe,PMO - US,From RDC,N/A - From RDC,Truck,Pre-PQ Process,N/A - From RDC,17-Jun-08,17-Jun-08,17-Jun-08,HRDT,HIV test,SCMS from RDC,"HIV 1/2, Determine HIV Kit, without Lancets, 100 Tests","HIV 1/2, Determine HIV Kit, without Lancets",Determine,,Test kit,100.0,1800.0,129582.0,71.99,0.72,Inverness Japan,No,See DN-774 (ID#:11268),See DN-774 (ID#:11268),207.33,,,,,,,,,,,,,,,,,,,,,,,,,,
46198,,FPQ-9001,,,Vietnam,,,,,,1/25/2012,,,,,,ABBVIE LOGISTICS (FORMERLY ABBOTT LOGISTICS BV),,Lopinavir/Ritonavir,Aluvia,200/50mg,,,,,,,,,,,,108-VN-T30,SCMS-131600,ASN-15081,PMO - US,Direct Drop,FCA,Air,12/15/2011,6-Jul-12,6-Jul-12,6-Jul-12,ARV,Adult,"Lopinavir/Ritonavir 200/50mg [Aluvia], tablets, 120 Tabs",Tablet,120.0,1922.0,116896.04,60.82,0.51,ABBVIE Ludwigshafen Germany,Yes,467,1842.23,163.89,
45695,,FPQ-9635,,,Haiti,,,,,,7/12/2012,,,,,,Aurobindo Pharma Limited,,Efavirenz,Generic,50mg,,,,,,,,,,,,106-HT-T30,SCMS-148400,ASN-15792,PMO - US,Direct Drop,EXW,Air,5/14/2012,18-Aug-12,18-Aug-12,18-Aug-12,ARV,Pediatric,"Efavirenz 50mg, capsule, 30 Caps",Capsule,30.0,1764.0,3951.36,2.24,0.07,"Aurobindo Unit III, India",Yes,106,1615.07,5.54,
54986,133-NG-T30,FPQ-7634,SCMS-108730,ASN-12331,Nigeria,PMO - US,Direct Drop,EXW,Air,4/28/11,5/18/11,12-Oct-11,12-Oct-11,12-Oct-11,HRDT,HIV test,"CHEMBIO DIAGNOSTIC SYSTEMS, INC.","HIV 1/2, Stat-Pak HIV, Kit, 20 Tests","HIV 1/2, Stat-Pak HIV, Kit",Stat-Pak,,Test kit,20.0,1301.0,37729.0,29.0,1.45,Chembio Diagnostics Sys. Inc.,Yes,376,2162.26,62.25,,,,,,,,,,,,,,,,,,,,,,,,,,
83579,,FPQ-8476,,,Zambia,,,,,,N/A - From RDC,,,,,,SCMS from RDC,,Lamivudine/Nevirapine/Stavudine,Generic,150/200/30mg,,,,,,,,,,,,110-ZM-T30,SO-40953,DN-2608,PMO - US,From RDC,N/A - From RDC,Truck,9/27/2011,15-May-12,16-Apr-12,16-Apr-12,ARV,Adult,"Lamivudine/Nevirapine/Stavudine 150/200/30mg, tablets, 60 Tabs",Tablet - FDC,60.0,50000.0,269000.0,5.38,0.09,"Strides, Bangalore, India.",Yes,10381,8510.81,443.85,
85846,,FPQ-8297,,,Tanzania,,,,,,N/A - From RDC,,,,,,SCMS from RDC,,Zidovudine,Generic,300mg,,,,,,,,,,,,109-TZ-T30,SO-40610,DN-2598,PMO - US,From RDC,N/A - From RDC,Truck,8/22/2011,4-May-12,11-Apr-12,11-Apr-12,ARV,Adult,"Zidovudine 300mg, tablets, 60 Tabs",Tablet,60.0,137759.0,967068.18,7.02,0.12,Hetero Unit III Hyderabad IN,No,See DN-2598 (ID#:82465),See DN-2598 (ID#:82465),1595.66,
12368,117-ET-T01,Pre-PQ Process,SO-582,DN-157,Ethiopia,PMO - US,From RDC,N/A - From RDC,,Pre-PQ Process,N/A - From RDC,24-May-07,24-May-07,24-May-07,HRDT,HIV test,SCMS from RDC,"HIV 1/2, Uni-Gold HIV Kit, 20 Tests","HIV 1/2, Uni-Gold HIV Kit",Uni-Gold,,Test kit,20.0,200.0,6400.0,32.0,1.6,"Trinity Biotech, Plc",No,See DN-157 (ID#:11403),See DN-157 (ID#:11403),,,,,,,,,,,,,,,,,,,,,,,,,,,
83719,,FPQ-10728,,,Zambia,,,,,,N/A - From RDC,,,,,,SCMS from RDC,,Lamivudine/Zidovudine,Generic,150/300mg,,,,,,,,,,,,110-ZM-T30,SO-43462,DN-3340,PMO - US,From RDC,N/A - From RDC,Truck,10/5/2012,5-Nov-13,5-Nov-13,12-Nov-13,ARV,Adult,"Lamivudine/Zidovudine 150/300mg, tablets, 60 Tabs",Tablet - FDC,60.0,67271.0,470897.0,7.0,0.12,"Cipla, Goa, India",Yes,6041,10651.44,660.2,
83911,,FPQ-15259,,,Côte d'Ivoire,,,,,,N/A - From RDC,,,,,,SCMS from RDC,,Efavirenz,Generic,600mg,,,,,,,,,,,,104-CI-T30,SO-50100,DN-4255,PMO - US,From RDC,N/A - From RDC,Truck,10/24/2014,19-Jun-15,8-Jun-15,19-Jun-15,ARV,Adult,"Efavirenz 600mg, tablets, 30 Tabs",Tablet,30.0,14996.0,46787.52,3.12,0.1,"Cipla, Goa, India",Yes,33428,49314.37,55.07,
85502,151-NG-T30,FPQ-14156,SO-48901,DN-3807,Nigeria,PMO - US,From RDC,N/A - From RDC,Air Charter,4/25/14,N/A - From RDC,31-Oct-14,20-Jun-14,25-Jun-14,ARV,Adult,SCMS from RDC,"Lamivudine/Tenofovir Disoproxil Fumarate 300/300mg, tablets, 30 Tabs",Lamivudine/Tenofovir Disoproxil Fumarate,Generic,300/300mg,Tablet - FDC,30.0,7354.0,34122.56,4.64,0.15,Hetero Unit III Hyderabad IN,No,See DN-3807 (ID#:82698),See DN-3807 (ID#:82698),35.08,,,,,,,,,,,,,,,,,,,,,,,,,,
66663,,FPQ-12456,,,Nigeria,,,,,,7/10/2013,,,,,,"Orgenics, Ltd",,"HIV 1/2, Determine Complete HIV Kit",Determine,,,,,,,,,,,,,133-NG-T30,SCMS-196561,ASN-22350,PMO - US,Direct Drop,EXW,Air,6/10/2013,7-Nov-13,7-Nov-13,17-Nov-13,HRDT,HIV test,"HIV 1/2, Determine Complete HIV Kit, 100 Tests",Test kit,100.0,3035.0,270115.0,89.0,0.89,"Alere Medical Co., Ltd.",Yes,1233,21084.84,334.13,
84725,113-ZW-T30,FPQ-8464,SO-40882,DN-2682,Zimbabwe,PMO - US,From RDC,N/A - From RDC,Truck,10/4/11,N/A - From RDC,14-Aug-12,10-May-12,10-May-12,ARV,Adult,SCMS from RDC,"Lamivudine/Nevirapine/Stavudine 150/200/30mg, tablets, 60 Tabs",Lamivudine/Nevirapine/Stavudine,Generic,150/200/30mg,Tablet - FDC,60.0,4050.0,19035.0,4.7,0.08,"Strides, Bangalore, India.",Yes,Weight Captured Separately,Invoiced Separately,31.41,,,,,,,,,,,,,,,,,,,,,,,,,,
83039,,,,,Uganda,,,,,,N/A - From RDC,,,,,,SCMS from RDC,,Lamivudine/Zidovudine,Generic,150/300mg,,,,,,,,,,,,114-UG-T30,SO-42080,DN-2677,PMO - US,From RDC,N/A - From RDC,Truck,5/9/2012,17-Aug-12,8-Jun-12,8-Jun-12,ARV,Adult,"Lamivudine/Zidovudine 150/300mg, tablets, 60 Tabs",Tablet - FDC,60.0,17827.0,138694.06,7.78,0.13,Hetero Unit III Hyderabad IN,Yes,2939,17665.42,194.45,FPQ-9875
28838,,,,,South Africa,,,,,,6/17/2010,,,,,,STRIDES ARCOLAB LIMITED,,Lamivudine,Generic,150mg,,,,,,,,,,,,161-ZA-T30,SCMS-75560,ASN-8147,PMO - US,Direct Drop,DDP,Ocean,6/2/2010,4-Nov-10,4-Nov-10,4-Nov-10,ARV,Adult,"Lamivudine 150mg, tablets, 60 Tabs",Tablet,60.0,150000.0,373500.0,2.49,0.04,"Strides, Bangalore, India.",Yes,7670,8256.97,805.27,FPQ-5648
35566,,,,,South Africa,,,,,,5/11/2015,,,,,,PHARMACY DIRECT,,Lamivudine/Zidovudine,Generic,150/300mg,,,,,,,,,,,,116-ZA-T30,SCMS-259075,ASN-32122,PMO - US,Direct Drop,DDP,Truck,9/11/2014,12-May-15,12-May-15,12-May-15,ARV,Adult,"Lamivudine/Zidovudine 150/300mg, tablets, 60 Tabs",Tablet - FDC,60.0,19.0,406.76,21.41,0.36,"Aurobindo Unit III, India",No,Weight Captured Separately,Freight Included in Commodity Cost,0.42,FPQ-14942
84224,101-CD-T30,FPQ-11096,SO-43750,DN-3017,"Congo, DRC",PMO - US,From RDC,N/A - From RDC,Air,11/20/12,N/A - From RDC,18-Mar-13,8-Aug-13,8-Aug-13,ARV,Adult,SCMS from RDC,"Lamivudine/Nevirapine/Zidovudine 150/200/300mg, tablets, 60 Tabs",Lamivudine/Nevirapine/Zidovudine,Generic,150/300/200mg,Tablet - FDC,60.0,990.0,8494.2,8.58,0.14,Hetero Unit III Hyderabad IN,No,See DN-3017 (ID#:83108),See DN-3017 (ID#:83108),10.51,,,,,,,,,,,,,,,,,,,,,,,,,,
41201,,,,,South Africa,,,,,,9/22/2009,,,,,,S. BUYS WHOLESALER,,Lamivudine,Generic,150mg,,,,,,,,,,,,116-ZA-T30,SCMS-50362,ASN-5862,PMO - US,Direct Drop,DDP,Truck,5/7/2009,8-Dec-09,8-Dec-09,8-Dec-09,ARV,Adult,"Lamivudine 150mg, tablets, 60 Tabs",Tablet,60.0,46.0,470.75,10.23,0.17,"Aurobindo Unit III, India",Yes,Weight Captured Separately,Freight Included in Commodity Cost,0.92,FPQ-3596
11113,,Pre-PQ Process,,,Côte d'Ivoire,,,,,,N/A - From RDC,,,,,,SCMS from RDC,,Lamivudine/Zidovudine,Generic,150/300mg,,,,,,,,,,,,100-CI-T01,SO-394,DN-61,PMO - US,From RDC,N/A - From RDC,,Pre-PQ Process,4-May-07,4-May-07,4-May-07,ARV,Adult,"Lamivudine/Zidovudine 150/300mg, tablets, 60 Tabs",Tablet - FDC,60.0,10000.0,102500.0,10.25,0.17,"Aurobindo Unit III, India",Yes,980,3179,,
85720,151-NG-T30,FPQ-5023,SO-37210,DN-2046,Nigeria,PMO - US,From RDC,N/A - From RDC,Air Charter,2/10/10,N/A - From RDC,16-Nov-10,10-Nov-10,10-Nov-10,ARV,Adult,SCMS from RDC,"Nevirapine 200mg, tablets, 60 Tabs",Nevirapine,Generic,200mg,Tablet,60.0,350.0,903.0,2.58,0.04,"Aurobindo Unit III, India",Yes,40,20264.93,1.95,,,,,,,,,,,,,,,,,,,,,,,,,,
82601,,,,,Tanzania,,,,,,N/A - From RDC,,,,,,SCMS from RDC,,Efavirenz/Emtricitabine/Tenofovir Disoproxil Fumarate,Generic,600/200/300mg,,,,,,,,,,,,109-TZ-T30,SO-44993,DN-3300,PMO - US,From RDC,N/A - From RDC,Truck,4/2/2013,25-Oct-13,1-Oct-13,9-Oct-13,ARV,Adult,"Efavirenz/Emtricitabine/Tenofovir Disoproxil Fumarate 600/200/300mg, tablets, 30 Tabs",Tablet - FDC,30.0,12567.0,154574.1,12.3,0.41,"Aurobindo Unit VII, IN",Yes,1482,5474,191.21,FPQ-12015
85642,104-CI-T30,FPQ-4378,SO-34420,DN-1568,Côte d'Ivoire,PMO - US,From RDC,N/A - From RDC,Air,10/15/09,N/A - From RDC,14-Dec-09,11-Dec-09,11-Dec-09,ARV,Adult,SCMS from RDC,"Lamivudine/Nevirapine/Stavudine 150/200/30mg, tablets, 60 Tabs",Lamivudine/Nevirapine/Stavudine,Generic,150/200/30mg,Tablet - FDC,60.0,9024.0,60099.84,6.66,0.11,"Cipla, Goa, India",Yes,976,12369.8,117.8,,,,,,,,,,,,,,,,,,,,,,,,,,
12663,109-TZ-T01,Pre-PQ Process,SO-758,DN-234,Tanzania,PMO - US,From RDC,N/A - From RDC,Air,Pre-PQ Process,N/A - From RDC,13-Jul-07,13-Jul-07,13-Jul-07,HRDT,HIV test,SCMS from RDC,"HIV 1/2, Capillus HIV Kit, 100 Tests","HIV 1/2, Capillus HIV Kit",Capillus,,Test kit,100.0,2000.0,278000.0,139.0,1.39,"Trinity Biotech, Plc",Yes,1415,4458,444.8,,,,,,,,,,,,,,,,,,,,,,,,,,
65630,,FPQ-13973,,,South Africa,,,,,,8/26/2014,,,,,,PHARMACY DIRECT,,Lopinavir/Ritonavir,Kaletra,80/20mg/ml,,,,,,,,,,,,116-ZA-T30,SCMS-238572,ASN-27958,PMO - US,Direct Drop,DDP,Truck,4/30/2014,26-Aug-14,26-Aug-14,26-Aug-14,ARV,Pediatric,"Lopinavir/Ritonavir 80/20mg/ml [Kaletra], oral solution, cool, Bottle 5 x 60 ml",Oral solution,300.0,4.0,88.27,22.07,0.07,ABBVIE (Abbott) Logis. UK,Yes,Weight Captured Separately,Freight Included in Commodity Cost,0.09,
76619,,,,,Namibia,,,,,,1/8/2010,,,,,,"Orgenics, Ltd",,"HIV 1/2, Determine HIV Kit, without Lancets",Determine,,,,,,,,,,,,,119-NA-T30,SCMS-62720,ASN-6401,PMO - US,Direct Drop,EXW,Air,1/7/2010,20-Apr-10,20-Apr-10,20-Apr-10,HRDT,HIV test,"HIV 1/2, Determine HIV Kit, without Lancets, 100 Tests",Test kit,100.0,500.0,35000.0,70.0,0.7,Inverness Japan,Yes,115,1498.16,75.46,FPQ-4856
41852,,FPQ-14942,,,South Africa,,,,,,2/12/2015,,,,,,PHARMACY DIRECT,,Lamivudine,Generic,10mg/ml,,,,,,,,,,,,116-ZA-T30,SCMS-259073,ASN-30671,PMO - US,Direct Drop,DDP,Truck,9/11/2014,12-Feb-15,12-Feb-15,12-Feb-15,ARV,Pediatric,"Lamivudine 10mg/ml, oral solution, Bottle, 240 ml",Oral solution,240.0,7.0,36.18,5.17,0.02,"Aurobindo Unit III, India",No,Weight Captured Separately,Freight Included in Commodity Cost,0.04,
82924,,,,,Nigeria,,,,,,N/A - From RDC,,,,,,SCMS from RDC,,Efavirenz/Emtricitabine/Tenofovir Disoproxil Fumarate,Generic,600/200/300mg,,,,,,,,,,,,151-NG-T30,SO-36922,DN-2043,PMO - US,From RDC,N/A - From RDC,Air Charter,5/27/2010,18-Nov-10,10-Nov-10,10-Nov-10,ARV,Adult,"Efavirenz/Emtricitabine/Tenofovir Disoproxil Fumarate 600/200/300mg, tablets, 30 Tabs",Tablet - FDC,30.0,1000.0,19920.0,19.92,0.66,Mylan (formerly Matrix) Nashik,Yes,101,20264.93,42.95,FPQ-5688
86373,114-UG-T30,FPQ-6614,SO-37970,DN-2145,Uganda,PMO - US,From RDC,N/A - From RDC,Air,10/31/10,N/A - From RDC,5-Apr-11,1-Apr-11,1-Apr-11,ARV,Adult,SCMS from RDC,"Nevirapine 200mg, tablets, 60 Tabs",Nevirapine,Generic,200mg,Tablet,60.0,972.0,2507.76,2.58,0.04,"Strides, Bangalore, India.",Yes,58,5596.5,4.14,,,,,,,,,,,,,,,,,,,,,,,,,,
39014,,,,,Nigeria,,,,,,3/2/2011,,,,,,"CHEMBIO DIAGNOSTIC SYSTEMS, INC.",,"HIV 1/2, Stat-Pak HIV, Kit",Stat-Pak,,,,,,,,,,,,,133-NG-T30,SCMS-100510,ASN-10729,PMO - US,Direct Drop,EXW,Air,2/4/2011,25-May-11,25-May-11,25-May-11,HRDT,HIV test,"HIV 1/2, Stat-Pak HIV, Kit, 20 Tests",Test kit,20.0,1052.0,30508.0,29.0,1.45,Chembio Diagnostics Sys. Inc.,Yes,334,2335.9,50.34,FPQ-7088
73986,,,,,Nigeria,,,,,,7/10/2013,,,,,,"Orgenics, Ltd",,"HIV 1/2, Determine Complete HIV Kit",Determine,,,,,,,,,,,,,133-NG-T30,SCMS-196561,ASN-22353,PMO - US,Direct Drop,EXW,Air,6/10/2013,7-Nov-13,11-Nov-13,17-Nov-13,HRDT,HIV test,"HIV 1/2, Determine Complete HIV Kit, 100 Tests",Test kit,100.0,3041.0,270649.0,89.0,0.89,"Alere Medical Co., Ltd.",Yes,1235,21084.84,334.79,FPQ-12456
9056,,,,,South Africa,,,,,,3/27/2009,,,,,,S. BUYS WHOLESALER,,Didanosine,Videx,100mg,,,,,,,,,,,,116-ZA-T01,SCMS-41587,ASN-4602,PMO - US,Direct Drop,DDP,Air,Pre-PQ Process,25-Jun-09,16-Apr-09,16-Apr-09,ARV,Pediatric,"Didanosine 100mg [Videx],chewable tablets, 60 Tabs",Chewable/dispersible tablet,60.0,6840.0,73256.4,10.71,0.18,"BMS Meymac, France",No,Weight Captured Separately,Freight Included in Commodity Cost,143.58,Pre-PQ Process
78407,,FPQ-12522,,,South Africa,,,,,,8/27/2014,,,,,,S. BUYS WHOLESALER,,Lamivudine,Generic,150mg,,,,,,,,,,,,116-ZA-T30,SCMS-199283,ASN-27976,PMO - US,Direct Drop,DDP,Truck,7/11/2013,27-Aug-14,27-Aug-14,27-Aug-14,ARV,Adult,"Lamivudine 150mg, tablets, 60 Tabs",Tablet,60.0,328.0,3230.11,9.85,0.16,Hetero Unit III Hyderabad IN,No,Weight Captured Separately,Freight Included in Commodity Cost,4.0,
5534,,,,,Vietnam,,,,,,12/5/2007,,,,,,Aurobindo Pharma Limited,,Stavudine,Generic,15mg,,,,,,,,,,,,108-VN-T01,SCMS-14760,ASN-1230,PMO - US,Direct Drop,EXW,Air,Pre-PQ Process,1-Feb-08,1-Feb-08,1-Feb-08,ARV,Adult,"Stavudine 15mg, capsules, 60 Caps",Capsule,60.0,600.0,900.0,1.5,0.02,"Aurobindo Unit III, India",No,See ASN-1230 (ID#:1530),See ASN-1230 (ID#:1530),1.44,Pre-PQ Process
1594,102-NG-T01,Pre-PQ Process,SCMS-16890,ASN-2014,Nigeria,PMO - US,Direct Drop,EXW,Air,Pre-PQ Process,1/29/08,19-Sep-08,16-Jul-08,16-Jul-08,HRDT,HIV test,"CHEMBIO DIAGNOSTIC SYSTEMS, INC.","HIV 1/2, Stat-Pak HIV, Kit, 20 Tests","HIV 1/2, Stat-Pak HIV, Kit",Stat-Pak,,Test kit,20.0,10270.0,277290.0,27.0,1.35,Chembio Diagnostics Sys. Inc.,Yes,2907,18864.37,443.66,,,,,,,,,,,,,,,,,,,,,,,,,,
82593,,FPQ-12065,,,Burundi,,,,,,N/A - From RDC,,,,,,SCMS from RDC,,Nevirapine,Generic,200mg,,,,,,,,,,,,102-BI-T30,SO-45151,DN-3260,PMO - US,From RDC,N/A - From RDC,Air,4/22/2013,6-Aug-13,21-May-13,18-Nov-14,ARV,Adult,"Nevirapine 200mg, tablets, 60 Tabs",Tablet,60.0,225.0,508.5,2.26,0.04,Hetero Unit III Hyderabad IN,Yes,Weight Captured Separately,Invoiced Separately,0.63,
32738,,FPQ-8742,,,Rwanda,,,,,,4/20/2012,,,,,,MYLAN LABORATORIES LTD (FORMERLY MATRIX LABORATORIES),,Efavirenz/Lamivudine/Tenofovir Disoproxil Fumarate,Generic,600/300/300mg,,,,,,,,,,,,107-RW-T30,SCMS-137530,ASN-15140,PMO - US,Direct Drop,EXW,Ocean,12/7/2011,23-Aug-12,23-Aug-12,23-Aug-12,ARV,Adult,"Efavirenz/Lamivudine/Tenofovir Disoproxil Fumarate 600/300/300mg, tablets, 30 Tabs",Tablet - FDC,30.0,46613.0,605969.0,13.0,0.43,Mylan (formerly Matrix) Nashik,Yes,5245,11186.24,849.57,
11008,,,,,Zimbabwe,,,,,,N/A - From RDC,,,,,,SCMS from RDC,,Lamivudine/Nevirapine/Stavudine,Generic,150/200/30mg,,,,,,,,,,,,113-ZW-T01,SO-18100,DN-1115,PMO - US,From RDC,N/A - From RDC,Truck,Pre-PQ Process,6-Apr-09,6-Apr-09,6-Apr-09,ARV,Adult,"Lamivudine/Nevirapine/Stavudine 150/200/30mg, tablets, 60 Tabs",Tablet - FDC,60.0,76000.0,562400.0,7.4,0.12,"Cipla, Goa, India",Yes,8848,37040.86,1102.3,Pre-PQ Process
20219,,FPQ-10286,,,Vietnam,,,,,,8/15/2012,,,,,,HETERO LABS LIMITED,,Lamivudine/Zidovudine,Generic,150/300mg,,,,,,,,,,,,108-VN-T30,SCMS-156310,ASN-17176,PMO - US,Direct Drop,EXW,Air,7/25/2012,14-Dec-12,14-Dec-12,14-Dec-12,ARV,Adult,"Lamivudine/Zidovudine 150/300mg, tablets, 60 Tabs",Tablet - FDC,60.0,10158.0,71918.64,7.08,0.12,Hetero Unit III Hyderabad IN,Yes,941,1934.17,100.83,
11425,111-MZ-T01,Pre-PQ Process,SO-499,DN-258,Mozambique,PMO - US,From RDC,N/A - From RDC,Air,Pre-PQ Process,N/A - From RDC,15-Aug-07,15-Aug-07,15-Aug-07,ARV,Pediatric,SCMS from RDC,"Efavirenz 200mg, capsule, 90 Caps",Efavirenz,Generic,200mg,Capsule,90.0,422.0,7152.9,16.95,0.19,"Aurobindo Unit III, India",Yes,514,740.43,11.44,,,,,,,,,,,,,,,,,,,,,,,,,,
11934,,,,,Nigeria,,,,,,N/A - From RDC,,,,,,SCMS from RDC,,Lamivudine/Zidovudine,Generic,150/300mg,,,,,,,,,,,,112-NG-T01,SO-2728,DN-917,PMO - US,From RDC,N/A - From RDC,Air,Pre-PQ Process,24-Sep-08,24-Sep-08,24-Sep-08,ARV,Adult,"Lamivudine/Zidovudine 150/300mg, tablets, 60 Tabs",Tablet - FDC,60.0,1054.0,9854.9,9.35,0.16,Mylan (formerly Matrix) Nashik,No,See DN-917 (ID#:10745),See DN-917 (ID#:10745),15.77,Pre-PQ Process
12541,104-CI-T01,Pre-PQ Process,SO-21870,DN-1087,Côte d'Ivoire,PMO - US,From RDC,N/A - From RDC,Air,Pre-PQ Process,N/A - From RDC,2-Mar-09,2-Mar-09,2-Mar-09,ARV,Adult,SCMS from RDC,"Nevirapine 200mg, tablets, 60 Tabs",Nevirapine,Generic,200mg,Tablet,60.0,22566.0,67698.0,3.0,0.05,"Aurobindo Unit III, India",Yes,2113,5574.06,132.69,,,,,,,,,,,,,,,,,,,,,,,,,,
12913,,,,,Côte d'Ivoire,,,,,,N/A - From RDC,,,,,,SCMS from RDC,,Lamivudine,Generic,150mg,,,,,,,,,,,,104-CI-T01,SO-33230,DN-1427,PMO - US,From RDC,N/A - From RDC,Air,Date Not Captured,25-Sep-09,25-Sep-09,25-Sep-09,ARV,Adult,"Lamivudine 150mg, tablets, 60 Tabs",Tablet,60.0,5830.0,14225.2,2.44,0.04,"Aurobindo Unit III, India",No,See DN-1427 (ID#:11683),See DN-1427 (ID#:11683),27.88,Pre-PQ Process
58192,161-ZA-T30,FPQ-6262,SCMS-84230,ASN-9617,South Africa,PMO - US,Direct Drop,DDP,Ocean,8/31/10,9/21/10,5-Apr-11,5-Apr-11,5-Apr-11,ARV,Adult,STRIDES ARCOLAB LIMITED,"Nevirapine 200mg, tablets, 60 Tabs",Nevirapine,Generic,200mg,Tablet,60.0,172428.0,494868.36,2.87,0.05,"Strides, Bangalore, India.",Yes,10859,17278.96,1066.94,,,,,,,,,,,,,,,,,,,,,,,,,,
9585,,Pre-PQ Process,,,Mozambique,,,,,,2/6/2008,,,,,,"Trinity Biotech, Plc",,"HIV 1/2, Uni-Gold HIV Kit",Uni-Gold,,,,,,,,,,,,,111-MZ-T01,SCMS-17260,ASN-2532,PMO - US,Direct Drop,EXW,Air,Pre-PQ Process,17-Oct-08,17-Oct-08,17-Oct-08,HRDT,HIV test,"HIV 1/2, Uni-Gold HIV Kit, 20 Tests",Test kit,20.0,5300.0,169600.0,32.0,1.6,"Trinity Biotech, Plc",Yes,1796,32437.45,271.36,
29317,108-VN-T30,FPQ-12051,SCMS-188671,ASN-24431,Vietnam,PMO - US,Direct Drop,EXW,Air,5/3/13,12/19/13,20-Mar-14,20-Mar-14,20-Mar-14,ARV,Adult,Aurobindo Pharma Limited,"Nevirapine 200mg, tablets, 60 Tabs",Nevirapine,Generic,200mg,Tablet,60.0,6000.0,13500.0,2.25,0.04,"Aurobindo Unit III, India",Yes,594,1113.01,16.7,,,,,,,,,,,,,,,,,,,,,,,,,,
40901,,FPQ-6708,,,South Africa,,,,,,12/14/2010,,,,,,Aurobindo Pharma Limited,,Tenofovir Disoproxil Fumarate,Generic,300mg,,,,,,,,,,,,161-ZA-T30,SCMS-93540,ASN-10567,PMO - US,Direct Drop,DDP,Ocean,11/26/2010,31-May-11,13-Jun-11,13-Jun-11,ARV,Adult,"Tenofovir Disoproxil Fumarate 300mg, tablets, 30 Tabs",Tablet,30.0,108677.0,722702.05,6.65,0.22,"Aurobindo Unit III, India",Yes,10144,8809.08,1192.46,
86599,,FPQ-12416,,,Mozambique,,,,,,N/A - From RDC,,,,,,SCMS from RDC,,Tenofovir Disoproxil Fumarate,Generic,300mg,,,,,,,,,,,,111-MZ-T30,SO-45891,DN-3303,PMO - US,From RDC,N/A - From RDC,Truck,6/28/2013,29-Nov-13,12-Oct-13,27-Nov-13,ARV,Adult,"Tenofovir Disoproxil Fumarate 300mg, tablets, 30 Tabs",Tablet,30.0,720.0,2908.8,4.04,0.13,Mylan (formerly Matrix) Nashik,Yes,52,504.5,3.6,
11027,,,,,Côte d'Ivoire,,,,,,N/A - From RDC,,,,,,SCMS from RDC,,Ritonavir,Norvir,100mg,,,,,,,,,,,,104-CI-T01,SO-1409,DN-1159,PMO - US,From RDC,N/A - From RDC,Air,Pre-PQ Process,20-Mar-09,20-Mar-09,20-Mar-09,ARV,Adult,"Ritonavir 100mg [Norvir], capsules, cool, 4 x 84 Caps",Capsule,336.0,4660.0,31361.8,6.73,0.02,ABBVIE (Abbott) France,Yes,Weight Captured Separately,Invoiced Separately,61.47,Pre-PQ Process
85556,103-ZW-T30,FPQ-13967,SO-48460,DN-4114,Zimbabwe,PMO - US,From RDC,N/A - From RDC,Truck,4/2/14,N/A - From RDC,16-Feb-15,4-Feb-15,16-Feb-15,ARV,Pediatric,SCMS from RDC,"Efavirenz 200mg, capsule, 90 Caps",Efavirenz,Generic,200mg,Capsule,90.0,3969.0,17542.98,4.42,0.05,"Micro labs, Verna, Goa, India",Yes,561,251.42,18.03,,,,,,,,,,,,,,,,,,,,,,,,,,
49359,,,,,South Africa,,,,,,12/17/2014,,,,,,PHARMACY DIRECT,,Efavirenz/Emtricitabine/Tenofovir Disoproxil Fumarate,Generic,600/200/300mg,,,,,,,,,,,,116-ZA-T30,SCMS-266770,ASN-30174,PMO - US,Direct Drop,DDP,Truck,10/29/2014,9-Jan-15,9-Jan-15,9-Jan-15,ARV,Adult,"Efavirenz/Emtricitabine/Tenofovir Disoproxil Fumarate 600/200/300mg, tablets, 30 Tabs",Tablet - FDC,30.0,5000.0,185776.9,37.16,1.24,Mylan (formerly Matrix) Nashik,Yes,Weight Captured Separately,Freight Included in Commodity Cost,218.66,FPQ-15271
14252,114-UG-T30,FPQ-13116,SCMS-212350,ASN-24417,Uganda,PMO - US,Direct Drop,EXW,Air,10/23/13,10/30/13,21-Mar-14,21-Mar-14,21-Mar-14,ARV,Pediatric,CIPLA LIMITED,"Lamivudine/Zidovudine 30/60mg, dispersible tablets, 60 Tabs",Lamivudine/Zidovudine,Generic,30/60mg,Chewable/dispersible tablet - FDC,60.0,7445.0,16676.8,2.24,0.04,"Cipla, Goa, India",Yes,574,3868.24,17.14,,,,,,,,,,,,,,,,,,,,,,,,,,
51073,,,,,South Africa,,,,,,12/2/2013,,,,,,S. BUYS WHOLESALER,,Efavirenz,Generic,600mg,,,,,,,,,,,,116-ZA-T30,SCMS-215370,ASN-24415,PMO - US,Direct Drop,DDP,Truck,10/8/2013,6-Feb-14,6-Feb-14,6-Feb-14,ARV,Adult,"Efavirenz 600mg, tablets, 30 Tabs",Tablet,30.0,757.0,11261.49,14.88,0.5,"Cipla, Goa, India",No,Weight Captured Separately,Freight Included in Commodity Cost,13.93,FPQ-13035
25393,,,,,Cameroon,,,,,,7/16/2012,,,,,,Orasure Technologies Inc.,,"HIV 1/2, OraQuick Advance HIV Rapid Antibody Kit",OraQuick,,,,,,,,,,,,,103-CM-T30,SCMS-151590,ASN-15819,PMO - US,Direct Drop,EXW,Air,6/22/2012,17-Aug-12,17-Aug-12,17-Aug-12,HRDT,HIV test,"HIV 1/2, OraQuick Advance HIV Rapid Antibody Kit, 100 Tests",Test kit,100.0,30.0,10500.0,350.0,3.5,"Pacific Biotech, Thailand",Yes,72,1765.54,14.72,FPQ-10128
75336,,FPQ-10287,,,Vietnam,,,,,,8/14/2012,,,,,,Aurobindo Pharma Limited,,Efavirenz,Generic,600mg,,,,,,,,,,,,108-VN-T30,SCMS-156140,ASN-17077,PMO - US,Direct Drop,EXW,Air,7/25/2012,10-Dec-12,10-Dec-12,10-Dec-12,ARV,Adult,"Efavirenz 600mg, tablets, 30 Tabs",Tablet,30.0,14119.0,46592.7,3.3,0.11,"Aurobindo Unit III, India",No,See ASN-17077 (ID#:37031),See ASN-17077 (ID#:37031),65.32,
47,,Pre-PQ Process,,,Zambia,,,,,,11/13/2006,,,,,,ABBVIE LOGISTICS (FORMERLY ABBOTT LOGISTICS BV),,Lopinavir/Ritonavir,Aluvia,200/50mg,,,,,,,,,,,,110-ZM-T01,SCMS-165,ASN-199,PMO - US,Direct Drop,CIP,Air,Pre-PQ Process,30-Jan-07,30-Jan-07,30-Jan-07,ARV,Adult,"Lopinavir/Ritonavir 200/50mg [Aluvia], tablets, 120 Tabs",Tablet,120.0,2800.0,115080.0,41.1,0.34,ABBVIE (Abbott) St. P'burg USA,Yes,643,Freight Included in Commodity Cost,,
27675,102-SD-T30,FPQ-7321,SCMS-107770,ASN-10900,Sudan,PMO - US,Direct Drop,EXW,Air,3/29/11,5/2/11,24-Jun-11,24-Jun-11,24-Jun-11,HRDT,HIV test - Ancillary,"Standard Diagnostics, Inc.","HIV 1/2, Bioline 3.0 Diluent, 25 Tests, Bottle x 5 ml","HIV 1/2, Bioline 3.0 Diluent, 25 Tests",Bioline,,Test kit - Ancillary,1.0,13.0,11.7,0.9,0.9,"Standard Diagnostics, Korea",Yes,2,1193.15,0.02,,,,,,,,,,,,,,,,,,,,,,,,,,
2441,114-UG-T01,Pre-PQ Process,SCMS-41240,ASN-3904,Uganda,PMO - US,Direct Drop,CIP,Air,Pre-PQ Process,3/19/09,4-May-09,4-May-09,4-May-09,ARV,Adult,BRISTOL-MYERS SQUIBB,"Didanosine EC 250mg [Videx EC], delayed-release capsules, Blister 3 x 10 Caps",Didanosine EC,Videx EC,250mg,Delayed-release capsules - blister,30.0,60.0,1100.4,18.34,0.61,"BMS Meymac, France",Yes,3000,428.91,2.16,,,,,,,,,,,,,,,,,,,,,,,,,,
62319,,,,,Uganda,,,,,,2/10/2010,,,,,,ABBVIE LOGISTICS (FORMERLY ABBOTT LOGISTICS BV),,Lopinavir/Ritonavir,Aluvia,200/50mg,,,,,,,,,,,,114-UG-T30,SCMS-65110,ASN-6369,PMO - US,Direct Drop,FCA,Air,2/9/2010,24-Mar-10,24-Mar-10,24-Mar-10,ARV,Adult,"Lopinavir/Ritonavir 200/50mg [Aluvia], tablets, 120 Tabs",Tablet,120.0,480.0,17356.8,36.16,0.3,ABBVIE Ludwigshafen Germany,Yes,127,1400.91,37.42,FPQ-5017
14710,,FPQ-13797,,,Haiti,,,,,,4/28/2014,,,,,,MICRO LABS LIMITED,,Efavirenz,Generic,600mg,,,,,,,,,,,,106-HT-T30,SCMS-233990,ASN-27716,PMO - US,Direct Drop,EXW,Air,3/20/2014,12-Sep-14,12-Sep-14,17-Sep-14,ARV,Adult,"Efavirenz 600mg, tablets, 30 Tabs",Tablet,30.0,29908.0,89125.84,2.98,0.1,"Micro labs, Verna, Goa, India",Yes,2423,14650.41,91.62,
71462,116-ZA-T30,FPQ-11828,SCMS-183950,ASN-19166,South Africa,South Africa Field Office,Direct Drop,DDP,Truck,3/18/13,Date Not Captured,16-Apr-13,16-Apr-13,16-Apr-13,ARV,Adult,S. BUYS WHOLESALER,"Lopinavir/Ritonavir 200/50mg [Aluvia], tablets, 120 Tabs",Lopinavir/Ritonavir,Aluvia,200/50mg,Tablet,120.0,1473.0,36814.05,24.99,0.21,ABBVIE Ludwigshafen Germany,No,Weight Captured Separately,Freight Included in Commodity Cost,45.54,,,,,,,,,,,,,,,,,,,,,,,,,,
86533,,,,,Côte d'Ivoire,,,,,,N/A - From RDC,,,,,,SCMS from RDC,,Efavirenz/Lamivudine/Tenofovir Disoproxil Fumarate,Generic,600/300/300mg,,,,,,,,,,,,104-CI-T30,SO-42373,DN-2954,PMO - US,From RDC,N/A - From RDC,Truck,4/19/2012,31-Dec-12,6-Dec-12,6-Dec-12,ARV,Adult,"Efavirenz/Lamivudine/Tenofovir Disoproxil Fumarate 600/300/300mg, tablets, 30 Tabs",Tablet - FDC,30.0,25644.0,340295.88,13.27,0.44,Mylan (formerly Matrix) Nashik,No,See DN-2954 (ID#:82534),See DN-2954 (ID#:82534),477.09,FPQ-9749
4368,108-VN-T01,Pre-PQ Process,SCMS-20390,ASN-2204,Vietnam,PMO - US,Direct Drop,EXW,Air,Pre-PQ Process,3/31/08,12-Aug-08,12-Aug-08,12-Aug-08,ARV,Adult,CIPLA LIMITED,"Lamivudine/Nevirapine/Stavudine 150/200/30mg, tablets, 60 Tabs",Lamivudine/Nevirapine/Stavudine,Generic,150/200/30mg,Tablet - FDC,60.0,10420.0,77108.0,7.4,0.12,"Cipla, Goa, India",Yes,1000,7526.06,123.37,,,,,,,,,,,,,,,,,,,,,,,,,,
5032,116-ZA-T01,Pre-PQ Process,SCMS-40780,ASN-3607,South Africa,PMO - US,Direct Drop,DDP,Air,Pre-PQ Process,Date Not Captured,17-Mar-09,28-Nov-08,28-Nov-08,ARV,Adult,S. BUYS WHOLESALER,"Efavirenz 600mg, tablets, 30 Tabs",Efavirenz,Generic,600mg,Tablet,30.0,7000.0,113050.0,16.15,0.54,"Aurobindo Unit III, India",No,Weight Captured Separately,Freight Included in Commodity Cost,221.58,,,,,,,,,,,,,,,,,,,,,,,,,,
21666,,FPQ-16194,,,Vietnam,,,,,,5/11/2015,,,,,,Aurobindo Pharma Limited,,Efavirenz,Generic,600mg,,,,,,,,,,,,108-VN-T30,SCMS-285450,ASN-33290,PMO - US,Direct Drop,EXW,Air,4/14/2015,7-Sep-15,7-Sep-15,7-Sep-15,ARV,Adult,"Efavirenz 600mg, tablets, 30 Tabs",Tablet,30.0,5000.0,16500.0,3.3,0.11,"Aurobindo Unit III, India",Yes,Weight Captured Separately,Invoiced Separately,19.42,
85365,,FPQ-11884,,,Mozambique,,,,,,N/A - From RDC,,,,,,SCMS from RDC,,Abacavir,Generic,300mg,,,,,,,,,,,,111-MZ-T30,SO-44861,DN-3181,PMO - US,From RDC,N/A - From RDC,Truck,3/19/2013,30-Sep-13,8-Aug-13,8-Aug-13,ARV,Adult,"Abacavir 300mg, tablets, 60 Tabs",Tablet,60.0,10000.0,129600.0,12.96,0.22,Mylan (formerly Matrix) Nashik,Yes,1033,7951.22,160.32,
12498,,,,,Ethiopia,,,,,,N/A - From RDC,,,,,,SCMS from RDC,,Stavudine,Generic,1mg/ml,,,,,,,,,,,,117-ET-T01,SO-2358,DN-720,PMO - US,From RDC,N/A - From RDC,Air,Pre-PQ Process,21-Apr-08,21-Apr-08,21-Apr-08,ARV,Pediatric,"Stavudine 1mg/ml, powder for oral solution, 200 ml",Oral solution,200.0,3000.0,4200.0,1.4,0.01,"Aurobindo Unit III, India",Yes,342,1850.7,6.72,Pre-PQ Process
86711,110-ZM-T30,FPQ-14105,SO-48650,DN-3838,Zambia,PMO - US,From RDC,N/A - From RDC,Truck,4/16/14,N/A - From RDC,4-Sep-14,25-Jul-14,31-Jul-14,ARV,Adult,SCMS from RDC,"Lamivudine/Zidovudine 150/300mg, tablets, 60 Tabs",Lamivudine/Zidovudine,Generic,150/300mg,Tablet - FDC,60.0,14653.0,96709.8,6.6,0.11,"Aurobindo Unit III, India",Yes,1413,1325.68,99.42,,,,,,,,,,,,,,,,,,,,,,,,,,
37820,,FPQ-13973,,,South Africa,,,,,,4/28/2015,,,,,,PHARMACY DIRECT,,Tenofovir Disoproxil Fumarate,Generic,300mg,,,,,,,,,,,,116-ZA-T30,SCMS-238556,ASN-31854,PMO - US,Direct Drop,DDP,Truck,4/30/2014,28-Apr-15,28-Apr-15,28-Apr-15,ARV,Adult,"Tenofovir Disoproxil Fumarate 300mg, tablets, 30 Tabs",Tablet,30.0,60.0,1147.25,19.12,0.64,Mylan (formerly Matrix) Nashik,No,Weight Captured Separately,Freight Included in Commodity Cost,1.18,
9939,,,,,Namibia,,,,,,8/26/2008,,,,,,"Orgenics, Ltd",,"HIV 1/2, Determine HIV Kit, without Lancets",Determine,,,,,,,,,,,,,119-NA-T01,SCMS-28850,ASN-2513,PMO - US,Direct Drop,EXW,Air,Pre-PQ Process,25-Sep-08,25-Sep-08,25-Sep-08,HRDT,HIV test,"HIV 1/2, Determine HIV Kit, without Lancets, 100 Tests",Test kit,100.0,2.0,140.0,70.0,0.7,Inverness Japan,No,See ASN-2513 (ID#:3360),See ASN-2513 (ID#:3360),0.22,Pre-PQ Process
83440,151-NG-T30,FPQ-5023,SO-36520,DN-1921,Nigeria,PMO - US,From RDC,N/A - From RDC,Air,2/10/10,N/A - From RDC,15-Jul-10,28-Jun-10,28-Jun-10,ARV,Pediatric,SCMS from RDC,"Efavirenz 200mg, capsule, 90 Caps",Efavirenz,Generic,200mg,Capsule,90.0,1000.0,9710.0,9.71,0.11,"Aurobindo Unit III, India",Yes,120,Freight Included in Commodity Cost,20.93,,,,,,,,,,,,,,,,,,,,,,,,,,
86235,,FPQ-3815,,,Nigeria,,,,,,N/A - From RDC,,,,,,SCMS from RDC,,Efavirenz,Generic,600mg,,,,,,,,,,,,154-NG-T30,SO-32270,DN-1311,PMO - US,From RDC,N/A - From RDC,Air Charter,5/26/2009,30-Jul-09,4-Aug-09,4-Aug-09,ARV,Adult,"Efavirenz 600mg, tablets, 30 Tabs",Tablet,30.0,301.0,2061.85,6.85,0.23,"Aurobindo Unit III, India",No,See DN-1311 (ID#:82837),See DN-1311 (ID#:82837),4.04,
75229,,FPQ-8315,,,Zambia,,,,,,9/19/2011,,,,,,"Trinity Biotech, Plc",,"HIV 1/2, Uni-Gold HIV Kit",Uni-Gold,,,,,,,,,,,,,110-ZM-T30,SCMS-120580,ASN-13542,PMO - US,Direct Drop,EXW,Air,8/31/2011,9-Mar-12,9-Mar-12,9-Mar-12,HRDT,HIV test,"HIV 1/2, Uni-Gold HIV Kit, 20 Tests",Test kit,20.0,5000.0,160000.0,32.0,1.6,"Trinity Biotech, Plc",Yes,1647,20626.58,264.0,
58309,,FPQ-13998,,,Burundi,,,,,,4/29/2014,,,,,,"CHEMBIO DIAGNOSTIC SYSTEMS, INC.",,"HIV 1/2, Stat-Pak Dipstick Assay Kit",Stat-Pak,,,,,,,,,,,,,102-BI-T30,SCMS-234680,ASN-26424,PMO - US,Direct Drop,EXW,Air,4/1/2014,26-Jun-14,26-Jun-14,26-Jun-14,HRDT,HIV test,"HIV 1/2, Stat-Pak Dipstick Assay Kit, 30 Tests",Test kit,30.0,539.0,14876.4,27.6,0.92,Chembio Diagnostics Sys. Inc.,Yes,58,871.28,15.29,
83096,,FPQ-9968,,,Nigeria,,,,,,N/A - From RDC,,,,,,SCMS from RDC,,Nevirapine,Generic,200mg,,,,,,,,,,,,151-NG-T30,SO-43435,DN-2946,PMO - US,From RDC,N/A - From RDC,Air,5/23/2012,4-Dec-12,4-Dec-12,4-Dec-12,ARV,Adult,"Nevirapine 200mg, tablets, 60 Tabs",Tablet,60.0,36000.0,87120.0,2.42,0.04,Mylan (formerly Matrix) Nashik,No,See DN-2946 (ID#:82531),See DN-2946 (ID#:82531),122.14,
82369,114-UG-T30,FPQ-6614,SO-37990,DN-2077,Uganda,PMO - US,From RDC,N/A - From RDC,Air,10/31/10,N/A - From RDC,8-Feb-11,23-Dec-10,23-Dec-10,ARV,Adult,SCMS from RDC,"Lamivudine/Zidovudine 150/300mg, tablets, 60 Tabs",Lamivudine/Zidovudine,Generic,150/300mg,Tablet - FDC,60.0,2316.0,19801.8,8.55,0.14,Hetero Unit III Hyderabad IN,Yes,386,2294.85,32.67,,,,,,,,,,,,,,,,,,,,,,,,,,
11510,,Pre-PQ Process,,,Zambia,,,,,,N/A - From RDC,,,,,,SCMS from RDC,,Emtricitabine/Tenofovir Disoproxil Fumarate,Truvada,300/200mg,,,,,,,,,,,,110-ZM-T01,SO-1187,DN-457,PMO - US,From RDC,N/A - From RDC,Air,Pre-PQ Process,24-Dec-07,24-Dec-07,24-Dec-07,ARV,Adult,"Emtricitabine/Tenofovir Disoproxil Fumarate 200/300mg [Truvada], tablets, 30 Tabs",Tablet - FDC,30.0,17706.0,464782.5,26.25,0.88,"Aspen-OSD, Port Elizabeth, SA",Yes,1594,6035.4,743.65,
83411,113-ZW-T30,FPQ-5278,SO-36120,DN-1739,Zimbabwe,PMO - US,From RDC,N/A - From RDC,Air,3/4/10,N/A - From RDC,27-May-10,31-Mar-10,31-Mar-10,ARV,Adult,SCMS from RDC,"Lamivudine/Zidovudine 150/300mg, tablets, 60 Tabs",Lamivudine/Zidovudine,Generic,150/300mg,Tablet - FDC,60.0,12000.0,105120.0,8.76,0.15,"Aurobindo Unit III, India",Yes,1088,4170.65,226.64,,,,,,,,,,,,,,,,,,,,,,,,,,
10612,104-CI-T01,Pre-PQ Process,SO-843,DN-330,Côte d'Ivoire,PMO - US,From RDC,N/A - From RDC,,Pre-PQ Process,N/A - From RDC,4-Sep-07,4-Sep-07,4-Sep-07,ARV,Adult,SCMS from RDC,"Efavirenz 600mg, tablets, 30 Tabs",Efavirenz,Generic,600mg,Tablet,30.0,24265.0,394548.9,16.26,0.54,"Strides, Bangalore, India.",Yes,2518,6667,631.28,,,,,,,,,,,,,,,,,,,,,,,,,,
84009,,,,,Ethiopia,,,,,,N/A - From RDC,,,,,,SCMS from RDC,,Lamivudine,Generic,150mg,,,,,,,,,,,,117-ET-T30,SO-36811,DN-1869,PMO - US,From RDC,N/A - From RDC,Air,5/7/2010,30-Jun-10,18-Jun-10,18-Jun-10,ARV,Adult,"Lamivudine 150mg, tablets, 60 Tabs",Tablet,60.0,20000.0,46600.0,2.33,0.04,"Aurobindo Unit III, India",Yes,955,6154.8,100.47,FPQ-5668
42030,,,,,South Sudan,,,,,,2/20/2015,,,,,,"Trinity Biotech, Plc",,"HIV 1/2, Uni-Gold HIV Kit",Uni-Gold,,,,,,,,,,,,,105-SS-T30,SCMS-272140,ASN-31129,PMO - US,Direct Drop,EXW,Air,12/29/2014,8-May-15,8-May-15,11-May-15,HRDT,HIV test,"HIV 1/2, Uni-Gold HIV Kit, 20 Tests",Test kit,20.0,18.0,576.0,32.0,1.6,"Trinity Biotech, Plc",No,See ASN-31129 (ID#:40205),See ASN-31129 (ID#:40205),0.68,FPQ-15569
10680,102-KE-T01,Pre-PQ Process,SO-1720,DN-830,Kenya,PMO - US,From RDC,N/A - From RDC,Truck,Pre-PQ Process,N/A - From RDC,30-May-08,30-May-08,30-May-08,HRDT,HIV test,SCMS from RDC,"HIV, Bioline HIV 1/2 3.0 Kit, [DON] 25 Tests","HIV, Bioline HIV 1/2 3.0 Kit",Bioline,,Test kit,25.0,997.0,9.97,0.01,0.0,"Standard Diagnostics, Korea",Yes,399,417.42,0.02,,,,,,,,,,,,,,,,,,,,,,,,,,
83286,,,,,"Congo, DRC",,,,,,N/A - From RDC,,,,,,SCMS from RDC,,Zidovudine,Generic,300mg,,,,,,,,,,,,101-CD-T30,SO-49310,DN-3954,PMO - US,From RDC,N/A - From RDC,Air,7/14/2014,14-Apr-15,14-Apr-15,14-Apr-15,ARV,Adult,"Zidovudine 300mg, tablets, 60 Tabs",Tablet,60.0,1400.0,7616.0,5.44,0.09,"Aurobindo Unit III, India",No,See DN-3954 (ID#:82743),See DN-3954 (ID#:82743),7.83,FPQ-14576
6595,,,,,Zambia,,,,,,Date Not Captured,,,,,,Abbott GmbH & Co. KG,,"HIV 1/2, Determine Complete HIV Kit",Determine,,,,,,,,,,,,,110-ZM-T01,SCMS-38,ASN-25,PMO - US,Direct Drop,FCA,Air,Pre-PQ Process,28-Aug-06,28-Aug-06,28-Aug-06,HRDT,HIV test,"HIV 1/2, Determine Complete HIV Kit, 100 Tests",Test kit,100.0,500.0,40000.0,80.0,0.8,ABBVIE GmbH & Co.KG Wiesbaden,Yes,171,1187.19,,Pre-PQ Process
35904,,FPQ-13973,,,South Africa,,,,,,11/4/2014,,,,,,PHARMACY DIRECT,,Efavirenz,Generic,50mg,,,,,,,,,,,,116-ZA-T30,SCMS-238555,ASN-29257,PMO - US,Direct Drop,DDP,Truck,4/30/2014,5-Nov-14,5-Nov-14,5-Nov-14,ARV,Pediatric,"Efavirenz 50mg, capsule, 30 Caps",Capsule,30.0,24.0,72.14,3.01,0.1,"Aurobindo Unit III, India",No,Weight Captured Separately,Freight Included in Commodity Cost,0.07,
6082,,Pre-PQ Process,,,Vietnam,,,,,,10/21/2008,,,,,,Aurobindo Pharma Limited,,Nevirapine,Generic,200mg,,,,,,,,,,,,108-VN-T01,SCMS-31730,ASN-3313,PMO - US,Direct Drop,EXW,Air,Pre-PQ Process,23-Feb-09,23-Feb-09,23-Feb-09,ARV,Adult,"Nevirapine 200mg, tablets, 60 Tabs",Tablet,60.0,4200.0,12180.0,2.9,0.05,"Aurobindo Unit III, India",No,See ASN-3313 (ID#:3456),See ASN-3313 (ID#:3456),23.87,
10743,,Pre-PQ Process,,,Mozambique,,,,,,N/A - From RDC,,,,,,SCMS from RDC,,Nevirapine,Generic,200mg,,,,,,,,,,,,111-MZ-T01,SO-13990,DN-904,PMO - US,From RDC,N/A - From RDC,Truck,Pre-PQ Process,10-Oct-08,10-Oct-08,10-Oct-08,ARV,Adult,"Nevirapine 200mg, tablets, 60 Tabs",Tablet,60.0,12040.0,38528.0,3.2,0.05,Hetero Unit III Hyderabad IN,Yes,677,1522.92,61.64,
73843,161-ZA-T30,FPQ-6262,SCMS-83790,ASN-9179,South Africa,PMO - US,Direct Drop,DDP,Ocean,8/31/10,9/24/10,31-Jan-11,31-Jan-11,31-Jan-11,ARV,Adult,Aurobindo Pharma Limited,"Lamivudine 150mg, tablets, 60 Tabs",Lamivudine,Generic,150mg,Tablet,60.0,19177.0,45449.49,2.37,0.04,"Aurobindo Unit III, India",No,See ASN-9179 (ID#:28515),See ASN-9179 (ID#:28515),97.99,,,,,,,,,,,,,,,,,,,,,,,,,,
47638,,,,,Guyana,,,,,,7/20/2011,,,,,,"CHEMBIO DIAGNOSTIC SYSTEMS, INC.",,"HIV 1/2, Stat-Pak HIV, Kit",Stat-Pak,,,,,,,,,,,,,102-GY-T30,SCMS-115820,ASN-11658,PMO - US,Direct Drop,EXW,Air,7/13/2011,8-Aug-11,8-Aug-11,8-Aug-11,HRDT,HIV test,"HIV 1/2, Stat-Pak HIV, Kit, 20 Tests",Test kit,20.0,15.0,435.0,29.0,1.45,Chembio Diagnostics Sys. Inc.,Yes,6,325.67,0.72,FPQ-8053
19080,106-HT-T30,FPQ-14895,SCMS-258570,ASN-30652,Haiti,PMO - US,Direct Drop,FCA,Air,9/24/14,11/14/14,11-Mar-15,11-Mar-15,16-Mar-15,ARV,Adult,ABBVIE LOGISTICS (FORMERLY ABBOTT LOGISTICS BV),"Lopinavir/Ritonavir 200/50mg [Aluvia], tablets, 120 Tabs",Lopinavir/Ritonavir,Aluvia,200/50mg,Tablet,120.0,15560.0,287393.2,18.47,0.15,ABBVIE Ludwigshafen Germany,Yes,3834,16386.12,295.44,,,,,,,,,,,,,,,,,,,,,,,,,,
71516,,FPQ-14942,,,South Africa,,,,,,1/26/2015,,,,,,PHARMACY DIRECT,,Lamivudine/Zidovudine,Generic,150/300mg,,,,,,,,,,,,116-ZA-T30,SCMS-259072,ASN-30377,PMO - US,Direct Drop,DDP,Truck,9/11/2014,26-Jan-15,26-Jan-15,26-Jan-15,ARV,Adult,"Lamivudine/Zidovudine 150/300mg, tablets, 60 Tabs",Tablet - FDC,60.0,19.0,428.24,22.54,0.38,"Aurobindo Unit III, India",No,Weight Captured Separately,Freight Included in Commodity Cost,0.44,
86288,,,,,Uganda,,,,,,N/A - From RDC,,,,,,SCMS from RDC,,Lamivudine/Nevirapine/Zidovudine,Generic,150/300/200mg,,,,,,,,,,,,114-UG-T30,SO-35690,DN-1754,PMO - US,From RDC,N/A - From RDC,Truck,9/17/2009,1-Apr-10,25-Mar-10,25-Mar-10,ARV,Adult,"Lamivudine/Nevirapine/Zidovudine 150/200/300mg, tablets, 60 Tabs",Tablet - FDC,60.0,3354.0,37631.88,11.22,0.19,"Aurobindo Unit III, India",Yes,393,1694,73.76,FPQ-4275
85206,,FPQ-7659,,,Côte d'Ivoire,,,,,,N/A - From RDC,,,,,,SCMS from RDC,,Abacavir,Generic,300mg,,,,,,,,,,,,104-CI-T30,SO-40100,DN-2406,PMO - US,From RDC,N/A - From RDC,Air,5/3/2011,22-Nov-11,31-Oct-11,31-Oct-11,ARV,Adult,"Abacavir 300mg, tablets, 60 Tabs",Tablet,60.0,8640.0,129945.6,15.04,0.25,Mylan (formerly Matrix) Nashik,Yes,777,3274.41,214.41,
57339,161-ZA-T30,FPQ-7175,SCMS-103680,ASN-13226,South Africa,PMO - US,Direct Drop,DDP,Ocean,3/10/11,3/23/11,1-Dec-11,9-Jan-12,9-Jan-12,ARV,Adult,EMCURE PHARMACEUTICALS LTD,"Efavirenz 600mg, tablets, 30 Tabs",Efavirenz,Generic,600mg,Tablet,30.0,105813.0,454995.9,4.3,0.14,"Emcure Plot No.P-2, I.T-B.T. Park, Phase II, MIDC, Hinjwadi, Pune, India",Yes,8351,7292.26,750.74,,,,,,,,,,,,,,,,,,,,,,,,,,
46355,106-HT-T30,FPQ-14083,SCMS-240200,ASN-27005,Haiti,PMO - US,Direct Drop,EXW,Air,5/11/14,6/2/14,25-Aug-14,25-Aug-14,28-Aug-14,ARV,Adult,MYLAN LABORATORIES LTD (FORMERLY MATRIX LABORATORIES),"Tenofovir Disoproxil Fumarate 300mg, tablets, 30 Tabs",Tenofovir Disoproxil Fumarate,Generic,300mg,Tablet,30.0,58.0,232.0,4.0,0.13,Mylan (formerly Matrix) Nashik,Yes,19,1274.35,0.24,,,,,,,,,,,,,,,,,,,,,,,,,,
10664,,Pre-PQ Process,,,Côte d'Ivoire,,,,,,N/A - From RDC,,,,,,SCMS from RDC,,"HIV 2, New LAV Blot 2 HIV Kit",LAV,,,,,,,,,,,,,104-CI-T01,SO-1278,DN-561,PMO - US,From RDC,N/A - From RDC,Air,Pre-PQ Process,17-Jan-08,17-Jan-08,17-Jan-08,HRDT,HIV test,"HIV 2, New LAV Blot 2 HIV Kit, 18 Tests",Test kit,18.0,9.0,2773.53,308.17,17.12,Bio-Rad Laboratories,Yes,13,1148,4.44,
85393,114-UG-T30,FPQ-12253,SO-45480,DN-3270,Uganda,PMO - US,From RDC,N/A - From RDC,Air,5/8/13,N/A - From RDC,5-Sep-13,5-Sep-13,5-Sep-13,ARV,Adult,SCMS from RDC,"Lamivudine/Nevirapine/Zidovudine 150/200/300mg, tablets, 60 Tabs",Lamivudine/Nevirapine/Zidovudine,Generic,150/300/200mg,Tablet - FDC,60.0,50000.0,413000.0,8.26,0.14,Mylan (formerly Matrix) Nashik,Yes,6481,36226.26,510.88,,,,,,,,,,,,,,,,,,,,,,,,,,
3479,,Pre-PQ Process,,,Ethiopia,,,,,,10/27/2008,,,,,,"SHANGHAI KEHUA BIOENGINEERING CO.,LTD.  (KHB)",,"HIV 1/2, Colloidal Gold, Diagnostic Kit, Antibody",Colloidal Gold,,,,,,,,,,,,,117-ET-T01,SCMS-32630,ASN-3156,PMO - US,Direct Drop,EXW,Air,Pre-PQ Process,26-Jan-09,20-Jan-09,20-Jan-09,HRDT,HIV test,"HIV 1/2, SKB Colloidal Gold, Diagnostic Kit, Antibody, 50 Tests",Test kit,1.0,3510.0,80730.0,23.0,23.0,"KHB Test Kit Facility, Shanghai China",Yes,2535,20083.74,158.23,
11474,100-ZW-T01,Pre-PQ Process,SO-706,DN-401,Zimbabwe,PMO - US,From RDC,N/A - From RDC,Air,Pre-PQ Process,N/A - From RDC,25-Nov-07,25-Nov-07,25-Nov-07,ARV,Adult,SCMS from RDC,"Efavirenz 600mg, tablets, 30 Tabs",Efavirenz,Generic,600mg,Tablet,30.0,1860.0,23101.2,12.42,0.41,"Cipla, Goa, India",Yes,4256,5145.86,36.96,,,,,,,,,,,,,,,,,,,,,,,,,,
6401,,,,,South Africa,,,,,,Date Not Captured,,,,,,S. BUYS WHOLESALER,,Stavudine,Zerit,1mg/ml,,,,,,,,,,,,116-ZA-T01,SCMS-41140,ASN-3752,PMO - US,Direct Drop,DDP,Air,Pre-PQ Process,31-Mar-09,21-Nov-08,21-Nov-08,ARV,Pediatric,"Stavudine 1mg/ml [Zerit], powder for oral solution, Bottle, 200 ml",Powder for oral solution,200.0,400.0,440.0,1.1,0.01,"BMS Meymac, France",No,Weight Captured Separately,Freight Included in Commodity Cost,0.86,Pre-PQ Process
85177,,,,,Côte d'Ivoire,,,,,,N/A - From RDC,,,,,,SCMS from RDC,,Efavirenz,Generic,200mg,,,,,,,,,,,,104-CI-T30,SO-38380,DN-2106,PMO - US,From RDC,N/A - From RDC,Air,8/3/2010,31-Jan-11,22-Feb-11,22-Feb-11,ARV,Pediatric,"Efavirenz 200mg, capsule, 90 Caps",Capsule,90.0,492.0,4777.32,9.71,0.11,"Aurobindo Unit III, India",No,See DN-2106 (ID#:82933),See DN-2106 (ID#:82933),10.3,FPQ-6144
48655,,FPQ-12522,,,South Africa,,,,,,8/27/2014,,,,,,S. BUYS WHOLESALER,,Efavirenz,Generic,50mg,,,,,,,,,,,,116-ZA-T30,SCMS-199283,ASN-27978,PMO - US,Direct Drop,DDP,Truck,7/11/2013,27-Aug-14,27-Aug-14,27-Aug-14,ARV,Pediatric,"Efavirenz 50mg, capsule, 30 Caps",Capsule,30.0,20.0,66.33,3.32,0.11,"Aurobindo Unit III, India",No,Weight Captured Separately,Freight Included in Commodity Cost,0.08,
13817,,,,,Zimbabwe,,,,,,5/8/2014,,,,,,Aurobindo Pharma Limited,,Lamivudine/Tenofovir Disoproxil Fumarate,Generic,300/300mg,,,,,,,,,,,,113-ZW-T30,SCMS-234720,ASN-26119,PMO - US,Direct Drop,EXW,Air,4/1/2014,14-Jun-14,14-Jun-14,16-Jun-14,ARV,Adult,"Lamivudine/Tenofovir Disoproxil Fumarate 300/300mg, tablets, 30 Tabs",Tablet - FDC,30.0,32670.0,151915.5,4.65,0.16,"Aurobindo Unit VII, IN",Yes,3076,25730.13,156.17,FPQ-13939
84064,,,,,Zambia,,,,,,N/A - From RDC,,,,,,SCMS from RDC,,Lamivudine/Nevirapine/Stavudine,Generic,150/200/30mg,,,,,,,,,,,,110-ZM-T30,SO-37950,DN-2125,PMO - US,From RDC,N/A - From RDC,Truck,8/20/2010,31-Mar-11,5-Apr-11,5-Apr-11,ARV,Adult,"Lamivudine/Nevirapine/Stavudine 150/200/30mg, tablets, 60 Tabs",Tablet - FDC,60.0,3355.0,19224.15,5.73,0.1,"Strides, Bangalore, India.",No,See DN-2125 (ID#:82941),See DN-2125 (ID#:82941),41.45,FPQ-6221
11695,,Pre-PQ Process,,,Zambia,,,,,,N/A - From RDC,,,,,,SCMS from RDC,,Lamivudine/Zidovudine,Generic,150/300mg,,,,,,,,,,,,110-ZM-T01,SO-33620,DN-1496,PMO - US,From RDC,N/A - From RDC,Truck,Date Not Captured,29-Oct-09,29-Oct-09,29-Oct-09,ARV,Adult,"Lamivudine/Zidovudine 150/300mg, tablets, 60 Tabs",Tablet - FDC,60.0,31240.0,273662.4,8.76,0.15,"Aurobindo Unit III, India",Yes,2832,4897.42,590.02,
85894,,,,,Nigeria,,,,,,N/A - From RDC,,,,,,SCMS from RDC,,Nevirapine,Generic,200mg,,,,,,,,,,,,151-NG-T30,SO-42936,DN-2818,PMO - US,From RDC,N/A - From RDC,Air,3/1/2012,31-Aug-12,13-Aug-12,13-Aug-12,ARV,Adult,"Nevirapine 200mg, tablets, 60 Tabs",Tablet,60.0,53922.0,130491.24,2.42,0.04,"Strides, Bangalore, India.",Yes,9697,18461.22,182.95,FPQ-9432
10588,,Pre-PQ Process,,,Côte d'Ivoire,,,,,,N/A - From RDC,,,,,,SCMS from RDC,,Indinavir,Crixivan,400mg,,,,,,,,,,,,104-CI-T01,SO-963,DN-323,PMO - US,From RDC,N/A - From RDC,,Pre-PQ Process,14-Sep-07,14-Sep-07,14-Sep-07,ARV,Adult,"Indinavir 400mg [Crixivan], capsules, 180 Caps",Capsule,180.0,1076.0,53800.0,50.0,0.28,MSD Elkton USA,Yes,1286,7629.94,86.08,
86023,,,,,Nigeria,,,,,,N/A - From RDC,,,,,,SCMS from RDC,,Lamivudine/Zidovudine,Generic,30/60mg,,,,,,,,,,,,151-NG-T30,SO-47220,DN-3435,PMO - US,From RDC,N/A - From RDC,Air Charter,8/6/2013,31-Jan-14,26-Nov-13,5-Dec-13,ARV,Pediatric,"Lamivudine/Zidovudine 30/60mg, tablets, 60 Tabs",Tablet - FDC,60.0,6398.0,14459.48,2.26,0.04,"Aurobindo Unit III, India",Yes,394,26340,17.89,FPQ-12801
83443,,FPQ-5239,,,Uganda,,,,,,N/A - From RDC,,,,,,SCMS from RDC,,Emtricitabine/Tenofovir Disoproxil Fumarate,Generic,200/300mg,,,,,,,,,,,,114-UG-T30,SO-36131,DN-1943,PMO - US,From RDC,N/A - From RDC,Air,3/2/2010,4-Aug-10,19-Jul-10,19-Jul-10,ARV,Adult,"Emtricitabine/Tenofovir Disoproxil Fumarate 200/300mg, tablets, 30 Tabs",Tablet - FDC,30.0,703.0,8260.25,11.75,0.39,Mylan (formerly Matrix) Nashik,Yes,301,4758.36,17.81,
5635,,,,,Lesotho,,,,,,2/27/2008,,,,,,Orasure Technologies Inc.,,"HIV 1/2, OraQuick Advance HIV Rapid Antibody Kit",OraQuick,,,,,,,,,,,,,102-LS-T01,SCMS-18370,ASN-1660,PMO - US,Direct Drop,EXW,Air,Pre-PQ Process,14-Jul-08,14-Jul-08,14-Jul-08,HRDT,HIV test,"HIV 1/2, OraQuick Advance HIV Rapid Antibody Kit, 100 Tests",Test kit,100.0,7.0,2450.0,350.0,3.5,"Pacific Biotech, Thailand",Yes,17,587.63,3.92,Pre-PQ Process
84287,,FPQ-11884,,,Mozambique,,,,,,N/A - From RDC,,,,,,SCMS from RDC,,Efavirenz,Generic,600mg,,,,,,,,,,,,111-MZ-T30,SO-44865,DN-3318,PMO - US,From RDC,N/A - From RDC,Truck,3/19/2013,31-Oct-13,31-Oct-13,12-Nov-13,ARV,Adult,"Efavirenz 600mg, tablets, 30 Tabs",Tablet,30.0,70643.0,235241.19,3.33,0.11,"Hetero, Jadcherla, unit 5, IN",No,See DN-3318 (ID#:83716),See DN-3318 (ID#:83716),290.99,
85215,,,,,Nigeria,,,,,,N/A - From RDC,,,,,,SCMS from RDC,,Lamivudine/Nevirapine/Zidovudine,Generic,150/300/200mg,,,,,,,,,,,,151-NG-T30,SO-39990,DN-2452,PMO - US,From RDC,N/A - From RDC,Air Charter,6/6/2011,20-Dec-11,20-Dec-11,20-Dec-11,ARV,Adult,"Lamivudine/Nevirapine/Zidovudine 150/200/300mg, tablets, 60 Tabs",Tablet - FDC,60.0,129958.0,1458128.76,11.22,0.19,"Aurobindo Unit III, India",Yes,18907,15322.73,2405.91,FPQ-7812
84546,,FPQ-4497,,,Uganda,,,,,,N/A - From RDC,,,,,,SCMS from RDC,,Lamivudine/Nevirapine/Zidovudine,Generic,150/300/200mg,,,,,,,,,,,,114-UG-T30,SO-34860,DN-1758,PMO - US,From RDC,N/A - From RDC,Truck,10/28/2009,28-Apr-10,25-Mar-10,25-Mar-10,ARV,Adult,"Lamivudine/Nevirapine/Zidovudine 150/200/300mg, tablets, 60 Tabs",Tablet - FDC,60.0,3000.0,33660.0,11.22,0.19,"Aurobindo Unit III, India",Yes,359,3302.05,72.57,
49014,,FPQ-7907,,,Kenya,,,,,,7/20/2011,,,,,,"Orgenics, Ltd",,"HIV 1/2, Determine Complete HIV Kit",Determine,,,,,,,,,,,,,127-KE-T30,SCMS-115320,ASN-12098,PMO - US,Direct Drop,EXW,Air,6/23/2011,30-Sep-11,30-Sep-11,30-Sep-11,HRDT,HIV test,"HIV 1/2, Determine Complete HIV Kit, 100 Tests",Test kit,100.0,8276.0,736564.0,89.0,0.89,Inverness Japan,Yes,2050,23226.6,1215.33,
3010,,,,,Nigeria,,,,,,1/29/2008,,,,,,"Orgenics, Ltd",,"HIV 1/2, Determine HIV Kit, without Lancets",Determine,,,,,,,,,,,,,102-NG-T01,SCMS-16900,ASN-1411,PMO - US,Direct Drop,EXW,Air,Pre-PQ Process,12-Mar-08,12-Mar-08,12-Mar-08,HRDT,HIV test,"HIV 1/2, Determine HIV Kit, without Lancets, 100 Tests",Test kit,100.0,3199.0,255888.01,79.99,0.8,Inverness Japan,Yes,550,8213.59,409.42,Pre-PQ Process
85869,113-ZW-T30,FPQ-8464,SO-40891,DN-2694,Zimbabwe,PMO - US,From RDC,N/A - From RDC,Truck,10/4/11,N/A - From RDC,16-Oct-12,27-Jun-12,27-Jun-12,ARV,Adult,SCMS from RDC,"Lamivudine/Stavudine 150/30mg, tablets, 60 Tabs",Lamivudine/Stavudine,Generic,150/30mg,Tablet - FDC,60.0,2699.0,7962.05,2.95,0.05,"Strides, Bangalore, India.",No,See DN-2694 (ID#:82483),See DN-2694 (ID#:82483),13.14,,,,,,,,,,,,,,,,,,,,,,,,,,
85940,113-ZW-T30,FPQ-10632,SO-43210,DN-3030,Zimbabwe,PMO - US,From RDC,N/A - From RDC,Truck,9/11/12,N/A - From RDC,14-Mar-13,14-Mar-13,14-Mar-13,ARV,Adult,SCMS from RDC,"Nevirapine 200mg, tablets, 60 Tabs",Nevirapine,Generic,200mg,Tablet,60.0,60096.0,135816.96,2.26,0.04,"Aurobindo Unit III, India",No,See DN-3030 (ID#:82549),See DN-3030 (ID#:82549),190.42,,,,,,,,,,,,,,,,,,,,,,,,,,
24324,,,,,South Africa,,,,,,3/19/2010,,,,,,STRIDES ARCOLAB LIMITED,,Lamivudine,Generic,150mg,,,,,,,,,,,,161-ZA-T30,SCMS-68790,ASN-6911,PMO - US,Direct Drop,DDP,Air,3/18/2010,7-Jul-10,7-Jul-10,7-Jul-10,ARV,Adult,"Lamivudine 150mg, tablets, 60 Tabs",Tablet,60.0,303125.0,779031.25,2.57,0.04,"Strides, Bangalore, India.",Yes,15006,20134.62,1679.59,FPQ-5303
32362,,,,,Haiti,,,,,,11/4/2010,,,,,,MERCK SHARP & DOHME IDEA GMBH (FORMALLY MERCK SHARP & DOHME B.V.),,Efavirenz,Stocrin/Sustiva,30mg/ml,,,,,,,,,,,,106-HT-T30,SCMS-90450,ASN-10409,PMO - US,Direct Drop,CIP,Air,10/20/2010,16-Apr-11,16-Apr-11,16-Apr-11,ARV,Pediatric,"Efavirenz 30mg/ml [Stocrin/Sustiva], oral solution, Bottle, 180 ml",Oral solution,180.0,525.0,8904.0,16.96,0.09,"MSD, Haarlem, NL",Yes,159,290,19.2,FPQ-6489
22312,106-HT-T30,FPQ-12590,SCMS-210500,ASN-24629,Haiti,PMO - US,Direct Drop,CIP,Air,8/21/13,10/23/13,24-Feb-14,24-Feb-14,25-Feb-14,ARV,Adult,ETHNOR DEL ISTMO S.A.,"Darunavir 300mg [Prezista], tablets, 120 Tabs",Darunavir,Prezista,300mg,Tablet,120.0,22.0,1465.2,66.6,0.55,"Janssen Ortho LLC, Puerto Rico",Yes,Weight Captured Separately,Freight Included in Commodity Cost,1.81,,,,,,,,,,,,,,,,,,,,,,,,,,
45150,900-SS-T30,FPQ-11623,SCMS-178030,ASN-19143,South Sudan,PMO - US,Direct Drop,EXW,Air,2/8/13,2/27/13,16-Aug-13,16-Aug-13,16-Aug-13,HRDT,HIV test - Ancillary,"Orgenics, Ltd","Chase Buffer, Determine, 100 Tests, 2.5ml x 1 Vial","Chase Buffer, Determine, 100 Tests, 2.5ml x 1 Vial",Determine,,Test kit - Ancillary,1.0,116.0,580.0,5.0,5.0,"Alere Medical Co., Ltd.",No,See ASN-19143 (ID#:26345),See ASN-19143 (ID#:26345),0.72,,,,,,,,,,,,,,,,,,,,,,,,,,
78184,108-VN-T30,FPQ-7427,SCMS-105540,ASN-11855,Vietnam,PMO - US,Direct Drop,EXW,Air,3/31/11,4/14/11,21-Sep-11,21-Sep-11,21-Sep-11,ARV,Adult,HETERO LABS LIMITED,"Lamivudine/Zidovudine 150/300mg, tablets, 60 Tabs",Lamivudine/Zidovudine,Generic,150/300mg,Tablet - FDC,60.0,9751.0,79958.2,8.2,0.14,Hetero Unit III Hyderabad IN,No,See ASN-11855 (ID#:69871),See ASN-11855 (ID#:69871),131.93,,,,,,,,,,,,,,,,,,,,,,,,,,
83075,,,,,Uganda,,,,,,N/A - From RDC,,,,,,SCMS from RDC,,Lopinavir/Ritonavir,Generic,200/50mg,,,,,,,,,,,,114-UG-T30,SO-41600,DN-2840,PMO - US,From RDC,N/A - From RDC,Truck,2/20/2012,5-Oct-12,6-Oct-12,6-Oct-12,ARV,Adult,"Lopinavir/Ritonavir 200/50mg, tablets, 120 Tabs",Tablet,120.0,4968.0,145612.08,29.31,0.24,"Aurobindo Unit III, India",Yes,1207,7238,204.15,FPQ-9356
12270,,Pre-PQ Process,,,Côte d'Ivoire,,,,,,N/A - From RDC,,,,,,SCMS from RDC,,Lopinavir/Ritonavir,Kaletra,80/20mg/ml,,,,,,,,,,,,104-CI-T01,SO-970,DN-1163,PMO - US,From RDC,N/A - From RDC,Air,Pre-PQ Process,23-Mar-09,23-Mar-09,23-Mar-09,ARV,Pediatric,"Lopinavir/Ritonavir 80/20mg/ml [Kaletra], oral solution, cool, Bottle 5 x 60 ml",Oral solution,300.0,126.0,5178.6,41.1,0.14,ABBVIE (Abbott) Logis. UK,No,See DN-1163 (ID#:11030),See DN-1163 (ID#:11030),10.15,
17129,,FPQ-12187,,,Vietnam,,,,,,5/10/2013,,,,,,MYLAN LABORATORIES LTD (FORMERLY MATRIX LABORATORIES),,Efavirenz/Lamivudine/Tenofovir Disoproxil Fumarate,Generic,600/300/300mg,,,,,,,,,,,,108-VN-T30,SCMS-188500,ASN-21817,PMO - US,Direct Drop,EXW,Air,5/3/2013,23-Oct-13,23-Oct-13,24-Oct-13,ARV,Adult,"Efavirenz/Lamivudine/Tenofovir Disoproxil Fumarate 600/300/300mg, tablets, 30 Tabs",Tablet - FDC,30.0,84000.0,965160.0,11.49,0.38,Mylan (formerly Matrix) Nashik,Yes,9479,14402.92,1193.9,
51275,,FPQ-11418,,,Vietnam,,,,,,2/5/2013,,,,,,Aurobindo Pharma Limited,,Zidovudine,Generic,10mg/ml,,,,,,,,,,,,108-VN-T30,SCMS-176180,ASN-19098,PMO - US,Direct Drop,EXW,Air,1/29/2013,22-May-13,22-May-13,22-May-13,ARV,Pediatric,"Zidovudine 10mg/ml, oral solution w/syringe, Bottle, 240 ml",Oral solution,240.0,471.0,989.1,2.1,0.01,"Aurobindo Unit III, India",No,See ASN-19098 (ID#:21556),See ASN-19098 (ID#:21556),1.22,
11561,,Pre-PQ Process,,,Zimbabwe,,,,,,N/A - From RDC,,,,,,SCMS from RDC,,Lamivudine/Stavudine,Generic,150/30mg,,,,,,,,,,,,113-ZW-T01,SO-13991,DN-1015,PMO - US,From RDC,N/A - From RDC,Truck,Pre-PQ Process,19-Nov-08,19-Nov-08,19-Nov-08,ARV,Adult,"Lamivudine/Stavudine 150/30mg, tablets, 30 Tabs",Tablet - FDC,30.0,8000.0,16000.0,2.0,0.07,"Cipla, Goa, India",Yes,8855,29883.7,31.36,
47312,116-ZA-T30,FPQ-13214,SCMS-215410,ASN-23875,South Africa,PMO - US,Direct Drop,DDP,Truck,11/14/13,12/2/13,13-Jan-14,13-Jan-14,13-Jan-14,ARV,Adult,S. BUYS WHOLESALER,"Emtricitabine/Tenofovir Disoproxil Fumarate 200/300mg, tablets, 30 Tabs",Emtricitabine/Tenofovir Disoproxil Fumarate,Generic,200/300mg,Tablet - FDC,30.0,26.0,777.92,29.92,1.0,"Aurobindo Unit III, India",No,Weight Captured Separately,Freight Included in Commodity Cost,0.8,,,,,,,,,,,,,,,,,,,,,,,,,,
84942,,,,,Tanzania,,,,,,N/A - From RDC,,,,,,SCMS from RDC,,Nevirapine,Generic,10mg/ml,,,,,,,,,,,,109-TZ-T30,SO-46701,DN-3762,PMO - US,From RDC,N/A - From RDC,Air,10/1/2013,31-Jul-14,25-Sep-14,6-Oct-14,ARV,Pediatric,"Nevirapine 10mg/ml, oral suspension w/syringe, Bottle, 100 ml",Oral suspension,100.0,28464.0,37003.2,1.3,0.01,"Aurobindo Unit III, India",No,See DN-3762 (ID#:82685),See DN-3762 (ID#:82685),45.77,FPQ-13042
65836,,,,,Nigeria,,,,,,3/2/2011,,,,,,"CHEMBIO DIAGNOSTIC SYSTEMS, INC.",,"HIV 1/2, Stat-Pak HIV, Kit",Stat-Pak,,,,,,,,,,,,,133-NG-T30,SCMS-100510,ASN-10320,PMO - US,Direct Drop,EXW,Air,2/4/2011,25-May-11,25-May-11,25-May-11,HRDT,HIV test,"HIV 1/2, Stat-Pak HIV, Kit, 20 Tests",Test kit,20.0,1448.0,41992.0,29.0,1.45,Chembio Diagnostics Sys. Inc.,Yes,482,3060.82,69.29,FPQ-7088
86185,101-CD-T30,FPQ-15787,SO-50910,DN-4195,"Congo, DRC",PMO - US,From RDC,N/A - From RDC,Air,1/26/15,N/A - From RDC,6-May-15,6-Jul-15,6-Jul-15,ARV,Pediatric,SCMS from RDC,"Lamivudine 10mg/ml, oral solution, Bottle, 240 ml",Lamivudine,Generic,10mg/ml,Oral solution,240.0,110.0,212.3,1.93,0.01,Hetero Unit III Hyderabad IN,No,See DN-4195 (ID#:83324),See DN-4195 (ID#:83324),0.25,,,,,,,,,,,,,,,,,,,,,,,,,,
11016,112-NG-T01,Pre-PQ Process,SO-20950,DN-1059,Nigeria,PMO - US,From RDC,N/A - From RDC,Air,Pre-PQ Process,N/A - From RDC,19-Jan-09,19-Jan-09,19-Jan-09,ARV,Adult,SCMS from RDC,"Emtricitabine/Tenofovir Disoproxil Fumarate 200/300mg [Truvada], tablets, 30 Tabs",Emtricitabine/Tenofovir Disoproxil Fumarate,Truvada,300/200mg,Tablet - FDC,30.0,139.0,3648.75,26.25,0.88,"Aspen-OSD, Port Elizabeth, SA",Yes,192,13538.35,7.15,,,,,,,,,,,,,,,,,,,,,,,,,,
83016,151-NG-T30,FPQ-8952,SO-41251,DN-2586,Nigeria,PMO - US,From RDC,N/A - From RDC,Air,12/8/11,N/A - From RDC,4-Jul-12,15-Mar-12,15-Mar-12,ARV,Adult,SCMS from RDC,"Lamivudine/Nevirapine/Zidovudine 150/200/300mg, tablets, 60 Tabs",Lamivudine/Nevirapine/Zidovudine,Generic,150/300/200mg,Tablet - FDC,60.0,84000.0,924000.0,11.0,0.18,Mylan (formerly Matrix) Nashik,Yes,11160,87294.56,1295.45,,,,,,,,,,,,,,,,,,,,,,,,,,
3508,,,,,Namibia,,,,,,11/20/2008,,,,,,INVERNESS MEDICAL INNOVATIONS SOUTH AFRICA (PTY) LTD,,"HIV 1/2, Determine HIV Kit, without Lancets",Determine,,,,,,,,,,,,,141-NA-T01,SCMS-33850,ASN-3110,PMO - US,Direct Drop,EXW,Air,Pre-PQ Process,27-Jan-09,27-Jan-09,27-Jan-09,HRDT,HIV test,"HIV 1/2, Determine HIV Kit, without Lancets, 100 Tests",Test kit,100.0,7.0,490.0,70.0,0.7,Inverness Japan,No,See ASN-3110 (ID#:2173),See ASN-3110 (ID#:2173),0.96,Pre-PQ Process
10672,111-MZ-T01,Pre-PQ Process,SO-1613,DN-599,Mozambique,PMO - US,From RDC,N/A - From RDC,Air,Pre-PQ Process,N/A - From RDC,10-Mar-08,10-Mar-08,10-Mar-08,ARV,Adult,SCMS from RDC,"Lamivudine 150mg, tablets, 60 Tabs",Lamivudine,Generic,150mg,Tablet,60.0,2106.0,6402.24,3.04,0.05,"Ranbaxy, Paonta Shahib, India",Yes,113,919.2,10.24,,,,,,,,,,,,,,,,,,,,,,,,,,
8186,,,,,South Africa,,,,,,11/12/2007,,,,,,"JSI R&T INSTITUTE, INC.",,Lamivudine,Epivir,150mg,,,,,,,,,,,,116-ZA-T01,SCMS-14050,ASN-1251,PMO - US,Direct Drop,DDP,,Pre-PQ Process,29-Jan-08,29-Jan-08,29-Jan-08,ARV,Adult,"Lamivudine 150mg [Epivir], tablets, 60 Tabs",Tablet,60.0,1500.0,9600.0,6.4,0.11,GSK Cape Town Factory (South Africa),No,Weight Captured Separately,Freight Included in Commodity Cost,15.36,Pre-PQ Process
85926,109-TZ-T30,FPQ-10545,SO-43100,DN-2983,Tanzania,PMO - US,From RDC,N/A - From RDC,Truck,8/24/12,N/A - From RDC,11-Mar-13,18-Feb-13,18-Feb-13,ARV,Adult,SCMS from RDC,"Efavirenz/Emtricitabine/Tenofovir Disoproxil Fumarate 600/200/300mg, tablets, 30 Tabs",Efavirenz/Emtricitabine/Tenofovir Disoproxil Fumarate,Generic,600/200/300mg,Tablet - FDC,30.0,65379.0,895038.51,13.69,0.46,Mylan (formerly Matrix) Nashik,Yes,7385,Freight Included in Commodity Cost,1254.84,,,,,,,,,,,,,,,,,,,,,,,,,,
37089,122-HT-T30,FPQ-8635,SCMS-132170,ASN-14729,Haiti,PMO - US,Direct Drop,EXW,Air,12/7/11,1/5/12,10-May-12,10-May-12,10-May-12,ANTM,Malaria,THE MEDICAL EXPORT GROUP BV,"Chloroquine 150mg base (as phosphate), tablets, 1000 Tabs",Chloroquine base (as phosphate),Generic,150mg,Tablet,1000.0,11000.0,100540.0,9.14,0.01,"Micro Labs, Hosur, India",Yes,5051,37744.27,140.96,,,,,,,,,,,,,,,,,,,,,,,,,,
86634,109-TZ-T30,FPQ-12587,SO-45998,DN-3505,Tanzania,PMO - US,From RDC,N/A - From RDC,Truck,7/4/13,N/A - From RDC,31-Jan-14,19-Feb-14,24-Feb-14,ARV,Adult,SCMS from RDC,"Lopinavir/Ritonavir 200/50mg, tablets, 120 Tabs",Lopinavir/Ritonavir,Generic,200/50mg,Tablet,120.0,32753.0,670781.44,20.48,0.17,Mylan (formerly Matrix) Nashik,No,See DN-3505 (ID#:82627),See DN-3505 (ID#:82627),829.76,,,,,,,,,,,,,,,,,,,,,,,,,,
7638,,Pre-PQ Process,,,Tanzania,,,,,,2/5/2009,,,,,,ABBVIE LOGISTICS (FORMERLY ABBOTT LOGISTICS BV),,Lopinavir/Ritonavir,Aluvia,200/50mg,,,,,,,,,,,,109-TZ-T01,SCMS-38400,ASN-3694,PMO - US,Direct Drop,FCA,Air,Pre-PQ Process,27-May-09,27-May-09,27-May-09,ARV,Adult,"Lopinavir/Ritonavir 200/50mg [Aluvia], tablets, 120 Tabs",Tablet,120.0,12560.0,516216.0,41.1,0.34,ABBVIE Ludwigshafen Germany,Yes,3073,12815.42,1011.78,
46095,,FPQ-16100,,,Haiti,,,,,,5/22/2015,,,,,,"MSD LATIN AMERICA SERVICES, S. DE R.L. DE C.V.",,Efavirenz,Stocrin/Sustiva,30mg/ml,,,,,,,,,,,,106-HT-T30,SCMS-288830,ASN-33571,PMO - US,Direct Drop,CIP,Air,3/30/2015,26-Aug-15,26-Aug-15,27-Aug-15,ARV,Pediatric,"Efavirenz 30mg/ml [Stocrin/Sustiva], oral solution, Bottle, 180 ml",Oral solution,180.0,420.0,7123.2,16.96,0.09,"MSD, Haarlem, NL",Yes,Weight Captured Separately,Freight Included in Commodity Cost,8.38,
78909,,,,,Nigeria,,,,,,11/1/2013,,,,,,"Orgenics, Ltd",,"HIV 1/2, Determine Complete HIV Kit",Determine,,,,,,,,,,,,,133-NG-T30,SCMS-210351,ASN-23948,PMO - US,Direct Drop,EXW,Air,8/13/2013,18-Feb-14,12-Feb-14,15-Mar-14,HRDT,HIV test,"HIV 1/2, Determine Complete HIV Kit, 100 Tests",Test kit,100.0,9258.0,823962.0,89.0,0.89,"Alere Medical Co., Ltd.",Yes,3759,57561.38,1019.24,FPQ-12812
7184,113-ZW-T01,Pre-PQ Process,SCMS-25310,ASN-2632,Zimbabwe,PMO - US,Direct Drop,EXW,Air,Pre-PQ Process,6/12/08,17-Nov-08,17-Nov-08,17-Nov-08,HRDT,HIV test,"Standard Diagnostics, Inc.","HIV 1/2, Bioline 3.0 Kit, Lancets, Capillary pipets, Alcohol swabs included, 25 Tests","HIV 1/2, Bioline 3.0 Kit, Lancets, Capillary pipets, Alcohol swabs included",Bioline,,Test kit,25.0,7864.0,157280.0,20.0,0.8,"Standard Diagnostics, Korea",Yes,2450,18087.86,308.27,,,,,,,,,,,,,,,,,,,,,,,,,,
85233,,,,,Zimbabwe,,,,,,N/A - From RDC,,,,,,SCMS from RDC,,Lamivudine/Nevirapine/Stavudine,Generic,150/200/30mg,,,,,,,,,,,,113-ZW-T30,SO-38520,DN-2519,PMO - US,From RDC,N/A - From RDC,Truck,1/19/2011,29-Feb-12,16-Feb-12,16-Feb-12,ARV,Adult,"Lamivudine/Nevirapine/Stavudine 150/200/30mg, tablets, 60 Tabs",Tablet - FDC,60.0,13212.0,71080.56,5.38,0.09,"Strides, Bangalore, India.",No,See DN-2519 (ID#:84141),See DN-2519 (ID#:84141),117.28,FPQ-7052
49378,110-ZM-T30,FPQ-4141,SCMS-53260,ASN-5857,Zambia,PMO - US,Direct Drop,EXW,Air,8/31/09,9/11/09,3-Feb-10,3-Feb-10,3-Feb-10,HRDT,HIV test,"Trinity Biotech, Plc","HIV 1/2, Uni-Gold HIV Kit, 20 Tests","HIV 1/2, Uni-Gold HIV Kit",Uni-Gold,,Test kit,20.0,5500.0,176000.0,32.0,1.6,"Trinity Biotech, Plc",Yes,1907,17975.84,344.96,,,,,,,,,,,,,,,,,,,,,,,,,,
74517,103-ZW-T30,FPQ-15220,SCMS-261591,ASN-31190,Zimbabwe,PMO - US,Direct Drop,FCA,Air,10/27/14,10/30/14,14-May-15,14-May-15,14-May-15,ARV,Pediatric,ABBVIE LOGISTICS (FORMERLY ABBOTT LOGISTICS BV),"Lopinavir/Ritonavir 80/20mg/ml [Kaletra], oral solution, cool, Bottle 5 x 60 ml",Lopinavir/Ritonavir,Kaletra,80/20mg/ml,Oral solution,300.0,2625.0,80902.5,30.82,0.1,ABBVIE (Abbott) Logis. UK,Yes,2583,20559.39,95.22,,,,,,,,,,,,,,,,,,,,,,,,,,
21706,,FPQ-12837,,,Cameroon,,,,,,8/23/2013,,,,,,CIPLA LIMITED,,Lamivudine/Zidovudine,Generic,150/300mg,,,,,,,,,,,,901-CM-T30,SCMS-204360,ASN-21530,PMO - US,Direct Drop,EXW,Air,8/19/2013,26-Sep-13,26-Sep-13,26-Sep-13,ARV,Adult,"Lamivudine/Zidovudine 150/300mg, tablets, 60 Tabs",Tablet - FDC,60.0,47268.0,311496.12,6.59,0.11,"Cipla, Goa, India",Yes,4549,36166.79,385.32,
84723,107-RW-T30,FPQ-9637,SO-41820,DN-2653,Rwanda,PMO - US,From RDC,N/A - From RDC,Air,3/28/12,N/A - From RDC,29-Jun-12,15-May-12,15-May-12,ARV,Adult,SCMS from RDC,"Efavirenz 600mg, tablets, 30 Tabs",Efavirenz,Generic,600mg,Tablet,30.0,24126.0,94332.66,3.91,0.13,"Strides, Bangalore, India.",Yes,1444,15842.34,132.25,,,,,,,,,,,,,,,,,,,,,,,,,,
85174,,FPQ-6943,,,Guatemala,,,,,,N/A - From RDC,,,,,,SCMS from RDC,,Abacavir,Generic,300mg,,,,,,,,,,,,202-GT-T30,SO-38270,DN-2100,PMO - US,From RDC,N/A - From RDC,Air,12/29/2010,31-Jan-11,10-Feb-11,10-Feb-11,ARV,Adult,"Abacavir 300mg, tablets, 60 Tabs",Tablet,60.0,2005.0,31077.5,15.5,0.26,Mylan (formerly Matrix) Nashik,Yes,2634,20805.8,51.28,
11567,,Pre-PQ Process,,,Zambia,,,,,,N/A - From RDC,,,,,,SCMS from RDC,,Nevirapine,Generic,200mg,,,,,,,,,,,,110-ZM-T01,SO-2490,DN-950,PMO - US,From RDC,N/A - From RDC,Truck,Pre-PQ Process,21-Oct-08,21-Oct-08,21-Oct-08,ARV,Adult,"Nevirapine 200mg, tablets, 60 Tabs",Tablet,60.0,40454.0,137543.6,3.4,0.06,"Aurobindo Unit III, India",Yes,3787,4060.55,269.59,
47400,113-ZW-T30,FPQ-13669,SCMS-225830,ASN-26283,Zimbabwe,PMO - US,Direct Drop,EXW,Air,2/3/14,2/12/14,18-Jun-14,18-Jun-14,25-Jun-14,HRDT,HIV test - Ancillary,"Orgenics, Ltd","Chase Buffer, Determine, 100 Tests, 2.5ml x 1 Vial","Chase Buffer, Determine, 100 Tests, 2.5ml x 1 Vial",Determine,,Test kit - Ancillary,1.0,3939.0,19695.0,5.0,5.0,"Alere Medical Co., Ltd.",No,See ASN-26283 (ID#:46875),See ASN-26283 (ID#:46875),20.25,,,,,,,,,,,,,,,,,,,,,,,,,,
23573,,,,,Nigeria,,,,,,5/23/2011,,,,,,"Orgenics, Ltd",,"HIV 1/2, Determine Complete HIV Kit",Determine,,,,,,,,,,,,,133-NG-T30,SCMS-108720,ASN-11271,PMO - US,Direct Drop,EXW,Air,4/28/2011,27-Jul-11,27-Jul-11,27-Jul-11,HRDT,HIV test,"HIV 1/2, Determine Complete HIV Kit, 100 Tests",Test kit,100.0,2687.0,239143.0,89.0,0.89,Inverness Japan,Yes,1277,26014.88,394.59,FPQ-7553
530,,Pre-PQ Process,,,Vietnam,,,,,,5/14/2008,,,,,,MYLAN LABORATORIES LTD (FORMERLY MATRIX LABORATORIES),,Tenofovir Disoproxil Fumarate,Generic,300mg,,,,,,,,,,,,108-VN-T01,SCMS-23450,ASN-2336,PMO - US,Direct Drop,EXW,Air,Pre-PQ Process,19-Sep-08,19-Sep-08,19-Sep-08,ARV,Adult,"Tenofovir Disoproxil Fumarate 300mg, tablets, 30 Tabs",Tablet,30.0,1344.0,18359.04,13.66,0.46,Mylan (formerly Matrix) Nashik,Yes,1537,13507.92,29.37,
10645,104-CI-T01,Pre-PQ Process,SO-1408,DN-478,Côte d'Ivoire,PMO - US,From RDC,N/A - From RDC,Air,Pre-PQ Process,N/A - From RDC,10-Dec-07,10-Dec-07,10-Dec-07,ARV,Adult,SCMS from RDC,"Nevirapine 200mg, tablets, 60 Tabs",Nevirapine,Generic,200mg,Tablet,60.0,8000.0,27200.0,3.4,0.06,"Strides, Bangalore, India.",Yes,1013,3646,43.52,,,,,,,,,,,,,,,,,,,,,,,,,,
82762,,,,,Guyana,,,,,,N/A - From RDC,,,,,,SCMS from RDC,,Abacavir,Generic,300mg,,,,,,,,,,,,105-GY-T30,SO-50030,DN-4056,PMO - US,From RDC,N/A - From RDC,Air,10/22/2014,30-Jan-15,6-Jan-15,29-Jan-15,ARV,Adult,"Abacavir 300mg, tablets, 60 Tabs",Tablet,60.0,62.0,687.58,11.09,0.18,Mylan (formerly Matrix) Nashik,Yes,6,865.15,0.81,FPQ-15217
84982,105-GY-T30,FPQ-14042,SO-48522,DN-3945,Guyana,PMO - US,From RDC,N/A - From RDC,Air,4/9/14,N/A - From RDC,30-Sep-14,31-Oct-14,14-Nov-14,ARV,Pediatric,SCMS from RDC,"Abacavir 20mg/ml, oral solution w/syringe, Bottle, 240 ml",Abacavir,Generic,20mg/ml,Oral solution,240.0,100.0,838.0,8.38,0.03,"Aurobindo Unit III, India",Yes,44,863.24,0.86,,,,,,,,,,,,,,,,,,,,,,,,,,
84345,111-MZ-T30,FPQ-13123,SO-47083,DN-3580,Mozambique,PMO - US,From RDC,N/A - From RDC,Truck,10/21/13,N/A - From RDC,15-Apr-14,14-Apr-14,17-Apr-14,ARV,Adult,SCMS from RDC,"Lamivudine/Nevirapine/Zidovudine 150/200/300mg, tablets, 60 Tabs",Lamivudine/Nevirapine/Zidovudine,Generic,150/300/200mg,Tablet - FDC,60.0,54997.0,454275.22,8.26,0.14,"Aurobindo Unit III, India",No,See DN-3580 (ID#:83772),See DN-3580 (ID#:83772),466.99,,,,,,,,,,,,,,,,,,,,,,,,,,
78709,,FPQ-12522,,,South Africa,,,,,,8/13/2013,,,,,,S. BUYS WHOLESALER,,Abacavir,Generic,20mg/ml,,,,,,,,,,,,116-ZA-T30,SCMS-199280,ASN-24433,PMO - US,Direct Drop,DDP,Truck,7/11/2013,7-Feb-14,7-Feb-14,7-Feb-14,ARV,Pediatric,"Abacavir 20mg/ml, oral solution w/syringe, Bottle, 240 ml",Oral solution,240.0,89.0,2406.5,27.04,0.11,"Aurobindo Unit III, India",No,Weight Captured Separately,Freight Included in Commodity Cost,2.98,
86148,,,,,Zimbabwe,,,,,,N/A - From RDC,,,,,,SCMS from RDC,,Lamivudine/Nevirapine/Zidovudine,Generic,30/50/60mg,,,,,,,,,,,,103-ZW-T30,SO-48442,DN-4020,PMO - US,From RDC,N/A - From RDC,Air,4/2/2014,30-Jan-15,5-Jan-15,9-Jan-15,ARV,Pediatric,"Lamivudine/Nevirapine/Zidovudine 30/50/60mg, dispersible tablets, 60 Tabs",Chewable/dispersible tablet - FDC,60.0,20000.0,75000.0,3.75,0.06,"Strides, Bangalore, India.",Yes,1920,5055.8,77.1,FPQ-13967
630,,Pre-PQ Process,,,Nigeria,,,,,,7/2/2008,,,,,,IDA FOUNDATION,,Artemether/Lumefantrine,Coartem,20/120mg,,,,,,,,,,,,112-NG-T01,SCMS-26560,ASN-2366,PMO - US,Direct Drop,EXW,Air,Pre-PQ Process,25-Feb-09,9-Sep-08,9-Sep-08,ACT,ACT,"Artemether/Lumefantrine 20/120mg [Coartem], scored tablets, Blister 30 x 18 Tabs",Tablet - FDC + blister,540.0,34.0,1547.68,45.52,0.08,"Novartis Pharma AG, Switzerland",Yes,115,1755.87,2.48,
12433,104-CI-T01,Pre-PQ Process,SO-1101,DN-434,Côte d'Ivoire,PMO - US,From RDC,N/A - From RDC,Air,Pre-PQ Process,N/A - From RDC,22-Nov-07,22-Nov-07,22-Nov-07,ARV,Adult,SCMS from RDC,"Efavirenz 600mg, tablets, 30 Tabs",Efavirenz,Generic,600mg,Tablet,30.0,34020.0,422528.4,12.42,0.41,"Strides, Bangalore, India.",No,See DN-434 (ID#:11483),See DN-434 (ID#:11483),676.05,,,,,,,,,,,,,,,,,,,,,,,,,,
82898,,,,,Nigeria,,,,,,N/A - From RDC,,,,,,SCMS from RDC,,Lamivudine,Generic,150mg,,,,,,,,,,,,151-NG-T30,SO-36492,DN-1911,PMO - US,From RDC,N/A - From RDC,Air,2/10/2010,15-Jul-10,28-Jun-10,28-Jun-10,ARV,Adult,"Lamivudine 150mg, tablets, 60 Tabs",Tablet,60.0,3000.0,7320.0,2.44,0.04,"Aurobindo Unit III, India",Yes,142,Freight Included in Commodity Cost,15.78,FPQ-5023
8922,,Pre-PQ Process,,,Tanzania,,,,,,2/5/2009,,,,,,ABBVIE LOGISTICS (FORMERLY ABBOTT LOGISTICS BV),,Lopinavir/Ritonavir,Aluvia,200/50mg,,,,,,,,,,,,109-TZ-T01,SCMS-38410,ASN-4381,PMO - US,Direct Drop,FCA,Air,Pre-PQ Process,11-Aug-09,11-Aug-09,11-Aug-09,ARV,Adult,"Lopinavir/Ritonavir 200/50mg [Aluvia], tablets, 120 Tabs",Tablet,120.0,60.0,2466.0,41.1,0.34,ABBVIE Ludwigshafen Germany,No,See ASN-4381 (ID#:4949),See ASN-4381 (ID#:4949),4.83,
84799,111-MZ-T30,FPQ-10211,SO-42860,DN-3063,Mozambique,PMO - US,From RDC,N/A - From RDC,Truck,6/28/12,N/A - From RDC,8-Apr-13,16-Apr-13,16-Apr-13,ARV,Adult,SCMS from RDC,"Efavirenz/Lamivudine/Tenofovir Disoproxil Fumarate 600/300/300mg, tablets, 30 Tabs",Efavirenz/Lamivudine/Tenofovir Disoproxil Fumarate,Generic,600/300/300mg,Tablet - FDC,30.0,97351.0,1178920.61,12.11,0.4,Mylan (formerly Matrix) Nashik,Yes,11667,4120.7,1652.85,,,,,,,,,,,,,,,,,,,,,,,,,,
83028,151-NG-T30,FPQ-8364,SO-40660,DN-2630,Nigeria,PMO - US,From RDC,N/A - From RDC,Air Charter,8/29/11,N/A - From RDC,20-May-12,30-Apr-12,30-Apr-12,ARV,Adult,SCMS from RDC,"Lamivudine/Nevirapine/Zidovudine 150/200/300mg, tablets, 60 Tabs",Lamivudine/Nevirapine/Zidovudine,Generic,150/300/200mg,Tablet - FDC,60.0,48821.0,547771.62,11.22,0.19,Mylan (formerly Matrix) Nashik,Yes,6949,27441.22,903.82,,,,,,,,,,,,,,,,,,,,,,,,,,
82311,,FPQ-4325,,,Uganda,,,,,,N/A - From RDC,,,,,,SCMS from RDC,,Lamivudine/Zidovudine,Generic,150/300mg,,,,,,,,,,,,114-UG-T30,SO-35660,DN-1752,PMO - US,From RDC,N/A - From RDC,Truck,9/23/2009,1-Apr-10,25-Mar-10,25-Mar-10,ARV,Adult,"Lamivudine/Zidovudine 150/300mg, tablets, 60 Tabs",Tablet - FDC,60.0,17896.0,156768.96,8.76,0.15,Hetero Unit III Hyderabad IN,Yes,1188,4097,307.27,
47495,,FPQ-8386,,,Swaziland,,,,,,9/22/2011,,,,,,Aurobindo Pharma Limited,,Lamivudine/Zidovudine+Efavirenz,Generic,150/300mg+600mg,,,,,,,,,,,,900-SZ-T30,SCMS-122630,ASN-13382,PMO - US,Direct Drop,EXW,Ocean,9/14/2011,19-Mar-12,19-Mar-12,19-Mar-12,ARV,Adult,"Lamivudine/Zidovudine+Efavirenz 150/300mg+600mg, tablets, co-blister 60+30 Tabs",Tablet - FDC + co-blister,90.0,46855.0,637228.0,13.6,0.15,"Aurobindo Unit III, India",Yes,7712,13491.19,1051.43,
84335,,FPQ-12248,,,Nigeria,,,,,,N/A - From RDC,,,,,,SCMS from RDC,,Efavirenz/Lamivudine/Tenofovir Disoproxil Fumarate,Generic,600/300/300mg,,,,,,,,,,,,151-NG-T30,SO-45664,DN-3541,PMO - US,From RDC,N/A - From RDC,Air Charter,5/6/2013,28-Feb-14,10-Feb-14,19-Feb-14,ARV,Adult,"Efavirenz/Lamivudine/Tenofovir Disoproxil Fumarate 600/300/300mg, tablets, 30 Tabs",Tablet - FDC,30.0,89490.0,972756.3,10.87,0.36,Mylan (formerly Matrix) Nashik,Yes,11280,30936.1,1203.3,
30159,,,,,Uganda,,,,,,5/9/2013,,,,,,"Orgenics, Ltd",,"HIV 1/2, Determine Complete HIV Kit",Determine,,,,,,,,,,,,,114-UG-T30,SCMS-188330,ASN-20239,PMO - US,Direct Drop,EXW,Air,4/23/2013,11-Jul-13,11-Jul-13,11-Jul-13,HRDT,HIV test,"HIV 1/2, Determine Complete HIV Kit, 100 Tests",Test kit,100.0,2845.0,227600.0,80.0,0.8,"Alere Medical Co., Ltd.",Yes,1239,16337.03,281.54,FPQ-12154
45149,,FPQ-6384,,,Vietnam,,,,,,10/14/2010,,,,,,Aurobindo Pharma Limited,,Didanosine,Generic,250mg,,,,,,,,,,,,108-VN-T30,SCMS-87720,ASN-9249,PMO - US,Direct Drop,EXW,Air,9/30/2010,11-Feb-11,11-Feb-11,11-Feb-11,ARV,Adult,"Didanosine 250mg, delayed-release capsules, 30 Caps",Delayed-release capsules,30.0,300.0,3900.0,13.0,0.43,"Aurobindo Unit III, India",Yes,21,3657.69,8.41,
75043,,,,,Rwanda,,,,,,12/12/2014,,,,,,SWORDS LABORATORIES,,Atazanavir,Reyataz,150mg,,,,,,,,,,,,107-RW-T30,SCMS-268600,ASN-31454,PMO - US,Direct Drop,FCA,Air,10/9/2014,27-Apr-15,27-Apr-15,27-Apr-15,ARV,Pediatric,"Atazanavir 150mg [Reyataz], capsules, 60 Caps",Capsule,60.0,132.0,4468.2,33.85,0.56,"BMS Evansville, US",Yes,11,663.77,4.59,FPQ-14813
12165,100-ZW-T01,Pre-PQ Process,SO-2667,DN-756,Zimbabwe,PMO - US,From RDC,N/A - From RDC,Air,Pre-PQ Process,N/A - From RDC,11-Jun-08,11-Jun-08,11-Jun-08,ARV,Adult,SCMS from RDC,"Lamivudine/Nevirapine/Stavudine 150/200/30mg, tablets, 60 Tabs",Lamivudine/Nevirapine/Stavudine,Generic,150/200/30mg,Tablet - FDC,60.0,37240.0,275576.0,7.4,0.12,"Cipla, Goa, India",No,See DN-756 (ID#:11866),See DN-756 (ID#:11866),440.92,,,,,,,,,,,,,,,,,,,,,,,,,,
2477,,,,,Guyana,,,,,,3/31/2009,,,,,,"Orgenics, Ltd",,"HIV 1/2, Determine Complete HIV Kit",Determine,,,,,,,,,,,,,102-GY-T01,SCMS-42290,ASN-3987,PMO - US,Direct Drop,EXW,Air,Pre-PQ Process,5-Jun-09,5-Jun-09,5-Jun-09,HRDT,HIV test,"HIV 1/2, Determine Complete HIV Kit, 100 Tests",Test kit,100.0,425.0,38250.0,90.0,0.9,Inverness Japan,Yes,130,1859.79,74.97,Pre-PQ Process
27234,,,,,Rwanda,,,,,,12/15/2014,,,,,,Aurobindo Pharma Limited,,Lopinavir/Ritonavir,Generic,100/25mg,,,,,,,,,,,,107-RW-T30,SCMS-261770,ASN-29892,PMO - US,Direct Drop,EXW,Air,10/9/2014,15-Jan-15,15-Jan-15,24-Feb-15,ARV,Pediatric,"Lopinavir/Ritonavir 100/25mg, tablets, 60 Tabs",Tablet,60.0,607.0,4880.28,8.04,0.13,"Aurobindo Unit III, India",Yes,66,1026.4,5.02,FPQ-14813
66062,108-VN-T30,FPQ-15823,SCMS-277290,ASN-33205,Vietnam,PMO - US,Direct Drop,FCA,Air,2/13/15,3/2/15,12-Aug-15,12-Aug-15,12-Aug-15,ARV,Adult,ABBVIE LOGISTICS (FORMERLY ABBOTT LOGISTICS BV),"Lopinavir/Ritonavir 200/50mg [Aluvia], tablets, 120 Tabs",Lopinavir/Ritonavir,Aluvia,200/50mg,Tablet,120.0,5000.0,304000.0,60.8,0.51,ABBVIE Ludwigshafen Germany,Yes,Weight Captured Separately,Invoiced Separately,357.81,,,,,,,,,,,,,,,,,,,,,,,,,,
23370,,FPQ-13030,,,Zimbabwe,,,,,,10/16/2013,,,,,,MYLAN LABORATORIES LTD (FORMERLY MATRIX LABORATORIES),,Abacavir/Lamivudine,Generic,600/300mg,,,,,,,,,,,,102-ZW-T30,SCMS-210650,ASN-22850,PMO - US,Direct Drop,EXW,Air,10/4/2013,21-Jan-14,21-Jan-14,22-Jan-14,ARV,Adult,"Abacavir/Lamivudine 600/300mg, tablets, 30 Tabs",Tablet - FDC,30.0,9810.0,132336.9,13.49,0.45,Mylan (formerly Matrix) Nashik,Yes,962,6773.13,163.7,
40935,,,,,Vietnam,,,,,,2/17/2015,,,,,,MYLAN LABORATORIES LTD (FORMERLY MATRIX LABORATORIES),,Lamivudine/Zidovudine,Generic,150/300mg,,,,,,,,,,,,108-VN-T30,SCMS-274350,ASN-32776,PMO - US,Direct Drop,EXW,Air,1/28/2015,27-Jul-15,27-Jul-15,27-Jul-15,ARV,Adult,"Lamivudine/Zidovudine 150/300mg, tablets, 60 Tabs",Tablet - FDC,60.0,13000.0,84370.0,6.49,0.11,Mylan (formerly Matrix) Nashik,Yes,Weight Captured Separately,Invoiced Separately,99.3,FPQ-15692
21755,,FPQ-13973,,,South Africa,,,,,,11/4/2014,,,,,,PHARMACY DIRECT,,Etravirine,Intelence,100mg,,,,,,,,,,,,116-ZA-T30,SCMS-238555,ASN-29255,PMO - US,Direct Drop,DDP,Truck,4/30/2014,5-Nov-14,5-Nov-14,5-Nov-14,ARV,Adult,"Etravirine 100mg [Intelence], tablets, 120 Tabs",Tablet,120.0,12.0,424.25,35.35,0.29,"Janssen-Cilag, Latina, IT",No,Weight Captured Separately,Freight Included in Commodity Cost,0.44,
65609,,,,,Mozambique,,,,,,10/10/2012,,,,,,"Orgenics, Ltd",,"Chase Buffer, Determine, 100 Tests, 2.5ml x 1 Vial",Determine,,,,,,,,,,,,,111-MZ-T30,SCMS-162160,ASN-17088,PMO - US,Direct Drop,EXW,Air,9/12/2012,25-Dec-12,25-Dec-12,25-Dec-12,HRDT,HIV test - Ancillary,"Chase Buffer, Determine, 100 Tests, 2.5ml x 1 Vial",Test kit - Ancillary,1.0,81.0,405.0,5.0,5.0,"Alere Medical Co., Ltd.",No,See ASN-17088 (ID#:18269),See ASN-17088 (ID#:18269),0.57,FPQ-10606
59917,,FPQ-14942,,,South Africa,,,,,,5/11/2015,,,,,,PHARMACY DIRECT,,Abacavir,Generic,20mg/ml,,,,,,,,,,,,116-ZA-T30,SCMS-259075,ASN-32138,PMO - US,Direct Drop,DDP,Truck,9/11/2014,12-May-15,12-May-15,12-May-15,ARV,Pediatric,"Abacavir 20mg/ml, oral solution, Bottle, 240 ml",Oral solution,240.0,3.0,53.13,17.71,0.07,"Aurobindo Unit III, India",No,Weight Captured Separately,Freight Included in Commodity Cost,0.05,
86562,111-MZ-T30,FPQ-11882,SO-44830,DN-3110,Mozambique,PMO - US,From RDC,N/A - From RDC,Truck,3/19/13,N/A - From RDC,6-Jun-13,20-Jun-13,20-Jun-13,ARV,Adult,SCMS from RDC,"Zidovudine 300mg, tablets, 60 Tabs",Zidovudine,Generic,300mg,Tablet,60.0,184.0,1203.36,6.54,0.11,"Cipla, Goa, India",No,See DN-3110 (ID#:84809),See DN-3110 (ID#:84809),1.49,,,,,,,,,,,,,,,,,,,,,,,,,,
10949,109-TZ-T01,Pre-PQ Process,SO-2000,DN-722,Tanzania,PMO - US,From RDC,N/A - From RDC,,Pre-PQ Process,N/A - From RDC,30-Apr-08,30-Apr-08,30-Apr-08,ARV,Adult,SCMS from RDC,"Lopinavir/Ritonavir 200/50mg [Aluvia], tablets, 120 Tabs",Lopinavir/Ritonavir,Aluvia,200/50mg,Tablet,120.0,2580.0,106038.0,41.1,0.34,ABBVIE Ludwigshafen Germany,Yes,559,3562.4,169.66,,,,,,,,,,,,,,,,,,,,,,,,,,
84640,,FPQ-6470,,,Zimbabwe,,,,,,N/A - From RDC,,,,,,SCMS from RDC,,Lamivudine/Nevirapine/Stavudine,Generic,150/200/30mg,,,,,,,,,,,,113-ZW-T30,SO-37850,DN-2181,PMO - US,From RDC,N/A - From RDC,Truck,10/13/2010,31-Mar-11,20-May-11,20-May-11,ARV,Adult,"Lamivudine/Nevirapine/Stavudine 150/200/30mg, tablets, 60 Tabs",Tablet - FDC,60.0,88719.0,493277.64,5.56,0.09,"Cipla, Goa, India",Yes,11668,15697.15,1063.51,
76712,114-UG-T30,FPQ-4276,SCMS-55240,ASN-5607,Uganda,PMO - US,Direct Drop,FCA,Air,9/22/09,11/3/09,19-Dec-09,19-Dec-09,19-Dec-09,ARV,Adult,ABBVIE LOGISTICS (FORMERLY ABBOTT LOGISTICS BV),"Lopinavir/Ritonavir 200/50mg [Aluvia], tablets, 120 Tabs",Lopinavir/Ritonavir,Aluvia,200/50mg,Tablet,120.0,110.0,3977.6,36.16,0.3,ABBVIE Ludwigshafen Germany,Yes,33,995.22,7.8,,,,,,,,,,,,,,,,,,,,,,,,,,
12000,,,,,Mozambique,,,,,,N/A - From RDC,,,,,,SCMS from RDC,,Lamivudine/Nevirapine/Stavudine,Generic,150/200/30mg,,,,,,,,,,,,111-MZ-T01,SO-32530,DN-1380,PMO - US,From RDC,N/A - From RDC,Truck,Date Not Captured,17-Sep-09,17-Sep-09,17-Sep-09,ARV,Adult,"Lamivudine/Nevirapine/Stavudine 150/200/30mg, tablets, 60 Tabs",Tablet - FDC,60.0,17000.0,121040.0,7.12,0.12,"Strides, Bangalore, India.",Yes,4374,1799.88,237.24,Pre-PQ Process
29274,102-KE-T30,FPQ-3976,SCMS-52790,ASN-5002,Kenya,PMO - US,Direct Drop,EXW,Air,7/20/09,9/3/09,23-Oct-09,23-Oct-09,23-Oct-09,HRDT,HIV test,"Standard Diagnostics, Inc.","HIV 1/2, Bioline 3.0 Kit, (no accessories), 30 Tests","HIV 1/2, Bioline 3.0 Kit (no accessories)",Bioline,,Test kit,30.0,12000.0,288000.0,24.0,0.8,"Standard Diagnostics, Korea",Yes,3733,29039.18,564.48,,,,,,,,,,,,,,,,,,,,,,,,,,
86001,,,,,Zambia,,,,,,N/A - From RDC,,,,,,SCMS from RDC,,Abacavir,Generic,300mg,,,,,,,,,,,,110-ZM-T30,SO-45060,DN-3327,PMO - US,From RDC,N/A - From RDC,Truck,4/19/2013,30-Sep-13,17-Sep-13,17-Sep-13,ARV,Adult,"Abacavir 300mg, tablets, 60 Tabs",Tablet,60.0,3908.0,44785.68,11.46,0.19,"Aurobindo Unit III, India",No,See DN-3327 (ID#:85400),See DN-3327 (ID#:85400),55.4,FPQ-12066
79757,,FPQ-7469,,,Vietnam,,,,,,4/21/2011,,,,,,ABBVIE LOGISTICS (FORMERLY ABBOTT LOGISTICS BV),,Lopinavir/Ritonavir,Aluvia,200/50mg,,,,,,,,,,,,108-VN-T30,SCMS-106480,ASN-11908,PMO - US,Direct Drop,FCA,Air,3/31/2011,22-Sep-11,22-Sep-11,22-Sep-11,ARV,Adult,"Lopinavir/Ritonavir 200/50mg [Aluvia], tablets, 120 Tabs",Tablet,120.0,4951.0,406972.2,82.2,0.68,ABBVIE Ludwigshafen Germany,Yes,1232,8108.91,671.5,
86193,107-RW-T30,FPQ-15622,SO-50721,DN-4238,Rwanda,PMO - US,From RDC,N/A - From RDC,Truck,12/22/14,N/A - From RDC,30-Jun-15,5-May-15,6-May-15,ARV,Pediatric,SCMS from RDC,"Efavirenz 200mg, scored tablets, 90 Tabs",Efavirenz,Generic,200mg,Tablet,90.0,2118.0,19697.4,9.3,0.1,"Strides, Bangalore, India.",Yes,Weight Captured Separately,Invoiced Separately,23.18,,,,,,,,,,,,,,,,,,,,,,,,,,
84010,,FPQ-5394,,,Rwanda,,,,,,N/A - From RDC,,,,,,SCMS from RDC,,Lamivudine/Nevirapine/Zidovudine,Generic,150/300/200mg,,,,,,,,,,,,107-RW-T30,SO-36580,DN-1870,PMO - US,From RDC,N/A - From RDC,Air,3/25/2010,15-Jul-10,7-Jul-10,7-Jul-10,ARV,Adult,"Lamivudine/Nevirapine/Zidovudine 150/200/300mg, tablets, 60 Tabs",Tablet - FDC,60.0,5869.0,65850.18,11.22,0.19,Mylan (formerly Matrix) Nashik,Yes,758,8929.51,141.97,
43347,122-HT-T30,FPQ-8635,SCMS-132180,ASN-13412,Haiti,PMO - US,Direct Drop,EXW,Air,12/7/11,12/30/11,18-Jan-12,18-Jan-12,18-Jan-12,ANTM,Malaria,AMSTELFARMA B.V.,"Chloroquine 150mg base (as phosphate), tablets, 1000 Tabs",Chloroquine base (as phosphate),Generic,150mg,Tablet,1000.0,3000.0,27750.0,9.25,0.01,"Medopharm Malur Factory, INDIA",No,See ASN-13412 (ID#:16085),See ASN-13412 (ID#:16085),38.91,,,,,,,,,,,,,,,,,,,,,,,,,,
38955,133-NG-T30,FPQ-16302,SCMS-287610,ASN-32234,Nigeria,PMO - US,Direct Drop,EXW,Air,5/4/15,5/12/15,12-Jun-15,12-Jun-15,12-Jun-15,HRDT,HIV test,"Trinity Biotech, Plc","HIV 1/2, Uni-Gold HIV Kit, 20 Tests","HIV 1/2, Uni-Gold HIV Kit",Uni-Gold,,Test kit,20.0,12485.0,399520.0,32.0,1.6,"Trinity Biotech, Plc",Yes,3655,25636.67,470.24,,,,,,,,,,,,,,,,,,,,,,,,,,
67199,161-ZA-T30,FPQ-6262,SCMS-83830,ASN-8903,South Africa,PMO - US,Direct Drop,DDP,Ocean,8/31/10,9/24/10,6-Jan-11,6-Jan-11,6-Jan-11,ARV,Pediatric,Aurobindo Pharma Limited,"Nevirapine 10mg/ml, oral suspension w/syringe, Bottle, 240 ml",Nevirapine,Generic,10mg/ml,Oral suspension,240.0,35000.0,74200.0,2.12,0.01,"Aurobindo Unit III, India",Yes,12974,11138.89,159.98,,,,,,,,,,,,,,,,,,,,,,,,,,
12870,510-KE-T01,Pre-PQ Process,SO-12710,DN-879,Kenya,PMO - US,From RDC,N/A - From RDC,Truck,Pre-PQ Process,N/A - From RDC,20-Aug-08,20-Aug-08,20-Aug-08,HRDT,HIV test,SCMS from RDC,"HIV 1/2, Uni-Gold HIV Kit, 20 Tests","HIV 1/2, Uni-Gold HIV Kit",Uni-Gold,,Test kit,20.0,1067.0,34144.0,32.0,1.6,"Trinity Biotech, Plc",Yes,297,3616.67,54.63,,,,,,,,,,,,,,,,,,,,,,,,,,
37379,106-HT-T30,FPQ-12682,SCMS-209700,ASN-24413,Haiti,PMO - US,Direct Drop,EXW,Air,8/23/13,10/8/13,25-Mar-14,25-Mar-14,26-Mar-14,ARV,Pediatric,CIPLA LIMITED,"Abacavir 60mg, dispersible tablets, 60 Tabs",Abacavir,Generic,60mg,Chewable/dispersible tablet,60.0,741.0,3705.0,5.0,0.08,"Cipla, Patalganga, India",Yes,66,1572.92,4.58,,,,,,,,,,,,,,,,,,,,,,,,,,
11552,,,,,Ethiopia,,,,,,N/A - From RDC,,,,,,SCMS from RDC,,Lamivudine,Generic,150mg,,,,,,,,,,,,117-ET-T01,SO-1537,DN-631,PMO - US,From RDC,N/A - From RDC,Air,Pre-PQ Process,6-Mar-08,6-Mar-08,6-Mar-08,ARV,Adult,"Lamivudine 150mg, tablets, 60 Tabs",Tablet,60.0,65500.0,199120.0,3.04,0.05,"Ranbaxy, Paonta Shahib, India",Yes,3858,12047.8,318.59,Pre-PQ Process
85840,,FPQ-9186,,,Zambia,,,,,,N/A - From RDC,,,,,,SCMS from RDC,,Efavirenz,Generic,600mg,,,,,,,,,,,,110-ZM-T30,SO-41411,DN-2577,PMO - US,From RDC,N/A - From RDC,Truck,1/16/2012,8-May-12,27-Feb-12,27-Feb-12,ARV,Adult,"Efavirenz 600mg, tablets, 30 Tabs",Tablet,30.0,99714.0,410821.68,4.12,0.14,"Strides, Bangalore, India.",Yes,6005,5447.21,575.97,
71518,108-VN-T30,FPQ-9576,SCMS-145310,ASN-16124,Vietnam,PMO - US,Direct Drop,EXW,Air,4/11/12,6/11/12,2-Oct-12,2-Oct-12,2-Oct-12,ARV,Pediatric,MYLAN LABORATORIES LTD (FORMERLY MATRIX LABORATORIES),"Lamivudine/Nevirapine/Zidovudine 30/50/60mg, dispersible tablets, 60 Tabs",Lamivudine/Nevirapine/Zidovudine,Generic,30/50/60mg,Chewable/dispersible tablet - FDC,60.0,8698.0,36096.7,4.15,0.07,Mylan (formerly Matrix) Nashik,No,See ASN-16124 (ID#:20321),See ASN-16124 (ID#:20321),50.61,,,,,,,,,,,,,,,,,,,,,,,,,,
11710,,,,,Nigeria,,,,,,N/A - From RDC,,,,,,SCMS from RDC,,Lamivudine/Zidovudine+Nevirapine,Generic,150/300+200mg,,,,,,,,,,,,112-NG-T01,SO-342,DN-94,PMO - US,From RDC,N/A - From RDC,,Pre-PQ Process,17-Apr-07,17-Apr-07,17-Apr-07,ARV,Adult,"Lamivudine/Zidovudine+Nevirapine 150/300+200mg, tablets, co-blister, 60+60 Tabs",Tablet - FDC + co-blister,120.0,2703.0,55411.5,20.5,0.17,"Aspen-OSD, Port Elizabeth, SA",Yes,401,2208,,Pre-PQ Process
12665,,Pre-PQ Process,,,Rwanda,,,,,,N/A - From RDC,,,,,,SCMS from RDC,,Lopinavir/Ritonavir,Kaletra,80/20mg/ml,,,,,,,,,,,,107-RW-T01,SO-489,DN-248,PMO - US,From RDC,N/A - From RDC,Air,Pre-PQ Process,26-Jul-07,26-Jul-07,26-Jul-07,ARV,Pediatric,"Lopinavir/Ritonavir 80/20mg/ml [Kaletra], oral solution, cool, Bottle 5 x 60 ml",Oral solution,300.0,50.0,2055.0,41.1,0.14,ABBVIE (Abbott) Logis. UK,Yes,50,661.06,3.29,
85234,,,,,"Congo, DRC",,,,,,N/A - From RDC,,,,,,SCMS from RDC,,Lamivudine,Generic,150mg,,,,,,,,,,,,101-CD-T30,SO-41388,DN-2529,PMO - US,From RDC,N/A - From RDC,Air,11/21/2011,22-Mar-12,22-Mar-12,22-Mar-12,ARV,Adult,"Lamivudine 150mg, tablets, 60 Tabs",Tablet,60.0,73.0,170.09,2.33,0.04,Hetero Unit III Hyderabad IN,Yes,5,491.43,0.24,FPQ-8840
19656,161-ZA-T30,FPQ-6262,SCMS-84250,ASN-9052,South Africa,PMO - US,Direct Drop,DDP,Ocean,8/31/10,9/21/10,15-Dec-10,15-Dec-10,15-Dec-10,ARV,Adult,STRIDES ARCOLAB LIMITED,"Lamivudine 150mg, tablets, 60 Tabs",Lamivudine,Generic,150mg,Tablet,60.0,168711.0,416716.17,2.47,0.04,"Strides, Bangalore, India.",Yes,8183,12225.76,898.44,,,,,,,,,,,,,,,,,,,,,,,,,,
5976,117-ET-T01,Pre-PQ Process,SCMS-28720,ASN-2579,Ethiopia,PMO - US,Direct Drop,EXW,Air,Pre-PQ Process,8/22/08,6-Oct-08,3-Oct-08,3-Oct-08,HRDT,HIV test,"SHANGHAI KEHUA BIOENGINEERING CO.,LTD.  (KHB)","HIV 1/2, SKB Colloidal Gold, Diagnostic Kit, Antibody, 50 Tests","HIV 1/2, Colloidal Gold, Diagnostic Kit, Antibody",Colloidal Gold,,Test kit,1.0,6998.0,160954.0,23.0,23.0,"KHB Test Kit Facility, Shanghai China",Yes,5057,44347.71,257.53,,,,,,,,,,,,,,,,,,,,,,,,,,
84282,,FPQ-10633,,,Côte d'Ivoire,,,,,,N/A - From RDC,,,,,,SCMS from RDC,,Lamivudine/Nevirapine/Zidovudine,Generic,30/50/60mg,,,,,,,,,,,,104-CI-T30,SO-43371,DN-3294,PMO - US,From RDC,N/A - From RDC,Truck,9/11/2012,30-Sep-13,28-Aug-13,28-Aug-13,ARV,Pediatric,"Lamivudine/Nevirapine/Zidovudine 30/50/60mg, dispersible tablets, 60 Tabs",Chewable/dispersible tablet - FDC,60.0,7600.0,29564.0,3.89,0.06,Mylan (formerly Matrix) Nashik,Yes,415,2751.09,41.45,
11464,,Pre-PQ Process,,,Mozambique,,,,,,N/A - From RDC,,,,,,SCMS from RDC,,"HIV 1/2, Determine Complete HIV Kit",Determine,,,,,,,,,,,,,111-MZ-T01,SO-1110,DN-375,PMO - US,From RDC,N/A - From RDC,Air,Pre-PQ Process,31-Oct-07,31-Oct-07,31-Oct-07,HRDT,HIV test,"HIV 1/2, Determine Complete HIV Kit, 100 Tests",Test kit,100.0,4000.0,288000.0,72.0,0.72,ABBVIE GmbH & Co.KG Wiesbaden,Yes,2526,1871.05,460.8,
3008,,,,,Nigeria,,,,,,1/29/2008,,,,,,"CHEMBIO DIAGNOSTIC SYSTEMS, INC.",,"HIV 1/2, Stat-Pak HIV, Kit",Stat-Pak,,,,,,,,,,,,,102-NG-T01,SCMS-16890,ASN-2359,PMO - US,Direct Drop,EXW,Air,Pre-PQ Process,19-Sep-08,19-Sep-08,19-Sep-08,HRDT,HIV test,"HIV 1/2, Stat-Pak HIV, Kit, 20 Tests",Test kit,20.0,9048.0,244296.0,27.0,1.35,Chembio Diagnostics Sys. Inc.,Yes,2985,20635.3,390.87,Pre-PQ Process
68481,,,,,Côte d'Ivoire,,,,,,1/15/2013,,,,,,"Orgenics, Ltd",,"HIV 1/2, Determine Complete HIV Kit",Determine,,,,,,,,,,,,,104-CI-T30,SCMS-173131,ASN-19634,PMO - US,Direct Drop,EXW,Air,12/14/2012,4-Jun-13,4-Jun-13,4-Jun-13,HRDT,HIV test,"HIV 1/2, Determine Complete HIV Kit, 100 Tests",Test kit,100.0,601.0,48080.0,80.0,0.8,"Alere Medical Co., Ltd.",Yes,264,36428.24,59.47,FPQ-11294
12397,,Pre-PQ Process,,,Côte d'Ivoire,,,,,,N/A - From RDC,,,,,,SCMS from RDC,,Efavirenz,Stocrin/Sustiva,50mg,,,,,,,,,,,,104-CI-T01,SO-589,DN-314,PMO - US,From RDC,N/A - From RDC,,Pre-PQ Process,24-Aug-07,24-Aug-07,24-Aug-07,ARV,Pediatric,"Efavirenz 50mg [Stocrin/Sustiva], capsule, 30 Caps",Capsule,30.0,738.0,2560.86,3.47,0.12,"MSD, Haarlem, NL",No,See DN-314 (ID#:11757),See DN-314 (ID#:11757),4.1,
56524,,FPQ-7270,,,Mozambique,,,,,,3/30/2011,,,,,,"Trinity Biotech, Plc",,"HIV 1/2, Uni-Gold HIV Kit",Uni-Gold,,,,,,,,,,,,,111-MZ-T30,SCMS-103130,ASN-11344,PMO - US,Direct Drop,EXW,Ocean,3/4/2011,22-Nov-11,22-Nov-11,22-Nov-11,HRDT,HIV test,"HIV 1/2, Uni-Gold HIV Kit, 20 Tests",Test kit,20.0,13300.0,425600.0,32.0,1.6,"Trinity Biotech, Plc",Yes,4472,23408.33,702.24,
717,,,,,Côte d'Ivoire,,,,,,8/27/2008,,,,,,BIO-RAD LABORATORIES (FRANCE),,"HIV, Genie II HIV-1/HIV-2 Kit",Genie,,,,,,,,,,,,,104-CI-T01,SCMS-29140,ASN-2472,PMO - US,Direct Drop,EXW,Air,Pre-PQ Process,2-Oct-08,2-Oct-08,2-Oct-08,HRDT,HIV test,"#108853** HIV, Genie II HIV-1/HIV-2 Kit, 40 Tests",Test kit,40.0,500.0,38000.0,76.0,1.9,Bio-Rad Laboratories,Yes,562,11298.13,60.8,Pre-PQ Process
12375,,Pre-PQ Process,,,Zambia,,,,,,N/A - From RDC,,,,,,SCMS from RDC,,Abacavir,Generic,20mg/ml,,,,,,,,,,,,110-ZM-T01,SO-621,DN-224,PMO - US,From RDC,N/A - From RDC,,Pre-PQ Process,9-Jul-07,9-Jul-07,9-Jul-07,ARV,Pediatric,"Abacavir 20mg/ml, oral solution, Bottle, 240 ml",Oral solution,240.0,350.0,7525.0,21.5,0.09,"Aurobindo Unit III, India",Yes,124,874.57,12.04,
73804,108-VN-T30,FPQ-16194,SCMS-285500,ASN-33268,Vietnam,PMO - US,Direct Drop,EXW,Air,4/14/15,5/13/15,3-Sep-15,3-Sep-15,3-Sep-15,ARV,Adult,HETERO LABS LIMITED,"Efavirenz/Lamivudine/Tenofovir Disoproxil Fumarate 600/300/300mg, tablets, 30 Tabs",Efavirenz/Lamivudine/Tenofovir Disoproxil Fumarate,Generic,600/300/300mg,Tablet - FDC,30.0,17760.0,168720.0,9.5,0.32,Hetero Unit III Hyderabad IN,Yes,Weight Captured Separately,Invoiced Separately,198.58,,,,,,,,,,,,,,,,,,,,,,,,,,
38120,,FPQ-10092,,,Rwanda,,,,,,6/12/2012,,,,,,Aurobindo Pharma Limited,,Nevirapine,Generic,200mg,,,,,,,,,,,,107-RW-T30,SCMS-149420,ASN-15288,PMO - US,Direct Drop,EXW,Air,6/4/2012,29-Jun-12,29-Jun-12,29-Jun-12,ARV,Adult,"Nevirapine 200mg, tablets, 60 Tabs",Tablet,60.0,22500.0,52875.0,2.35,0.04,"Aurobindo Unit III, India",Yes,2145,17858.68,74.13,
3897,116-ZA-T01,Pre-PQ Process,SCMS-47051,ASN-4836,South Africa,PMO - US,Direct Drop,DDP,Truck,Pre-PQ Process,6/5/09,12-Oct-09,28-Jul-09,28-Jul-09,ARV,Pediatric,S. BUYS WHOLESALER,"Nevirapine 10mg/ml, oral suspension, Bottle, 240 ml",Nevirapine,Generic,10mg/ml,Oral suspension,240.0,30.0,328.2,10.94,0.05,"Aurobindo Unit III, India",No,Weight Captured Separately,Freight Included in Commodity Cost,0.64,,,,,,,,,,,,,,,,,,,,,,,,,,
83088,900-CM-T30,FPQ-10641,SO-43381,DN-2898,Cameroon,PMO - US,From RDC,N/A - From RDC,Air Charter,9/19/12,N/A - From RDC,7-Nov-12,17-Oct-12,17-Oct-12,ARV,Adult,SCMS from RDC,"Efavirenz/Lamivudine/Tenofovir Disoproxil Fumarate 600/300/300mg, tablets, 30 Tabs",Efavirenz/Lamivudine/Tenofovir Disoproxil Fumarate,Generic,600/300/300mg,Tablet - FDC,30.0,20000.0,265400.0,13.27,0.44,Mylan (formerly Matrix) Nashik,Yes,3943,67732.55,372.09,,,,,,,,,,,,,,,,,,,,,,,,,,
83078,107-RW-T30,FPQ-10015,SO-42480,DN-2848,Rwanda,PMO - US,From RDC,N/A - From RDC,Air,6/4/12,N/A - From RDC,28-Sep-12,13-Sep-12,13-Sep-12,ARV,Adult,SCMS from RDC,"Nevirapine 200mg, tablets, 60 Tabs",Nevirapine,Generic,200mg,Tablet,60.0,69922.0,170609.68,2.44,0.04,"Strides, Bangalore, India.",Yes,4444,26081.05,239.19,,,,,,,,,,,,,,,,,,,,,,,,,,
33684,104-CI-T30,FPQ-11294,SCMS-173130,ASN-19139,Côte d'Ivoire,PMO - US,Direct Drop,EXW,Air,12/14/12,1/15/13,26-Apr-13,26-Apr-13,26-Apr-13,HRDT,HIV test,"Orgenics, Ltd","HIV 1/2, Determine Complete HIV Kit, 100 Tests","HIV 1/2, Determine Complete HIV Kit",Determine,,Test kit,100.0,2953.0,236240.0,80.0,0.8,"Alere Medical Co., Ltd.",Yes,1284,23273.76,292.23,,,,,,,,,,,,,,,,,,,,,,,,,,
24884,110-ZM-T30,FPQ-9074,SCMS-134290,ASN-13651,Zambia,PMO - US,Direct Drop,EXW,Air,12/22/11,1/24/12,29-Feb-12,29-Feb-12,29-Feb-12,ARV,Adult,Aurobindo Pharma Limited,"Emtricitabine/Tenofovir Disoproxil Fumarate 200/300mg, tablets, 30 Tabs",Emtricitabine/Tenofovir Disoproxil Fumarate,Generic,200/300mg,Tablet - FDC,30.0,100000.0,735000.0,7.35,0.24,"Aurobindo Unit III, India",Yes,9369,50030.37,1030.47,,,,,,,,,,,,,,,,,,,,,,,,,,
85139,114-UG-T30,FPQ-5238,SO-36071,DN-1986,Uganda,PMO - US,From RDC,N/A - From RDC,Air,3/2/10,N/A - From RDC,29-Aug-10,27-Aug-10,27-Aug-10,ARV,Adult,SCMS from RDC,"Emtricitabine/Tenofovir Disoproxil Fumarate 200/300mg, tablets, 30 Tabs",Emtricitabine/Tenofovir Disoproxil Fumarate,Generic,200/300mg,Tablet - FDC,30.0,4000.0,47000.0,11.75,0.39,Mylan (formerly Matrix) Nashik,Yes,365,6068.75,101.33,,,,,,,,,,,,,,,,,,,,,,,,,,
39391,108-VN-T30,FPQ-15692,SCMS-274390,ASN-32267,Vietnam,PMO - US,Direct Drop,EXW,Air,1/28/15,2/17/15,10-Jul-15,7-Jul-15,7-Jul-15,ARV,Adult,HETERO LABS LIMITED,"Efavirenz/Lamivudine/Tenofovir Disoproxil Fumarate 600/300/300mg, tablets, 30 Tabs",Efavirenz/Lamivudine/Tenofovir Disoproxil Fumarate,Generic,600/300/300mg,Tablet - FDC,30.0,17760.0,177600.0,10.0,0.33,Hetero Unit III Hyderabad IN,Yes,2523,4784.19,209.04,,,,,,,,,,,,,,,,,,,,,,,,,,
83222,,,,,Guyana,,,,,,N/A - From RDC,,,,,,SCMS from RDC,,Emtricitabine/Tenofovir Disoproxil Fumarate,Generic,200/300mg,,,,,,,,,,,,105-GY-T30,SO-46810,DN-3577,PMO - US,From RDC,N/A - From RDC,Air,10/9/2013,5-Apr-14,16-Apr-14,12-May-14,ARV,Adult,"Emtricitabine/Tenofovir Disoproxil Fumarate 200/300mg, tablets, 30 Tabs",Tablet - FDC,30.0,2881.0,16911.47,5.87,0.2,"Aurobindo Unit III, India",Yes,274,4268.06,17.38,FPQ-13071
85733,104-CI-T30,FPQ-5925,SO-37130,DN-2095,Côte d'Ivoire,PMO - US,From RDC,N/A - From RDC,Air,6/23/10,N/A - From RDC,22-Feb-11,22-Feb-11,22-Feb-11,ARV,Adult,SCMS from RDC,"Lamivudine/Stavudine 150/30mg, tablets, 60 Tabs",Lamivudine/Stavudine,Generic,150/30mg,Tablet - FDC,60.0,33998.0,111513.44,3.28,0.05,Mylan (formerly Matrix) Nashik,Yes,7275,8758.36,240.42,,,,,,,,,,,,,,,,,,,,,,,,,,
82657,,,,,Uganda,,,,,,N/A - From RDC,,,,,,SCMS from RDC,,Lamivudine/Zidovudine,Generic,150/300mg,,,,,,,,,,,,114-UG-T30,SO-46870,DN-3589,PMO - US,From RDC,N/A - From RDC,Truck,10/16/2013,20-Apr-14,18-Apr-14,28-Apr-14,ARV,Adult,"Lamivudine/Zidovudine 150/300mg, tablets, 60 Tabs",Tablet - FDC,60.0,7693.0,51773.89,6.73,0.11,"Cipla, Goa, India",Yes,6909,4947.38,53.22,FPQ-13108
25085,,,,,Ethiopia,,,,,,11/24/2010,,,,,,"Trinity Biotech, Plc",,"HIV 1/2, Uni-Gold HIV Kit",Uni-Gold,,,,,,,,,,,,,117-ET-T30,SCMS-92050,ASN-10239,PMO - US,Direct Drop,EXW,Air,11/9/2010,8-Apr-11,8-Apr-11,8-Apr-11,HRDT,HIV test,"HIV 1/2, Uni-Gold HIV Kit, 20 Tests",Test kit,20.0,336.0,10752.0,32.0,1.6,"Trinity Biotech, Plc",Yes,Weight Captured Separately,1921.14,17.74,FPQ-6608
11665,,Pre-PQ Process,,,Nigeria,,,,,,N/A - From RDC,,,,,,SCMS from RDC,,Lamivudine/Nevirapine/Zidovudine,Generic,150/300/200mg,,,,,,,,,,,,151-NG-T01,SO-32645,DN-1339,PMO - US,From RDC,N/A - From RDC,Air Charter,Date Not Captured,4-Aug-09,4-Aug-09,4-Aug-09,ARV,Adult,"Lamivudine/Nevirapine/Zidovudine 150/200/300mg, tablets, 60 Tabs",Tablet - FDC,60.0,4501.0,51311.4,11.4,0.19,"Aurobindo Unit III, India",Yes,507,7445.8,100.57,
77565,900-CM-T30,FPQ-10654,SCMS-161720,ASN-17261,Cameroon,PMO - US,Direct Drop,EXW,Air,9/20/12,10/8/12,19-Dec-12,19-Dec-12,19-Dec-12,ARV,Adult,MYLAN LABORATORIES LTD (FORMERLY MATRIX LABORATORIES),"Efavirenz/Lamivudine/Tenofovir Disoproxil Fumarate 600/300/300mg, tablets, 30 Tabs",Efavirenz/Lamivudine/Tenofovir Disoproxil Fumarate,Generic,600/300/300mg,Tablet - FDC,30.0,26204.0,314185.96,11.99,0.4,Mylan (formerly Matrix) Nashik,Yes,3176,27939.91,440.49,,,,,,,,,,,,,,,,,,,,,,,,,,
79757,108-VN-T30,FPQ-7469,SCMS-106480,ASN-11908,Vietnam,PMO - US,Direct Drop,FCA,Air,3/31/11,4/21/11,22-Sep-11,22-Sep-11,22-Sep-11,ARV,Adult,ABBVIE LOGISTICS (FORMERLY ABBOTT LOGISTICS BV),"Lopinavir/Ritonavir 200/50mg [Aluvia], tablets, 120 Tabs",Lopinavir/Ritonavir,Aluvia,200/50mg,Tablet,120.0,4951.0,406972.2,82.2,0.68,ABBVIE Ludwigshafen Germany,Yes,1232,8108.91,671.5,,,,,,,,,,,,,,,,,,,,,,,,,,
85190,,,,,Ethiopia,,,,,,N/A - From RDC,,,,,,SCMS from RDC,,Efavirenz,Generic,600mg,,,,,,,,,,,,117-ET-T30,SO-39770,DN-2234,PMO - US,From RDC,N/A - From RDC,Air,5/23/2011,21-Jun-11,1-Jun-11,1-Jun-11,ARV,Adult,"Efavirenz 600mg, tablets, 30 Tabs",Tablet,30.0,49142.0,207379.24,4.22,0.14,Hetero Unit III Hyderabad IN,No,See DN-2234 (ID#:82386),See DN-2234 (ID#:82386),342.18,FPQ-7798
84789,,FPQ-10632,,,Zimbabwe,,,,,,N/A - From RDC,,,,,,SCMS from RDC,,Lamivudine/Zidovudine,Generic,150/300mg,,,,,,,,,,,,113-ZW-T30,SO-43210,DN-3030,PMO - US,From RDC,N/A - From RDC,Truck,9/11/2012,14-Mar-13,14-Mar-13,14-Mar-13,ARV,Adult,"Lamivudine/Zidovudine 150/300mg, tablets, 60 Tabs",Tablet - FDC,60.0,3600.0,26172.0,7.27,0.12,"Aurobindo Unit III, India",No,See DN-3030 (ID#:82549),See DN-3030 (ID#:82549),36.69,
9550,,Pre-PQ Process,,,Ethiopia,,,,,,1/3/2008,,,,,,ASPEN PHARMACARE,,Tenofovir Disoproxil Fumarate,Viread,300mg,,,,,,,,,,,,117-ET-T01,SCMS-16220,ASN-1329,PMO - US,Direct Drop,EXW,Air,Pre-PQ Process,4-Mar-08,4-Mar-08,4-Mar-08,ARV,Adult,"Tenofovir Disoproxil Fumarate 300mg [Viread], tablets, 30 Tabs",Tablet,30.0,780.0,7.8,0.01,0.0,"Aspen-OSD, Port Elizabeth, SA",No,See ASN-1329 (ID#:6896),See ASN-1329 (ID#:6896),0.01,
12201,,,,,Botswana,,,,,,N/A - From RDC,,,,,,SCMS from RDC,,"HIV 1/2, Uni-Gold HIV Kit",Uni-Gold,,,,,,,,,,,,,102-BW-T01,SO-2041,DN-678,PMO - US,From RDC,N/A - From RDC,Truck,Pre-PQ Process,25-Mar-08,25-Mar-08,25-Mar-08,HRDT,HIV test,"HIV 1/2, Uni-Gold HIV Kit, 20 Tests",Test kit,20.0,1000.0,32000.0,32.0,1.6,"Trinity Biotech, Plc",No,See DN-678 (ID#:12199),See DN-678 (ID#:12199),51.2,Pre-PQ Process
2147,117-ET-T01,Pre-PQ Process,SCMS-32640,ASN-2935,Ethiopia,PMO - US,Direct Drop,EXW,Air,Pre-PQ Process,10/27/08,3-Dec-08,3-Dec-08,3-Dec-08,HRDT,HIV test,"SHANGHAI KEHUA BIOENGINEERING CO.,LTD.  (KHB)","HIV 1/2, SKB Colloidal Gold, Diagnostic Kit, Antibody, 50 Tests","HIV 1/2, Colloidal Gold, Diagnostic Kit, Antibody",Colloidal Gold,,Test kit,1.0,3510.0,80730.0,23.0,23.0,"KHB Test Kit Facility, Shanghai China",Yes,2535,22433.91,158.23,,,,,,,,,,,,,,,,,,,,,,,,,,
81020,,FPQ-5035,,,Nigeria,,,,,,3/9/2010,,,,,,ABBVIE LOGISTICS (FORMERLY ABBOTT LOGISTICS BV),,Ritonavir,Norvir,100mg,,,,,,,,,,,,151-NG-T30,SCMS-67010,ASN-6723,PMO - US,Direct Drop,FCA,Air,2/15/2010,17-May-10,17-May-10,17-May-10,ARV,Adult,"Ritonavir 100mg [Norvir], capsules, cool, 4 x 84 Caps",Capsule,336.0,50.0,1918.0,38.36,0.11,ABBVIE (Abbott) Logis. UK,Yes,154,1176.03,4.14,
85103,,,,,Uganda,,,,,,N/A - From RDC,,,,,,SCMS from RDC,,Lamivudine/Zidovudine,Generic,150/300mg,,,,,,,,,,,,114-UG-T30,SO-36110,DN-1772,PMO - US,From RDC,N/A - From RDC,Air,3/2/2010,2-Jun-10,22-Apr-10,22-Apr-10,ARV,Adult,"Lamivudine/Zidovudine 150/300mg, tablets, 60 Tabs",Tablet - FDC,60.0,1600.0,14016.0,8.76,0.15,Hetero Unit III Hyderabad IN,Yes,13,1758.6,30.22,FPQ-5239
53650,,,,,South Africa,,,,,,5/5/2010,,,,,,S. BUYS WHOLESALER,,Abacavir,Ziagen,20mg/ml,,,,,,,,,,,,116-ZA-T30,SCMS-72760,ASN-7116,PMO - US,Direct Drop,DDP,Truck,4/30/2010,14-May-10,14-May-10,14-May-10,ARV,Pediatric,"Abacavir 20mg/ml [Ziagen], oral solution, Bottle, 240 ml",Oral solution,240.0,40.0,656.64,16.42,0.07,GSK Mississauga (Canada),Yes,Weight Captured Separately,Freight Included in Commodity Cost,1.42,FPQ-5630
12183,,,,,Guyana,,,,,,N/A - From RDC,,,,,,SCMS from RDC,,Nevirapine,Generic,200mg,,,,,,,,,,,,105-GY-T01,SO-11630,DN-841,PMO - US,From RDC,N/A - From RDC,Air,Pre-PQ Process,25-Jul-08,25-Jul-08,25-Jul-08,ARV,Adult,"Nevirapine 200mg, tablets, 60 Tabs",Tablet,60.0,3710.0,12614.0,3.4,0.06,"Aurobindo Unit III, India",No,See DN-841 (ID#:11540),See DN-841 (ID#:11540),20.18,Pre-PQ Process
86699,,FPQ-14574,,,South Sudan,,,,,,N/A - From RDC,,,,,,SCMS from RDC,,Efavirenz,Generic,600mg,,,,,,,,,,,,103-SS-T30,SO-49370,DN-3891,PMO - US,From RDC,N/A - From RDC,Air,7/14/2014,2-Oct-14,17-Oct-14,13-Nov-14,ARV,Adult,"Efavirenz 600mg, tablets, 30 Tabs",Tablet,30.0,4488.0,14406.48,3.21,0.11,"Cipla, Goa, India",No,See DN-3891 (ID#:86103),See DN-3891 (ID#:86103),14.81,
86269,,FPQ-4659,,,Côte d'Ivoire,,,,,,N/A - From RDC,,,,,,SCMS from RDC,,Stavudine,Generic,15mg,,,,,,,,,,,,104-CI-T30,SO-35581,DN-1655,PMO - US,From RDC,N/A - From RDC,Air,12/8/2009,28-Jun-10,1-Mar-10,1-Mar-10,ARV,Adult,"Stavudine 15mg, capsules, 60 Caps",Capsule,60.0,864.0,1296.0,1.5,0.02,"Aurobindo Unit III, India",Yes,56,3688.33,2.79,
62319,114-UG-T30,FPQ-5017,SCMS-65110,ASN-6369,Uganda,PMO - US,Direct Drop,FCA,Air,2/9/10,2/10/10,24-Mar-10,24-Mar-10,24-Mar-10,ARV,Adult,ABBVIE LOGISTICS (FORMERLY ABBOTT LOGISTICS BV),"Lopinavir/Ritonavir 200/50mg [Aluvia], tablets, 120 Tabs",Lopinavir/Ritonavir,Aluvia,200/50mg,Tablet,120.0,480.0,17356.8,36.16,0.3,ABBVIE Ludwigshafen Germany,Yes,127,1400.91,37.42,,,,,,,,,,,,,,,,,,,,,,,,,,
70823,114-UG-T30,FPQ-11141,SCMS-171970,ASN-20132,Uganda,PMO - US,Direct Drop,FCA,Air,12/13/12,1/11/13,5-Jul-13,5-Jul-13,5-Jul-13,ARV,Adult,ABBVIE LOGISTICS (FORMERLY ABBOTT LOGISTICS BV),"Ritonavir 100mg [Norvir], film coated tablets, 60 Tabs",Ritonavir,Norvir,100mg,Tablet,60.0,337.0,2308.45,6.85,0.11,ABBVIE Ludwigshafen Germany,Yes,55,1013.7,2.86,,,,,,,,,,,,,,,,,,,,,,,,,,
73275,116-ZA-T30,FPQ-12522,SCMS-199288,ASN-27195,South Africa,PMO - US,Direct Drop,DDP,Truck,7/11/13,7/10/14,10-Jul-14,10-Jul-14,10-Jul-14,ARV,Pediatric,S. BUYS WHOLESALER,"Lopinavir/Ritonavir 80/20mg/ml [Kaletra], oral solution, cool, Bottle 5 x 60 ml",Lopinavir/Ritonavir,Kaletra,80/20mg/ml,Oral solution,300.0,3.0,70.35,23.45,0.08,ABBVIE (Abbott) Logis. UK,Yes,Weight Captured Separately,Freight Included in Commodity Cost,0.09,,,,,,,,,,,,,,,,,,,,,,,,,,
85041,,,,,Zimbabwe,,,,,,N/A - From RDC,,,,,,SCMS from RDC,,Lamivudine/Zidovudine,Generic,30/60mg,,,,,,,,,,,,103-ZW-T30,SO-50020,DN-4307,PMO - US,From RDC,N/A - From RDC,Truck,10/16/2014,31-Jul-15,15-Jul-15,20-Jul-15,ARV,Pediatric,"Lamivudine/Zidovudine 30/60mg, dispersible tablets, 60 Tabs",Chewable/dispersible tablet - FDC,60.0,2741.0,5454.59,1.99,0.03,"Mylan,  H-12 & H-13, India",No,See DN-4307 (ID#:83920),See DN-4307 (ID#:83920),6.42,FPQ-15197
3747,116-ZA-T01,Pre-PQ Process,SCMS-41100,ASN-4018,South Africa,PMO - US,Direct Drop,DDP,Air,Pre-PQ Process,3/13/09,17-Jun-09,3-Apr-09,3-Apr-09,ARV,Adult,S. BUYS WHOLESALER,"Zidovudine 300mg, tablets, 60 Tabs",Zidovudine,Generic,300mg,Tablet,60.0,1977.0,23091.36,11.68,0.19,"Aurobindo Unit III, India",Yes,Weight Captured Separately,Freight Included in Commodity Cost,45.26,,,,,,,,,,,,,,,,,,,,,,,,,,
76136,110-ZM-T30,FPQ-14827,SCMS-256510,ASN-29093,Zambia,PMO - US,Direct Drop,EXW,Air,8/19/14,9/19/14,11-Mar-15,11-Mar-15,31-Mar-15,HRDT,HIV test,"Orgenics, Ltd","HIV 1/2, Determine Complete HIV Kit, 100 Tests","HIV 1/2, Determine Complete HIV Kit",Determine,,Test kit,100.0,6322.0,505760.0,80.0,0.8,"Alere Medical Co., Ltd.",Yes,2564,37444.1,519.92,,,,,,,,,,,,,,,,,,,,,,,,,,
6488,123-NG-T01,Pre-PQ Process,SCMS-43910,ASN-4959,Nigeria,PMO - US,Direct Drop,EXW,Air,Pre-PQ Process,4/10/09,27-Oct-09,27-Oct-09,27-Oct-09,ACT,ACT,MISSIONPHARMA A/S,"Artemether/Lumefantrine 20/120mg [Coartem], scored tablets, Blister 30 x 18 Tabs",Artemether/Lumefantrine,Coartem,20/120mg,Tablet - FDC + blister,540.0,2000.0,70420.0,35.21,0.07,"Novartis Pharma Suffern, USA",Yes,10,14515.44,138.02,,,,,,,,,,,,,,,,,,,,,,,,,,
35493,,,,,Zambia,,,,,,5/13/2013,,,,,,Aurobindo Pharma Limited,,Emtricitabine/Tenofovir Disoproxil Fumarate,Generic,200/300mg,,,,,,,,,,,,110-ZM-T30,SCMS-188800,ASN-21073,PMO - US,Direct Drop,EXW,Air,4/19/2013,27-Aug-13,27-Aug-13,27-Aug-13,ARV,Adult,"Emtricitabine/Tenofovir Disoproxil Fumarate 200/300mg, tablets, 30 Tabs",Tablet - FDC,30.0,79620.0,469758.0,5.9,0.2,"Aurobindo Unit III, India",Yes,7133,40583.63,581.09,FPQ-11979
12613,,,,,Nigeria,,,,,,N/A - From RDC,,,,,,SCMS from RDC,,Emtricitabine/Tenofovir Disoproxil Fumarate,Generic,200/300mg,,,,,,,,,,,,151-NG-T01,SO-27820,DN-1440,PMO - US,From RDC,N/A - From RDC,Air Charter,Date Not Captured,20-Oct-09,20-Oct-09,20-Oct-09,ARV,Adult,"Emtricitabine/Tenofovir Disoproxil Fumarate 200/300mg, tablets, 30 Tabs",Tablet - FDC,30.0,121280.0,1425040.0,11.75,0.39,Mylan (formerly Matrix) Nashik,Yes,9813,9341.49,2793.08,Pre-PQ Process
11512,,Pre-PQ Process,,,Côte d'Ivoire,,,,,,N/A - From RDC,,,,,,SCMS from RDC,,Saquinavir,Invirase,200mg,,,,,,,,,,,,104-CI-T01,SO-971,DN-421,PMO - US,From RDC,N/A - From RDC,Air,Pre-PQ Process,17-Jan-08,17-Jan-08,17-Jan-08,ARV,Adult,"Saquinavir 200mg [Invirase], capsules, 270 Caps",Capsule,270.0,332.0,26108.48,78.64,0.29,Roche Basel,No,See DN-421 (ID#:10919),See DN-421 (ID#:10919),41.77,
28545,,,,,Botswana,,,,,,3/25/2009,,,,,,Orasure Technologies Inc.,,"HIV 1/2, OraQuick Advance HIV Rapid Antibody Kit",OraQuick,,,,,,,,,,,,,144-BW-T30,SCMS-41860,ASN-5606,PMO - US,Direct Drop,EXW,Air,3/10/2009,5-Feb-10,5-Feb-10,5-Feb-10,HRDT,HIV test,"HIV 1/2, OraQuick Advance HIV Rapid Antibody Kit, 100 Tests",Test kit,100.0,20.0,7000.0,350.0,3.5,"Pacific Biotech, Thailand",Yes,48,1716.47,13.72,FPQ-4207
11680,114-UG-T01,Pre-PQ Process,SO-32150,DN-1418,Uganda,PMO - US,From RDC,N/A - From RDC,Air,Date Not Captured,N/A - From RDC,11-Sep-09,11-Sep-09,11-Sep-09,ARV,Adult,SCMS from RDC,"Lamivudine/Zidovudine 150/300mg, tablets, 60 Tabs",Lamivudine/Zidovudine,Generic,150/300mg,Tablet - FDC,60.0,13000.0,113880.0,8.76,0.15,Mylan (formerly Matrix) Nashik,Yes,1051,6575.7,223.2,,,,,,,,,,,,,,,,,,,,,,,,,,
83532,,,,,Nigeria,,,,,,N/A - From RDC,,,,,,SCMS from RDC,,Stavudine,Generic,30mg,,,,,,,,,,,,151-NG-T30,SO-39993,DN-2352,PMO - US,From RDC,N/A - From RDC,Air Charter,6/6/2011,3-Nov-11,28-Sep-11,28-Sep-11,ARV,Adult,"Stavudine 30mg, capsules, 60 Caps",Capsule,60.0,1000.0,1400.0,1.4,0.02,"Aurobindo Unit III, India",Yes,108,18495.9,2.31,FPQ-7812
84783,,FPQ-10477,,,Nigeria,,,,,,N/A - From RDC,,,,,,SCMS from RDC,,Emtricitabine/Tenofovir Disoproxil Fumarate,Generic,200/300mg,,,,,,,,,,,,151-NG-T30,SO-43042,DN-2994,PMO - US,From RDC,N/A - From RDC,Air Charter,8/9/2012,11-Feb-13,11-Feb-13,11-Feb-13,ARV,Adult,"Emtricitabine/Tenofovir Disoproxil Fumarate 200/300mg, tablets, 30 Tabs",Tablet - FDC,30.0,8326.0,53119.88,6.38,0.21,"Aurobindo Unit III, India",No,See DN-2994 (ID#:82541),See DN-2994 (ID#:82541),74.47,
12167,,Pre-PQ Process,,,Guyana,,,,,,N/A - From RDC,,,,,,SCMS from RDC,,"HIV 1/2, Stat-Pak HIV, Kit",Stat-Pak,,,,,,,,,,,,,102-GY-T01,SO-1005,DN-618,PMO - US,From RDC,N/A - From RDC,,Pre-PQ Process,21-Feb-08,21-Feb-08,21-Feb-08,HRDT,HIV test,"HIV 1/2, Stat-Pak HIV, Kit, 20 Tests",Test kit,20.0,45.0,1215.0,27.0,1.35,Chembio Diagnostics Sys. Inc.,Yes,13,798.58,1.94,
85036,,FPQ-14989,,,Nigeria,,,,,,N/A - From RDC,,,,,,SCMS from RDC,,Efavirenz/Lamivudine/Tenofovir Disoproxil Fumarate,Generic,600/300/300mg,,,,,,,,,,,,151-NG-T30,SO-51428,DN-4291,PMO - US,From RDC,N/A - From RDC,Air Charter,9/19/2014,30-Jun-15,2-Jun-15,17-Jun-15,ARV,Adult,"Efavirenz/Lamivudine/Tenofovir Disoproxil Fumarate 600/300/300mg, tablets, 30 Tabs",Tablet - FDC,30.0,121000.0,1161600.0,9.6,0.32,Hetero Unit III Hyderabad IN,Yes,35884,68103.71,1194.12,
10723,,,,,Haiti,,,,,,N/A - From RDC,,,,,,SCMS from RDC,,Zidovudine,Generic,10mg/ml,,,,,,,,,,,,106-HT-T01,SO-12160,DN-930,PMO - US,From RDC,N/A - From RDC,Air,Pre-PQ Process,6-Oct-08,6-Oct-08,6-Oct-08,ARV,Pediatric,"Zidovudine 10mg/ml, oral solution, Bottle, 240 ml",Oral solution,240.0,9187.0,19292.7,2.1,0.01,"Aurobindo Unit III, India",Yes,3435,40301.65,30.87,Pre-PQ Process
12172,114-UG-T01,Pre-PQ Process,SO-2342,DN-715,Uganda,PMO - US,From RDC,N/A - From RDC,Air,Pre-PQ Process,N/A - From RDC,2-Jun-08,2-Jun-08,2-Jun-08,ARV,Adult,SCMS from RDC,"Efavirenz 600mg, tablets, 30 Tabs",Efavirenz,Generic,600mg,Tablet,30.0,860.0,10328.6,12.01,0.4,"Aurobindo Unit III, India",Yes,76,675,16.53,,,,,,,,,,,,,,,,,,,,,,,,,,
12862,,Pre-PQ Process,,,Nigeria,,,,,,N/A - From RDC,,,,,,SCMS from RDC,,Nevirapine,Generic,200mg,,,,,,,,,,,,123-NG-T01,SO-2554,DN-960,PMO - US,From RDC,N/A - From RDC,Air,Pre-PQ Process,30-Oct-08,30-Oct-08,30-Oct-08,ARV,Adult,"Nevirapine 200mg, tablets, 60 Tabs",Tablet,60.0,6002.0,20406.8,3.4,0.06,"Aurobindo Unit III, India",No,See DN-960 (ID#:11945),See DN-960 (ID#:11945),40.0,
83637,111-MZ-T30,FPQ-10210,SO-42850,DN-2928,Mozambique,PMO - US,From RDC,N/A - From RDC,Truck,6/28/12,N/A - From RDC,11-Jan-13,11-Jan-13,11-Jan-13,ARV,Adult,SCMS from RDC,"Nevirapine 200mg, tablets, 60 Tabs",Nevirapine,Generic,200mg,Tablet,60.0,1890.0,4573.8,2.42,0.04,"Aurobindo Unit III, India",Yes,4145,7433.02,6.41,,,,,,,,,,,,,,,,,,,,,,,,,,
6062,119-NA-T01,Pre-PQ Process,SCMS-31180,ASN-2717,Namibia,PMO - US,Direct Drop,EXW,Air,Pre-PQ Process,9/24/08,29-Oct-08,29-Oct-08,29-Oct-08,HRDT,HIV test - Ancillary,"Orgenics, Ltd","HIV, Lancet, Safety, for HIV Test kits, 100 Pcs","HIV, Lancet, Safety, for HIV Test kits, 100 Pcs",Generic,,Test kit - Ancillary,100.0,150.0,1.5,0.01,0.0,Inverness Japan,No,See ASN-2717 (ID#:791),See ASN-2717 (ID#:791),0.0,,,,,,,,,,,,,,,,,,,,,,,,,,
38192,,FPQ-10765,,,Nigeria,,,,,,10/16/2012,,,,,,"Orgenics, Ltd",,"HIV 1/2, Determine Complete HIV Kit",Determine,,,,,,,,,,,,,133-NG-T30,SCMS-162440,ASN-17526,PMO - US,Direct Drop,EXW,Air,10/5/2012,9-Jan-13,8-Jan-13,8-Jan-13,HRDT,HIV test,"HIV 1/2, Determine Complete HIV Kit, 100 Tests",Test kit,100.0,2744.0,244216.0,89.0,0.89,"Alere Medical Co., Ltd.",Yes,1186,24927.19,342.39,
28960,116-ZA-T30,FPQ-13035,SCMS-215370,ASN-24415,South Africa,PMO - US,Direct Drop,DDP,Truck,10/8/13,12/2/13,6-Feb-14,6-Feb-14,6-Feb-14,ARV,Adult,S. BUYS WHOLESALER,"Efavirenz 600mg, tablets, 30 Tabs",Efavirenz,Generic,600mg,Tablet,30.0,1131.0,17468.66,15.45,0.52,"Aurobindo Unit III, India",No,Weight Captured Separately,Freight Included in Commodity Cost,21.61,,,,,,,,,,,,,,,,,,,,,,,,,,
82892,117-ET-T30,FPQ-5581,SO-36690,DN-1857,Ethiopia,PMO - US,From RDC,N/A - From RDC,Air,4/28/10,N/A - From RDC,21-Jun-10,1-Jun-10,1-Jun-10,ARV,Adult,SCMS from RDC,"Lamivudine 150mg, tablets, 60 Tabs",Lamivudine,Generic,150mg,Tablet,60.0,69.0,168.36,2.44,0.04,"Aurobindo Unit III, India",Yes,77,961.46,0.36,,,,,,,,,,,,,,,,,,,,,,,,,,
12616,,Pre-PQ Process,,,Ethiopia,,,,,,N/A - From RDC,,,,,,SCMS from RDC,,Lamivudine,Generic,150mg,,,,,,,,,,,,117-ET-T01,SO-33630,DN-1471,PMO - US,From RDC,N/A - From RDC,Air,Date Not Captured,6-Oct-09,6-Oct-09,6-Oct-09,ARV,Adult,"Lamivudine 150mg, tablets, 60 Tabs",Tablet,60.0,4275.0,10431.0,2.44,0.04,"Aurobindo Unit III, India",No,See DN-1471 (ID#:12015),See DN-1471 (ID#:12015),20.44,
33263,,FPQ-9621,,,Haiti,,,,,,8/3/2012,,,,,,LAWRENCE LABORATORIES (SUBSIDIARY OF BRISTOL MYERS SQUIBB),,Didanosine,Videx,2g,,,,,,,,,,,,106-HT-T30,SCMS-147160,ASN-16866,PMO - US,Direct Drop,FCA,Air,4/20/2012,8-Nov-12,8-Nov-12,8-Nov-12,ARV,Pediatric,"Didanosine 2g [Videx], powder for oral solution 10mg/ml, reconstitute to 200 ml",Powder for oral solution,200.0,98.0,1233.82,12.59,0.06,Bristol-Myers Squibb Anagni IT,Yes,22,1662.72,1.73,
83375,114-UG-T30,FPQ-4475,SO-34160,DN-1506,Uganda,PMO - US,From RDC,N/A - From RDC,Air,9/2/09,N/A - From RDC,20-Nov-09,10-Nov-09,10-Nov-09,ARV,Adult,SCMS from RDC,"Lamivudine/Tenofovir Disoproxil Fumarate 300/300mg, tablets, 30 Tabs",Lamivudine/Tenofovir Disoproxil Fumarate,Generic,300/300mg,Tablet - FDC,30.0,200.0,2000.0,10.0,0.33,Mylan (formerly Matrix) Nashik,Yes,44,1483.39,3.92,,,,,,,,,,,,,,,,,,,,,,,,,,
12670,,Pre-PQ Process,,,Côte d'Ivoire,,,,,,N/A - From RDC,,,,,,SCMS from RDC,,Abacavir,Generic,300mg,,,,,,,,,,,,104-CI-T01,SO-774,DN-242,PMO - US,From RDC,N/A - From RDC,Air,Pre-PQ Process,21-Aug-07,21-Aug-07,21-Aug-07,ARV,Adult,"Abacavir 300mg, tablets, 60 Tabs",Tablet,60.0,3200.0,114560.0,35.8,0.6,"Aurobindo Unit III, India",No,See DN-242 (ID#:12077),See DN-242 (ID#:12077),183.3,
34772,,,,,South Africa,,,,,,3/28/2011,,,,,,STRIDES ARCOLAB LIMITED,,Lamivudine,Generic,150mg,,,,,,,,,,,,161-ZA-T30,SCMS-103890,ASN-11307,PMO - US,Direct Drop,DDP,Ocean,3/10/2011,2-Sep-11,2-Sep-11,2-Sep-11,ARV,Adult,"Lamivudine 150mg, tablets, 60 Tabs",Tablet,60.0,515000.0,1251450.0,2.43,0.04,"Strides, Bangalore, India.",Yes,23273,31656.61,2064.89,FPQ-7175
82782,107-RW-T30,FPQ-14111,SO-48810,DN-4149,Rwanda,PMO - US,From RDC,N/A - From RDC,Truck,4/22/14,N/A - From RDC,31-Mar-15,24-Mar-15,24-Mar-15,ARV,Adult,SCMS from RDC,"Lamivudine/Tenofovir Disoproxil Fumarate 300/300mg, tablets, 30 Tabs",Lamivudine/Tenofovir Disoproxil Fumarate,Generic,300/300mg,Tablet - FDC,30.0,21868.0,100374.12,4.59,0.15,Ranbaxy per Shasun Pharma,Yes,4326,9426.33,103.18,,,,,,,,,,,,,,,,,,,,,,,,,,
6405,,,,,South Africa,,,,,,Date Not Captured,,,,,,S. BUYS WHOLESALER,,Zidovudine,Retrovir,300mg,,,,,,,,,,,,116-ZA-T01,SCMS-41190,ASN-3732,PMO - US,Direct Drop,DDP,Air,Pre-PQ Process,30-Mar-09,21-Jan-09,21-Jan-09,ARV,Adult,"Zidovudine 300mg [Retrovir], tablets, 60 Tabs",Tablet,60.0,800.0,9856.0,12.32,0.21,GSK Aranda,No,Weight Captured Separately,Freight Included in Commodity Cost,19.32,Pre-PQ Process
1221,,,,,South Africa,,,,,,6/5/2009,,,,,,S. BUYS WHOLESALER,,Ritonavir,Norvir,100mg,,,,,,,,,,,,116-ZA-T01,SCMS-46970,ASN-4821,PMO - US,Direct Drop,DDP,Truck,Pre-PQ Process,28-Jul-09,28-Jul-09,28-Jul-09,ARV,Adult,"Ritonavir 100mg [Norvir], capsules, cool, 84 Caps",Capsule,84.0,50.0,490.0,9.8,0.12,ABBVIE (Abbott) Logis. UK,Yes,Weight Captured Separately,Freight Included in Commodity Cost,0.96,Pre-PQ Process
84550,110-ZM-T30,FPQ-4273,SO-33720,DN-1775,Zambia,PMO - US,From RDC,N/A - From RDC,Truck,9/17/09,N/A - From RDC,30-Apr-10,16-Apr-10,16-Apr-10,ARV,Adult,SCMS from RDC,"Abacavir 300mg, tablets, 60 Tabs",Abacavir,Generic,300mg,Tablet,60.0,2600.0,54574.0,20.99,0.35,Mylan (formerly Matrix) Nashik,Yes,8819,8022.59,106.97,,,,,,,,,,,,,,,,,,,,,,,,,,
82595,,FPQ-12033,,,"Congo, DRC",,,,,,N/A - From RDC,,,,,,SCMS from RDC,,Lamivudine/Zidovudine,Generic,150/300mg,,,,,,,,,,,,101-CD-T30,SO-45020,DN-3268,PMO - US,From RDC,N/A - From RDC,Air,4/8/2013,27-Aug-13,8-Feb-14,11-Mar-14,ARV,Adult,"Lamivudine/Zidovudine 150/300mg, tablets, 60 Tabs",Tablet - FDC,60.0,10590.0,74130.0,7.0,0.12,Hetero Unit III Hyderabad IN,Yes,5426,20499.33,91.7,
50498,,FPQ-15269,,,South Africa,,,,,,12/10/2014,,,,,,S. BUYS WHOLESALER,,Lamivudine,Generic,10mg/ml,,,,,,,,,,,,116-ZA-T30,SCMS-267020,ASN-29764,PMO - US,Direct Drop,DDP,Truck,10/29/2014,10-Dec-14,10-Dec-14,10-Dec-14,ARV,Pediatric,"Lamivudine 10mg/ml, oral solution, Bottle, 240 ml",Oral solution,240.0,36.0,228.01,6.33,0.03,"Aurobindo Unit III, India",No,Weight Captured Separately,Freight Included in Commodity Cost,0.27,
10654,,Pre-PQ Process,,,Mozambique,,,,,,N/A - From RDC,,,,,,SCMS from RDC,,Lamivudine/Stavudine,Generic,150/30mg,,,,,,,,,,,,111-MZ-T01,SO-1039,DN-628,PMO - US,From RDC,N/A - From RDC,Air,Pre-PQ Process,8-Apr-08,5-Apr-08,5-Apr-08,ARV,Adult,"Lamivudine/Stavudine 150/30mg, tablets, 30 Tabs",Tablet - FDC,30.0,52240.0,104480.0,2.0,0.07,"Cipla, Goa, India",Yes,4230,8771.34,167.17,
83043,,,,,Zimbabwe,,,,,,N/A - From RDC,,,,,,SCMS from RDC,,Lamivudine/Nevirapine/Stavudine,Generic,150/200/30mg,,,,,,,,,,,,113-ZW-T30,SO-40901,DN-2695,PMO - US,From RDC,N/A - From RDC,Truck,10/4/2011,11-Dec-12,27-Jun-12,27-Jun-12,ARV,Adult,"Lamivudine/Nevirapine/Stavudine 150/200/30mg, tablets, 60 Tabs",Tablet - FDC,60.0,71030.0,333841.0,4.7,0.08,"Strides, Bangalore, India.",Yes,6990,5530.11,550.84,FPQ-8464
26117,116-ZA-T30,FPQ-14942,SCMS-295800,ASN-33865,South Africa,PMO - US,Direct Drop,DDP,Truck,9/11/14,8/24/15,24-Aug-15,24-Aug-15,24-Aug-15,ARV,Adult,PHARMACY DIRECT,"Lamivudine/Zidovudine 150/300mg, tablets, 60 Tabs",Lamivudine/Zidovudine,Generic,150/300mg,Tablet - FDC,60.0,24.0,551.92,23.0,0.38,"Aurobindo Unit III, India",No,Weight Captured Separately,Freight Included in Commodity Cost,0.57,,,,,,,,,,,,,,,,,,,,,,,,,,
47642,,,,,"Congo, DRC",,,,,,3/17/2015,,,,,,"Orgenics, Ltd",,"HIV 1/2, Determine Complete HIV Kit",Determine,,,,,,,,,,,,,101-CD-T30,SCMS-280220,ASN-32231,PMO - US,Direct Drop,EXW,Air,3/10/2015,23-Jul-15,23-Jul-15,29-Jul-15,HRDT,HIV test,"HIV 1/2, Determine Complete HIV Kit, 100 Tests",Test kit,100.0,262.0,20960.0,80.0,0.8,"Alere Medical Co., Ltd.",No,See ASN-32231 (ID#:13648),See ASN-32231 (ID#:13648),24.67,FPQ-16001
5365,,,,,Haiti,,,,,,7/26/2007,,,,,,"Orgenics, Ltd",,"HIV, Lancet, Safety, for HIV Test kits, 100 Pcs",Generic,,,,,,,,,,,,,100-HT-T01,SCMS-10080,ASN-664,PMO - US,Direct Drop,EXW,Air,Pre-PQ Process,13-Aug-07,13-Aug-07,13-Aug-07,HRDT,HIV test - Ancillary,"HIV, Lancet, Safety, for HIV Test kits, 100 Pcs",Test kit - Ancillary,100.0,450.0,4.5,0.01,0.0,Inverness Japan,Yes,Weight Captured Separately,Invoiced Separately,0.01,Pre-PQ Process
82645,104-CI-T30,FPQ-11254,SO-44140,DN-3509,Côte d'Ivoire,PMO - US,From RDC,N/A - From RDC,Truck,12/14/12,N/A - From RDC,31-Jan-14,12-Feb-14,4-Mar-14,ARV,Pediatric,SCMS from RDC,"Abacavir/Lamivudine 60/30mg, tablets, 60 Tabs",Abacavir/Lamivudine,Generic,60/30mg,Tablet - FDC,60.0,2200.0,8800.0,4.0,0.07,"Aurobindo Unit III, India",Yes,105,2151.95,10.89,,,,,,,,,,,,,,,,,,,,,,,,,,
41099,161-ZA-T30,FPQ-5303,SCMS-68740,ASN-8174,South Africa,PMO - US,Direct Drop,DDP,Air,3/18/10,3/19/10,1-Sep-10,11-Oct-10,11-Oct-10,ARV,Adult,CIPLA LIMITED,"Tenofovir Disoproxil Fumarate 300mg, tablets, 30 Tabs",Tenofovir Disoproxil Fumarate,Generic,300mg,Tablet,30.0,83238.0,650921.16,7.82,0.26,"Cipla, Goa, India",Yes,5663,5298.02,1403.39,,,,,,,,,,,,,,,,,,,,,,,,,,
78729,108-VN-T30,FPQ-4720,SCMS-62470,ASN-6341,Vietnam,PMO - US,Direct Drop,EXW,Air,1/4/09,1/12/10,1-Apr-10,1-Apr-10,1-Apr-10,ARV,Adult,MYLAN LABORATORIES LTD (FORMERLY MATRIX LABORATORIES),"Lamivudine 150mg, tablets, 60 Tabs",Lamivudine,Generic,150mg,Tablet,60.0,16800.0,43680.0,2.6,0.04,Mylan (formerly Matrix) Nashik,No,See ASN-6341 (ID#:29298),See ASN-6341 (ID#:29298),94.17,,,,,,,,,,,,,,,,,,,,,,,,,,
15687,,,,,South Africa,,,,,,3/19/2010,,,,,,Aurobindo Pharma Limited,,Lamivudine,Generic,10mg/ml,,,,,,,,,,,,161-ZA-T30,SCMS-68980,ASN-7526,PMO - US,Direct Drop,DDP,Air,3/18/2010,24-Aug-10,24-Aug-10,24-Aug-10,ARV,Pediatric,"Lamivudine 10mg/ml, oral solution w/syringe, Bottle, 240 ml",Oral solution,240.0,8474.0,25422.0,3.0,0.01,"Aurobindo Unit III, India",Yes,3206,2154.51,54.81,FPQ-5303
25522,,,,,Vietnam,,,,,,10/18/2010,,,,,,HETERO LABS LIMITED,,Nevirapine,Generic,200mg,,,,,,,,,,,,108-VN-T30,SCMS-87770,ASN-9407,PMO - US,Direct Drop,EXW,Air,9/30/2010,9-Feb-11,9-Feb-11,9-Feb-11,ARV,Adult,"Nevirapine 200mg, tablets, 60 Tabs",Tablet,60.0,5977.0,14524.11,2.43,0.04,Hetero Unit III Hyderabad IN,No,See ASN-9407 (ID#:17697),See ASN-9407 (ID#:17697),31.31,FPQ-6384
15999,109-TZ-T30,FPQ-12540,SCMS-198780,ASN-20860,Tanzania,PMO - US,Direct Drop,EXW,Air,7/3/13,7/16/13,24-Sep-13,24-Sep-13,24-Sep-13,ARV,Adult,Aurobindo Pharma Limited,"Lamivudine/Nevirapine/Zidovudine 150/200/300mg, tablets, 60 Tabs",Lamivudine/Nevirapine/Zidovudine,Generic,150/300/200mg,Tablet - FDC,60.0,36426.0,296143.38,8.13,0.14,"Aurobindo Unit III, India",Yes,4609,17581.92,366.33,,,,,,,,,,,,,,,,,,,,,,,,,,
71784,,,,,Vietnam,,,,,,4/30/2014,,,,,,HETERO LABS LIMITED,,Abacavir,Generic,300mg,,,,,,,,,,,,108-VN-T30,SCMS-236060,ASN-27812,PMO - US,Direct Drop,EXW,Air,4/8/2014,22-Sep-14,22-Sep-14,4-Nov-14,ARV,Adult,"Abacavir 300mg, tablets, 60 Tabs",Tablet,60.0,500.0,5725.0,11.45,0.19,Hetero Unit III Hyderabad IN,No,See ASN-27812 (ID#:25926),See ASN-27812 (ID#:25926),5.89,FPQ-13976
12557,,Pre-PQ Process,,,Côte d'Ivoire,,,,,,N/A - From RDC,,,,,,SCMS from RDC,,Lamivudine,Generic,10mg/ml,,,,,,,,,,,,104-CI-T01,SO-21840,DN-1120,PMO - US,From RDC,N/A - From RDC,Air,Pre-PQ Process,26-May-09,26-May-09,26-May-09,ARV,Pediatric,"Lamivudine 10mg/ml, oral solution, Bottle, 240 ml",Oral solution,240.0,3060.0,5814.0,1.9,0.01,"Aurobindo Unit III, India",No,See DN-1120 (ID#:12556),See DN-1120 (ID#:12556),11.4,
81521,,,,,South Africa,,,,,,9/21/2010,,,,,,CIPLA LIMITED,,Tenofovir Disoproxil Fumarate,Generic,300mg,,,,,,,,,,,,161-ZA-T30,SCMS-84210,ASN-9694,PMO - US,Direct Drop,DDP,Ocean,8/31/2010,9-Feb-11,14-Mar-11,14-Mar-11,ARV,Adult,"Tenofovir Disoproxil Fumarate 300mg, tablets, 30 Tabs",Tablet,30.0,57577.0,404766.31,7.03,0.23,"Cipla, Goa, India",Yes,3950,6639.35,872.68,FPQ-6262
67244,,,,,Rwanda,,,,,,8/12/2013,,,,,,"SHANGHAI KEHUA BIOENGINEERING CO.,LTD.  (KHB)",,"HIV 1/2, Colloidal Gold, Diagnostic Kit, Antibody",Colloidal Gold,,,,,,,,,,,,,107-RW-T30,SCMS-198222,ASN-24717,PMO - US,Direct Drop,EXW,Air,6/21/2013,27-Mar-14,27-Mar-14,27-Mar-14,HRDT,HIV test,"HIV 1/2, SKB Colloidal Gold, Diagnostic Kit, Antibody, 50 Tests",Test kit,1.0,2988.0,73206.0,24.5,24.5,"KHB Test Kit Facility, Shanghai China",Yes,1992,26266.34,90.56,FPQ-12518
14941,,,,,Tanzania,,,,,,8/25/2010,,,,,,MYLAN LABORATORIES LTD (FORMERLY MATRIX LABORATORIES),,Efavirenz/Emtricitabine/Tenofovir Disoproxil Fumarate,Generic,600/200/300mg,,,,,,,,,,,,109-TZ-T30,SCMS-82750,ASN-8080,PMO - US,Direct Drop,EXW,Air,8/18/2010,22-Oct-10,22-Oct-10,22-Oct-10,ARV,Adult,"Efavirenz/Emtricitabine/Tenofovir Disoproxil Fumarate 600/200/300mg, tablets, 30 Tabs",Tablet - FDC,30.0,9000.0,179100.0,19.9,0.66,Mylan (formerly Matrix) Nashik,Yes,1081,5834.1,386.14,FPQ-6203
11201,,,,,Côte d'Ivoire,,,,,,N/A - From RDC,,,,,,SCMS from RDC,,Stavudine,Generic,30mg,,,,,,,,,,,,104-CI-T01,SO-1145,DN-440,PMO - US,From RDC,N/A - From RDC,Air,Pre-PQ Process,29-Nov-07,29-Nov-07,29-Nov-07,ARV,Adult,"Stavudine 30mg, capsules, 60 Caps",Capsule,60.0,3996.0,6993.0,1.75,0.03,"Aurobindo Unit III, India",No,See DN-440 (ID#:11200),See DN-440 (ID#:11200),11.19,Pre-PQ Process
86699,,,,,South Sudan,,,,,,N/A - From RDC,,,,,,SCMS from RDC,,Efavirenz,Generic,600mg,,,,,,,,,,,,103-SS-T30,SO-49370,DN-3891,PMO - US,From RDC,N/A - From RDC,Air,7/14/2014,2-Oct-14,17-Oct-14,13-Nov-14,ARV,Adult,"Efavirenz 600mg, tablets, 30 Tabs",Tablet,30.0,4488.0,14406.48,3.21,0.11,"Cipla, Goa, India",No,See DN-3891 (ID#:86103),See DN-3891 (ID#:86103),14.81,FPQ-14574
61697,,FPQ-14942,,,South Africa,,,,,,6/2/2015,,,,,,PHARMACY DIRECT,,Zidovudine,Generic,300mg,,,,,,,,,,,,116-ZA-T30,SCMS-259076,ASN-32524,PMO - US,Direct Drop,DDP,Truck,9/11/2014,2-Jun-15,2-Jun-15,2-Jun-15,ARV,Adult,"Zidovudine 300mg, tablets, 60 Tabs",Tablet,60.0,7.0,126.22,18.03,0.3,"Aurobindo Unit III, India",No,Weight Captured Separately,Freight Included in Commodity Cost,0.13,
70356,,FPQ-7175,,,South Africa,,,,,,9/30/2011,,,,,,Aurobindo Pharma Limited,,Efavirenz,Generic,600mg,,,,,,,,,,,,161-ZA-T30,SCMS-123580,ASN-12993,PMO - US,Direct Drop,DDP,Ocean,3/10/2011,22-Dec-11,4-Jan-12,4-Jan-12,ARV,Adult,"Efavirenz 600mg, tablets, 30 Tabs",Tablet,30.0,246113.0,1048441.38,4.26,0.14,"Aurobindo Unit III, India",Yes,20896,16429.13,1729.93,
80175,,FPQ-9636,,,Haiti,,,,,,7/3/2012,,,,,,Aurobindo Pharma Limited,,Efavirenz,Generic,600mg,,,,,,,,,,,,106-HT-T30,SCMS-148360,ASN-16560,PMO - US,Direct Drop,EXW,Ocean,5/14/2012,20-Dec-12,20-Dec-12,20-Dec-12,ARV,Adult,"Efavirenz 600mg, tablets, 30 Tabs",Tablet,30.0,35616.0,126436.8,3.55,0.12,"Aurobindo Unit III, India",No,See ASN-16560 (ID#:29734),See ASN-16560 (ID#:29734),177.26,
85067,154-NG-T30,FPQ-3815,SO-32260,DN-1452,Nigeria,PMO - US,From RDC,N/A - From RDC,Air Charter,5/26/09,N/A - From RDC,30-Oct-09,20-Oct-09,20-Oct-09,ARV,Adult,SCMS from RDC,"Zidovudine 300mg, tablets, 60 Tabs",Zidovudine,Generic,300mg,Tablet,60.0,28.0,210.84,7.53,0.13,"Aurobindo Unit III, India",No,See DN-1452 (ID#:82272),See DN-1452 (ID#:82272),0.41,,,,,,,,,,,,,,,,,,,,,,,,,,
84749,,FPQ-10391,,,Tanzania,,,,,,N/A - From RDC,,,,,,SCMS from RDC,,Efavirenz,Generic,600mg,,,,,,,,,,,,900-TZ-T30,SO-43011,DN-2822,PMO - US,From RDC,N/A - From RDC,Air,7/26/2012,26-Oct-12,26-Oct-12,26-Oct-12,ARV,Adult,"Efavirenz 600mg, tablets, 30 Tabs",Tablet,30.0,90000.0,342900.0,3.81,0.13,"Aurobindo Unit III, India",Yes,7867,21567.19,480.75,
25566,,,,,South Africa,,,,,,11/28/2014,,,,,,PHARMACY DIRECT,,Efavirenz,Generic,600mg,,,,,,,,,,,,116-ZA-T30,SCMS-259071,ASN-29597,PMO - US,Direct Drop,DDP,Truck,9/11/2014,28-Nov-14,28-Nov-14,28-Nov-14,ARV,Adult,"Efavirenz 600mg, tablets, 30 Tabs",Tablet,30.0,132.0,1487.53,11.27,0.38,"Aurobindo Unit III, India",No,Weight Captured Separately,Freight Included in Commodity Cost,1.53,FPQ-14942
10747,,Pre-PQ Process,,,Nigeria,,,,,,N/A - From RDC,,,,,,SCMS from RDC,,Emtricitabine/Tenofovir Disoproxil Fumarate,Truvada,300/200mg,,,,,,,,,,,,151-NG-T01,SO-21786,DN-1155,PMO - US,From RDC,N/A - From RDC,Air,Pre-PQ Process,29-Apr-09,29-Apr-09,29-Apr-09,ARV,Adult,"Emtricitabine/Tenofovir Disoproxil Fumarate 200/300mg [Truvada], tablets, 30 Tabs",Tablet - FDC,30.0,17067.0,448008.75,26.25,0.88,"Aspen-OSD, Port Elizabeth, SA",Yes,1481,14974.4,878.1,
60316,,,,,Haiti,,,,,,5/1/2014,,,,,,CIPLA LIMITED,,Zidovudine,Generic,10mg/ml,,,,,,,,,,,,106-HT-T30,SCMS-233960,ASN-27423,PMO - US,Direct Drop,EXW,Air,3/20/2014,12-Sep-14,12-Sep-14,17-Sep-14,ARV,Pediatric,"Zidovudine 10mg/ml, oral solution, Bottle, 240 ml",Oral solution,240.0,864.0,1684.8,1.95,0.01,"Cipla, Goa, India",Yes,Weight Captured Separately,Invoiced Separately,1.73,FPQ-13797
10840,,,,,Tanzania,,,,,,N/A - From RDC,,,,,,SCMS from RDC,,Lamivudine/Nevirapine/Stavudine,Generic,150/200/30mg,,,,,,,,,,,,109-TZ-T01,SO-850,DN-281,PMO - US,From RDC,N/A - From RDC,,Pre-PQ Process,22-Aug-07,22-Aug-07,22-Aug-07,ARV,Adult,"Lamivudine/Nevirapine/Stavudine 150/200/30mg, tablets, 60 Tabs",Tablet - FDC,60.0,3386.0,25395.0,7.5,0.12,"Cipla, Goa, India",Yes,345,2554.39,40.63,Pre-PQ Process
3081,116-ZA-T01,Pre-PQ Process,SCMS-19800,ASN-1665,South Africa,PMO - US,Direct Drop,DDP,Truck,Pre-PQ Process,2/20/08,24-Apr-08,24-Apr-08,24-Apr-08,ARV,Adult,S. BUYS WHOLESALER,"Efavirenz 600mg, tablets, 30 Tabs",Efavirenz,Generic,600mg,Tablet,30.0,2500.0,37500.0,15.0,0.5,"Cipla, Goa, India",No,Weight Captured Separately,Freight Included in Commodity Cost,60.0,,,,,,,,,,,,,,,,,,,,,,,,,,
2295,119-NA-T01,Pre-PQ Process,SCMS-37060,ASN-3303,Namibia,PMO - US,Direct Drop,EXW,Air,Pre-PQ Process,1/13/09,2-Mar-09,2-Mar-09,2-Mar-09,HRDT,HIV test,"Trinity Biotech, Plc","HIV 1/2, Uni-Gold HIV Kit, 20 Tests","HIV 1/2, Uni-Gold HIV Kit",Uni-Gold,,Test kit,20.0,68.0,2176.0,32.0,1.6,"Trinity Biotech, Plc",Yes,22,1003.52,4.26,,,,,,,,,,,,,,,,,,,,,,,,,,
23509,116-ZA-T30,FPQ-3560,SCMS-49641,ASN-5157,South Africa,PMO - US,Direct Drop,DDP,Truck,5/7/09,7/21/09,12-Aug-09,12-Aug-09,12-Aug-09,ARV,Adult,S. BUYS WHOLESALER,"Lopinavir/Ritonavir 200/50mg [Aluvia], tablets, 120 Tabs",Lopinavir/Ritonavir,Aluvia,200/50mg,Tablet,120.0,8000.0,375880.98,46.99,0.39,ABBVIE Ludwigshafen Germany,Yes,Weight Captured Separately,Freight Included in Commodity Cost,736.73,,,,,,,,,,,,,,,,,,,,,,,,,,
25642,,,,,Guyana,,,,,,6/21/2010,,,,,,"Orgenics, Ltd",,"HIV 1/2, Determine Complete HIV Kit",Determine,,,,,,,,,,,,,102-GY-T30,SCMS-71630,ASN-8224,PMO - US,Direct Drop,EXW,Air,4/15/2010,27-Oct-10,27-Oct-10,27-Oct-10,HRDT,HIV test,"HIV 1/2, Determine Complete HIV Kit, 100 Tests",Test kit,100.0,336.0,30240.0,90.0,0.9,Inverness Japan,Yes,154,4268.93,65.2,FPQ-5495
11918,,,,,Haiti,,,,,,N/A - From RDC,,,,,,SCMS from RDC,,Zidovudine,Generic,10mg/ml,,,,,,,,,,,,106-HT-T01,SO-12162,DN-942,PMO - US,From RDC,N/A - From RDC,Air,Pre-PQ Process,10-Oct-08,10-Oct-08,10-Oct-08,ARV,Pediatric,"Zidovudine 10mg/ml, oral solution, Bottle, 240 ml",Oral solution,240.0,2613.0,5487.3,2.1,0.01,"Aurobindo Unit III, India",Yes,979,11836.61,8.78,Pre-PQ Process
41288,,,,,South Africa,,,,,,4/1/2011,,,,,,STRIDES ARCOLAB LIMITED,,Lamivudine,Generic,150mg,,,,,,,,,,,,116-ZA-T30,SCMS-104430,ASN-11056,PMO - US,Direct Drop,DDP,Ocean,3/10/2011,2-Sep-11,2-Sep-11,2-Sep-11,ARV,Adult,"Lamivudine 150mg, tablets, 60 Tabs",Tablet,60.0,75000.0,182250.0,2.43,0.04,"Strides, Bangalore, India.",Yes,3347,7414.66,300.71,FPQ-7176
9033,,,,,South Africa,,,,,,Date Not Captured,,,,,,S. BUYS WHOLESALER,,Lamivudine,Generic,10mg/ml,,,,,,,,,,,,116-ZA-T01,SCMS-41080,ASN-3637,PMO - US,Direct Drop,DDP,Air,Pre-PQ Process,26-May-09,22-Jan-09,22-Jan-09,ARV,Pediatric,"Lamivudine 10mg/ml, oral solution, Bottle, 240 ml",Oral solution,240.0,1500.0,5445.0,3.63,0.02,"Aurobindo Unit III, India",No,Weight Captured Separately,Freight Included in Commodity Cost,10.67,Pre-PQ Process
85222,,,,,"Congo, DRC",,,,,,N/A - From RDC,,,,,,SCMS from RDC,,Abacavir,Generic,300mg,,,,,,,,,,,,101-CD-T30,SO-41134,DN-2496,PMO - US,From RDC,N/A - From RDC,Air,11/21/2011,16-Mar-12,14-Feb-12,14-Feb-12,ARV,Adult,"Abacavir 300mg, tablets, 60 Tabs",Tablet,60.0,17.0,248.71,14.63,0.24,Mylan (formerly Matrix) Nashik,No,See DN-2496 (ID#:82434),See DN-2496 (ID#:82434),0.35,FPQ-8840
11261,,Pre-PQ Process,,,Nigeria,,,,,,N/A - From RDC,,,,,,SCMS from RDC,,Lamivudine/Stavudine,Generic,150/30mg,,,,,,,,,,,,130-NG-T01,SO-2501,DN-730,PMO - US,From RDC,N/A - From RDC,Air,Pre-PQ Process,26-May-08,26-May-08,26-May-08,ARV,Adult,"Lamivudine/Stavudine 150/30mg, tablets, 30 Tabs",Tablet - FDC,30.0,1566.0,3132.0,2.0,0.07,"Cipla, Goa, India",No,See DN-730 (ID#:11260),See DN-730 (ID#:11260),5.01,
86369,,,,,Côte d'Ivoire,,,,,,N/A - From RDC,,,,,,SCMS from RDC,,Nevirapine,Generic,200mg,,,,,,,,,,,,104-CI-T30,SO-37720,DN-2122,PMO - US,From RDC,N/A - From RDC,Air,10/4/2010,31-Mar-11,15-Mar-11,15-Mar-11,ARV,Adult,"Nevirapine 200mg, tablets, 60 Tabs",Tablet,60.0,50000.0,125500.0,2.51,0.04,"Aurobindo Unit III, India",No,See DN-2122 (ID#:84622),See DN-2122 (ID#:84622),270.58,FPQ-6495
85318,102-ZW-T30,FPQ-9927,SO-43670,DN-2948,Zimbabwe,PMO - US,From RDC,N/A - From RDC,Truck,5/15/12,N/A - From RDC,13-Dec-12,13-Dec-12,13-Dec-12,ARV,Adult,SCMS from RDC,"Lamivudine/Zidovudine 150/300mg, tablets, 60 Tabs",Lamivudine/Zidovudine,Generic,150/300mg,Tablet - FDC,60.0,16971.0,131016.12,7.72,0.13,Hetero Unit III Hyderabad IN,Yes,1464,8000.72,183.68,,,,,,,,,,,,,,,,,,,,,,,,,,
797,110-ZM-T01,Pre-PQ Process,SCMS-31380,ASN-3172,Zambia,PMO - US,Direct Drop,EXW,Air,Pre-PQ Process,10/2/08,23-Jan-09,23-Jan-09,23-Jan-09,HRDT,HIV test,"Standard Diagnostics, Inc.","HIV 1/2, Bioline 3.0 Kit, Lancets, Capillary pipets, Alcohol swabs included, 25 Tests","HIV 1/2, Bioline 3.0 Kit, Lancets, Capillary pipets, Alcohol swabs included",Bioline,,Test kit,25.0,319.0,6380.0,20.0,0.8,"Standard Diagnostics, Korea",Yes,100,1122.24,12.5,,,,,,,,,,,,,,,,,,,,,,,,,,
86135,,,,,Namibia,,,,,,N/A - From RDC,,,,,,SCMS from RDC,,Lamivudine/Zidovudine,Generic,150/300mg,,,,,,,,,,,,901-NA-T30,SO-49560,DN-3907,PMO - US,From RDC,N/A - From RDC,Truck,7/30/2014,30-Sep-14,15-Sep-14,25-Sep-14,ARV,Adult,"Lamivudine/Zidovudine 150/300mg, tablets, 60 Tabs",Tablet - FDC,60.0,13337.0,86957.24,6.52,0.11,"Aurobindo Unit III, India",No,See DN-3907 (ID#:82729),See DN-3907 (ID#:82729),89.39,FPQ-14670
86805,,FPQ-15197,,,Zimbabwe,,,,,,N/A - From RDC,,,,,,SCMS from RDC,,Lamivudine/Nevirapine/Zidovudine,Generic,30/50/60mg,,,,,,,,,,,,103-ZW-T30,SO-50010,DN-4243,PMO - US,From RDC,N/A - From RDC,Truck,10/16/2014,30-Apr-15,30-Apr-15,30-Apr-15,ARV,Pediatric,"Lamivudine/Nevirapine/Zidovudine 30/50/60mg, dispersible tablets, 60 Tabs",Chewable/dispersible tablet - FDC,60.0,46752.0,168307.2,3.6,0.06,"Cipla, Goa, India",No,See DN-4243 (ID#:83907),See DN-4243 (ID#:83907),198.1,
10674,109-TZ-T01,Pre-PQ Process,SO-2560,DN-826,Tanzania,PMO - US,From RDC,N/A - From RDC,Air,Pre-PQ Process,N/A - From RDC,29-Jul-08,29-Jul-08,29-Jul-08,ARV,Adult,SCMS from RDC,"Nevirapine 200mg, tablets, 60 Tabs",Nevirapine,Generic,200mg,Tablet,60.0,1300.0,4420.0,3.4,0.06,"Ranbaxy, Paonta Shahib, India",Yes,16709,15210,7.07,,,,,,,,,,,,,,,,,,,,,,,,,,
83493,,,,,Uganda,,,,,,N/A - From RDC,,,,,,SCMS from RDC,,Lamivudine/Zidovudine,Generic,150/300mg,,,,,,,,,,,,114-UG-T30,SO-38760,DN-2144,PMO - US,From RDC,N/A - From RDC,Truck,9/29/2010,31-Mar-11,1-Apr-11,1-Apr-11,ARV,Adult,"Lamivudine/Zidovudine 150/300mg, tablets, 60 Tabs",Tablet - FDC,60.0,30107.0,248683.82,8.26,0.14,"Aurobindo Unit III, India",Yes,2875,23675.63,536.16,FPQ-6427
84232,114-UG-T30,FPQ-11143,SO-43950,DN-3040,Uganda,PMO - US,From RDC,N/A - From RDC,Truck,12/13/12,N/A - From RDC,8-Mar-13,7-Mar-13,7-Mar-13,ARV,Adult,SCMS from RDC,"Lamivudine/Nevirapine/Zidovudine 150/200/300mg, tablets, 60 Tabs",Lamivudine/Nevirapine/Zidovudine,Generic,150/300/200mg,Tablet - FDC,60.0,42717.0,366511.86,8.58,0.14,"Cipla, Goa, India",Yes,5732,25118.88,453.38,,,,,,,,,,,,,,,,,,,,,,,,,,
12244,510-KE-T01,Pre-PQ Process,SO-12700,DN-880,Kenya,PMO - US,From RDC,N/A - From RDC,Truck,Pre-PQ Process,N/A - From RDC,8-Aug-08,8-Aug-08,8-Aug-08,HRDT,HIV test,SCMS from RDC,"HIV 1/2, Uni-Gold HIV Kit, 20 Tests","HIV 1/2, Uni-Gold HIV Kit",Uni-Gold,,Test kit,20.0,168.0,5376.0,32.0,1.6,"Trinity Biotech, Plc",Yes,56,167.44,8.6,,,,,,,,,,,,,,,,,,,,,,,,,,
46353,,,,,Nigeria,,,,,,8/10/2012,,,,,,"Trinity Biotech, Plc",,"HIV 1/2, Uni-Gold HIV Kit",Uni-Gold,,,,,,,,,,,,,133-NG-T30,SCMS-155300,ASN-17316,PMO - US,Direct Drop,EXW,Air,7/17/2012,21-Dec-12,21-Dec-12,21-Dec-12,HRDT,HIV test,"HIV 1/2, Uni-Gold HIV Kit, 20 Tests",Test kit,20.0,6042.0,193344.0,32.0,1.6,"Trinity Biotech, Plc",Yes,1990,22859.07,271.07,FPQ-10349
19863,,,,,South Africa,,,,,,10/9/2014,,,,,,PHARMACY DIRECT,,Lamivudine/Zidovudine,Generic,150/300mg,,,,,,,,,,,,116-ZA-T30,SCMS-259078,ASN-33470,PMO - US,Direct Drop,DDP,Truck,9/11/2014,24-Jul-15,24-Jul-15,24-Jul-15,ARV,Adult,"Lamivudine/Zidovudine 150/300mg, tablets, 60 Tabs",Tablet - FDC,60.0,23.0,528.93,23.0,0.38,"Aurobindo Unit III, India",No,Weight Captured Separately,Freight Included in Commodity Cost,0.54,FPQ-14942
12507,104-CI-T01,Pre-PQ Process,SO-1838,DN-632,Côte d'Ivoire,PMO - US,From RDC,N/A - From RDC,Air,Pre-PQ Process,N/A - From RDC,13-Mar-08,13-Mar-08,13-Mar-08,HRDT,HIV test,SCMS from RDC,"HIV 1/2, Determine HIV Kit, without Lancets, 100 Tests","HIV 1/2, Determine HIV Kit, without Lancets",Determine,,Test kit,100.0,250.0,17997.5,71.99,0.72,Inverness Japan,No,See DN-632 (ID#:11547),See DN-632 (ID#:11547),28.8,,,,,,,,,,,,,,,,,,,,,,,,,,
86596,,FPQ-12602,,,Burundi,,,,,,N/A - From RDC,,,,,,SCMS from RDC,,Nevirapine,Generic,200mg,,,,,,,,,,,,102-BI-T30,SO-46021,DN-3283,PMO - US,From RDC,N/A - From RDC,Air,7/9/2013,13-Oct-13,21-May-13,18-Nov-14,ARV,Adult,"Nevirapine 200mg, tablets, 60 Tabs",Tablet,60.0,63.0,142.38,2.26,0.04,Hetero Unit III Hyderabad IN,Yes,Weight Captured Separately,Invoiced Separately,0.18,
7718,116-ZA-T01,Pre-PQ Process,SCMS-40780,ASN-3607,South Africa,PMO - US,Direct Drop,DDP,Air,Pre-PQ Process,Date Not Captured,17-Mar-09,28-Nov-08,28-Nov-08,ARV,Adult,S. BUYS WHOLESALER,"Zidovudine 300mg, tablets, 60 Tabs",Zidovudine,Generic,300mg,Tablet,60.0,300.0,3699.0,12.33,0.21,"Aurobindo Unit III, India",No,Weight Captured Separately,Freight Included in Commodity Cost,7.25,,,,,,,,,,,,,,,,,,,,,,,,,,
66175,,,,,Vietnam,,,,,,3/29/2010,,,,,,MYLAN LABORATORIES LTD (FORMERLY MATRIX LABORATORIES),,Tenofovir Disoproxil Fumarate,Generic,300mg,,,,,,,,,,,,108-VN-T30,SCMS-69720,ASN-7237,PMO - US,Direct Drop,EXW,Air,3/22/2010,2-Jul-10,2-Jul-10,2-Jul-10,ARV,Adult,"Tenofovir Disoproxil Fumarate 300mg, tablets, 30 Tabs",Tablet,30.0,12084.0,84588.0,7.0,0.23,Mylan (formerly Matrix) Nashik,No,See ASN-7237 (ID#:50231),See ASN-7237 (ID#:50231),182.37,FPQ-5317
3,,Pre-PQ Process,,,Vietnam,,,,,,Date Not Captured,,,,,,Aurobindo Pharma Limited,,Nevirapine,Generic,10mg/ml,,,,,,,,,,,,108-VN-T01,SCMS-13,ASN-85,PMO - US,Direct Drop,EXW,Air,Pre-PQ Process,14-Nov-06,14-Nov-06,14-Nov-06,ARV,Pediatric,"Nevirapine 10mg/ml, oral suspension, Bottle, 240 ml",Oral suspension,240.0,1000.0,6200.0,6.2,0.03,"Aurobindo Unit III, India",Yes,358,4521.5,,
11636,,,,,Haiti,,,,,,N/A - From RDC,,,,,,SCMS from RDC,,Stavudine,Generic,30mg,,,,,,,,,,,,106-HT-T01,SO-24840,DN-1221,PMO - US,From RDC,N/A - From RDC,Air,Pre-PQ Process,22-May-09,22-May-09,22-May-09,ARV,Adult,"Stavudine 30mg, capsules, 60 Caps",Capsule,60.0,4860.0,7241.4,1.49,0.02,"Aurobindo Unit III, India",Yes,2034,23441.88,14.19,Pre-PQ Process
84470,,FPQ-15195,,,Mozambique,,,,,,N/A - From RDC,,,,,,SCMS from RDC,,Lamivudine/Tenofovir Disoproxil Fumarate,Generic,300/300mg,,,,,,,,,,,,111-MZ-T30,SO-50123,DN-4264,PMO - US,From RDC,N/A - From RDC,Truck,10/17/2014,30-Jun-15,22-Jun-15,25-Jun-15,ARV,Adult,"Lamivudine/Tenofovir Disoproxil Fumarate 300/300mg, tablets, 30 Tabs",Tablet - FDC,30.0,5763.0,26625.06,4.62,0.15,Hetero Unit III Hyderabad IN,Yes,599,3610,31.34,
3050,,Pre-PQ Process,,,Côte d'Ivoire,,,,,,2/28/2008,,,,,,"Orgenics, Ltd",,"HIV 1/2, Determine HIV Kit, without Lancets",Determine,,,,,,,,,,,,,104-CI-T01,SCMS-18440,ASN-1563,PMO - US,Direct Drop,EXW,Air,Pre-PQ Process,25-Apr-08,25-Apr-08,25-Apr-08,HRDT,HIV test,"HIV 1/2, Determine HIV Kit, without Lancets, 100 Tests",Test kit,100.0,1116.0,78120.0,70.0,0.7,Inverness Japan,Yes,255,5303.05,124.99,
10881,110-ZM-T01,Pre-PQ Process,SO-752,DN-351,Zambia,PMO - US,From RDC,N/A - From RDC,,Pre-PQ Process,N/A - From RDC,12-Sep-07,12-Sep-07,12-Sep-07,ARV,Pediatric,SCMS from RDC,"Efavirenz 200mg, capsule, 90 Caps",Efavirenz,Generic,200mg,Capsule,90.0,1064.0,17024.0,16.0,0.18,"Aurobindo Unit III, India",Yes,128,944.21,27.24,,,,,,,,,,,,,,,,,,,,,,,,,,
12477,112-NG-T01,Pre-PQ Process,SO-2351,DN-717,Nigeria,PMO - US,From RDC,N/A - From RDC,Air,Pre-PQ Process,N/A - From RDC,18-Apr-08,18-Apr-08,18-Apr-08,ARV,Adult,SCMS from RDC,"Stavudine 30mg, capsules, 60 Caps",Stavudine,Generic,30mg,Capsule,60.0,1521.0,2311.92,1.52,0.03,"Aurobindo Unit III, India",No,See DN-717 (ID#:11858),See DN-717 (ID#:11858),3.7,,,,,,,,,,,,,,,,,,,,,,,,,,
11352,113-ZW-T01,Pre-PQ Process,SO-21020,DN-1411,Zimbabwe,PMO - US,From RDC,N/A - From RDC,Truck,Date Not Captured,N/A - From RDC,22-Sep-09,22-Sep-09,22-Sep-09,ARV,Adult,SCMS from RDC,"Efavirenz 600mg, tablets, 30 Tabs",Efavirenz,Generic,600mg,Tablet,30.0,4000.0,42480.0,10.62,0.35,"Aurobindo Unit III, India",Yes,9020,14958.2,83.26,,,,,,,,,,,,,,,,,,,,,,,,,,
82566,,,,,Guyana,,,,,,N/A - From RDC,,,,,,SCMS from RDC,,Zidovudine,Generic,300mg,,,,,,,,,,,,105-GY-T30,SO-44500,DN-3099,PMO - US,From RDC,N/A - From RDC,Air,1/28/2013,18-Apr-13,19-Apr-13,19-Apr-13,ARV,Adult,"Zidovudine 300mg, tablets, 60 Tabs",Tablet,60.0,1927.0,13026.52,6.76,0.11,"Aurobindo Unit III, India",Yes,466,5724.4,16.11,FPQ-11546
4722,119-NA-T01,Pre-PQ Process,SCMS-30720,ASN-2586,Namibia,PMO - US,Direct Drop,EXW,Air,Pre-PQ Process,9/19/08,8-Oct-08,8-Oct-08,8-Oct-08,HRDT,HIV test,"Trinity Biotech, Plc","HIV 1/2, Uni-Gold HIV Kit, 20 Tests","HIV 1/2, Uni-Gold HIV Kit",Uni-Gold,,Test kit,20.0,650.0,20800.0,32.0,1.6,"Trinity Biotech, Plc",Yes,220,7078.9,33.28,,,,,,,,,,,,,,,,,,,,,,,,,,
12635,,Pre-PQ Process,,,Zambia,,,,,,N/A - From RDC,,,,,,SCMS from RDC,,Tenofovir Disoproxil Fumarate,Viread,300mg,,,,,,,,,,,,110-ZM-T01,SO-205,DN-120,PMO - US,From RDC,N/A - From RDC,,Pre-PQ Process,16-May-07,16-May-07,16-May-07,ARV,Adult,"Tenofovir Disoproxil Fumarate 300mg [Viread], tablets, 30 Tabs",Tablet,30.0,4165.0,70805.0,17.0,0.57,Gilead(Nycomed) Oranienburg DE,Yes,265,1483.3,,
12542,,,,,Uganda,,,,,,N/A - From RDC,,,,,,SCMS from RDC,,Lamivudine/Nevirapine/Zidovudine,Generic,150/300/200mg,,,,,,,,,,,,114-UG-T01,SO-17752,DN-1093,PMO - US,From RDC,N/A - From RDC,Air,Pre-PQ Process,3-Mar-09,3-Mar-09,3-Mar-09,ARV,Adult,"Lamivudine/Nevirapine/Zidovudine 150/200/300mg, tablets, 60 Tabs",Tablet - FDC,60.0,88.0,1038.4,11.8,0.2,"Aurobindo Unit III, India",Yes,10,1002.2,2.04,Pre-PQ Process
5058,,Pre-PQ Process,,,South Africa,,,,,,3/18/2009,,,,,,S. BUYS WHOLESALER,,Lamivudine,Generic,10mg/ml,,,,,,,,,,,,116-ZA-T01,SCMS-41465,ASN-4614,PMO - US,Direct Drop,DDP,Air,Pre-PQ Process,25-Jun-09,25-Jun-09,25-Jun-09,ARV,Pediatric,"Lamivudine 10mg/ml, oral solution, Bottle, 240 ml",Oral solution,240.0,108.0,610.2,5.65,0.02,"Aurobindo Unit III, India",Yes,Weight Captured Separately,Freight Included in Commodity Cost,1.2,
40033,,,,,Uganda,,,,,,11/25/2014,,,,,,Aurobindo Pharma Limited,,Lopinavir/Ritonavir,Generic,100/25mg,,,,,,,,,,,,114-UG-T30,SCMS-264940,ASN-31156,PMO - US,Direct Drop,EXW,Air,11/11/2014,8-Apr-15,8-Apr-15,8-Apr-15,ARV,Pediatric,"Lopinavir/Ritonavir 100/25mg, tablets, 60 Tabs",Tablet,60.0,4250.0,34170.0,8.04,0.13,"Aurobindo Unit III, India",Yes,424,1488.99,40.22,FPQ-15303
37519,161-ZA-T30,FPQ-6262,SCMS-83770,ASN-9945,South Africa,PMO - US,Direct Drop,DDP,Ocean,8/31/10,9/24/10,26-Apr-11,26-Apr-11,26-Apr-11,ARV,Adult,Aurobindo Pharma Limited,"Lamivudine 150mg, tablets, 60 Tabs",Lamivudine,Generic,150mg,Tablet,60.0,136403.0,323275.11,2.37,0.04,"Aurobindo Unit III, India",No,See ASN-9945 (ID#:28542),See ASN-9945 (ID#:28542),696.98,,,,,,,,,,,,,,,,,,,,,,,,,,
12004,,,,,Uganda,,,,,,N/A - From RDC,,,,,,SCMS from RDC,,Lamivudine/Nevirapine/Zidovudine,Generic,150/300/200mg,,,,,,,,,,,,114-UG-T01,SO-32930,DN-1402,PMO - US,From RDC,N/A - From RDC,Air,Date Not Captured,9-Sep-09,9-Sep-09,9-Sep-09,ARV,Adult,"Lamivudine/Nevirapine/Zidovudine 150/200/300mg, tablets, 60 Tabs",Tablet - FDC,60.0,19650.0,223027.5,11.35,0.19,"Aurobindo Unit III, India",Yes,2237,15250.99,437.13,Pre-PQ Process
84664,106-HT-T30,FPQ-6801,SO-38213,DN-2310,Haiti,PMO - US,From RDC,N/A - From RDC,Air,12/14/10,N/A - From RDC,19-Jul-11,11-Aug-11,11-Aug-11,ARV,Adult,SCMS from RDC,"Lamivudine/Zidovudine 150/300mg, tablets, 60 Tabs",Lamivudine/Zidovudine,Generic,150/300mg,Tablet - FDC,60.0,18958.0,162090.9,8.55,0.14,Mylan (formerly Matrix) Nashik,No,See DN-2310 (ID#:82968),See DN-2310 (ID#:82968),267.45,,,,,,,,,,,,,,,,,,,,,,,,,,
86577,151-NG-T30,FPQ-11022,SO-43840,DN-3197,Nigeria,PMO - US,From RDC,N/A - From RDC,Air Charter,11/15/12,N/A - From RDC,31-May-13,28-May-13,28-May-13,ARV,Adult,SCMS from RDC,"Lopinavir/Ritonavir 200/50mg, tablets, 120 Tabs",Lopinavir/Ritonavir,Generic,200/50mg,Tablet,120.0,19000.0,413820.0,21.78,0.18,Hetero Unit III Hyderabad IN,No,See DN-3197 (ID#:84271),See DN-3197 (ID#:84271),511.9,,,,,,,,,,,,,,,,,,,,,,,,,,
65280,,,,,South Africa,,,,,,8/29/2014,,,,,,S. BUYS WHOLESALER,,Lamivudine,Generic,150mg,,,,,,,,,,,,116-ZA-T30,SCMS-199289,ASN-28036,PMO - US,Direct Drop,DDP,Truck,7/11/2013,29-Aug-14,29-Aug-14,29-Aug-14,ARV,Adult,"Lamivudine 150mg, tablets, 60 Tabs",Tablet,60.0,783.0,7639.77,9.76,0.16,Hetero Unit III Hyderabad IN,No,Weight Captured Separately,Freight Included in Commodity Cost,9.45,FPQ-12522
2502,102-KE-T01,Pre-PQ Process,SCMS-42970,ASN-4098,Kenya,PMO - US,Direct Drop,EXW,Air,Pre-PQ Process,4/4/09,18-Jun-09,18-Jun-09,18-Jun-09,HRDT,HIV test,"Trinity Biotech, Plc","HIV 1/2, Uni-Gold HIV Kit, 20 Tests","HIV 1/2, Uni-Gold HIV Kit",Uni-Gold,,Test kit,20.0,5.0,160.0,32.0,1.6,"Trinity Biotech, Plc",Yes,2,12561.4,0.31,,,,,,,,,,,,,,,,,,,,,,,,,,
84187,,,,,Zambia,,,,,,N/A - From RDC,,,,,,SCMS from RDC,,Lamivudine/Stavudine,Generic,150/30mg,,,,,,,,,,,,110-ZM-T30,SO-41831,DN-2836,PMO - US,From RDC,N/A - From RDC,Truck,3/29/2012,13-Sep-12,7-Sep-12,7-Sep-12,ARV,Adult,"Lamivudine/Stavudine 150/30mg, tablets, 60 Tabs",Tablet - FDC,60.0,65599.0,193517.05,2.95,0.05,"Strides, Bangalore, India.",Yes,3354,7317.47,271.31,FPQ-9552
85121,,,,,Uganda,,,,,,N/A - From RDC,,,,,,SCMS from RDC,,Emtricitabine/Tenofovir Disoproxil Fumarate,Generic,200/300mg,,,,,,,,,,,,114-UG-T30,SO-36141,DN-1852,PMO - US,From RDC,N/A - From RDC,Air,3/2/2010,30-Jun-10,22-Jun-10,22-Jun-10,ARV,Adult,"Emtricitabine/Tenofovir Disoproxil Fumarate 200/300mg, tablets, 30 Tabs",Tablet - FDC,30.0,1500.0,17625.0,11.75,0.39,Mylan (formerly Matrix) Nashik,Yes,109,2288.29,38.0,FPQ-5239
63486,,FPQ-11418,,,Vietnam,,,,,,2/6/2013,,,,,,HETERO LABS LIMITED,,Abacavir,Generic,300mg,,,,,,,,,,,,108-VN-T30,SCMS-176270,ASN-19859,PMO - US,Direct Drop,EXW,Air,1/29/2013,5-Jul-13,5-Jul-13,5-Jul-13,ARV,Adult,"Abacavir 300mg, tablets, 60 Tabs",Tablet,60.0,683.0,8366.75,12.25,0.2,Hetero Unit III Hyderabad IN,No,See ASN-19859 (ID#:59267),See ASN-19859 (ID#:59267),10.35,
55220,116-ZA-T30,FPQ-14942,SCMS-259075,ASN-32122,South Africa,PMO - US,Direct Drop,DDP,Truck,9/11/14,5/11/15,12-May-15,12-May-15,12-May-15,ARV,Adult,PHARMACY DIRECT,"Nevirapine 200mg, tablets, 60 Tabs",Nevirapine,Generic,200mg,Tablet,60.0,20.0,256.48,12.82,0.21,"Aurobindo Unit III, India",No,Weight Captured Separately,Freight Included in Commodity Cost,0.26,,,,,,,,,,,,,,,,,,,,,,,,,,
86345,151-NG-T30,FPQ-5688,SO-37500,DN-2025,Nigeria,PMO - US,From RDC,N/A - From RDC,Air,5/27/10,N/A - From RDC,22-Oct-10,10-Nov-10,10-Nov-10,ARV,Adult,SCMS from RDC,"Tenofovir Disoproxil Fumarate 300mg, tablets, 30 Tabs",Tenofovir Disoproxil Fumarate,Generic,300mg,Tablet,30.0,2500.0,18250.0,7.3,0.24,Mylan (formerly Matrix) Nashik,No,See DN-2025 (ID#:83460),See DN-2025 (ID#:83460),39.35,,,,,,,,,,,,,,,,,,,,,,,,,,
10693,,,,,Uganda,,,,,,N/A - From RDC,,,,,,SCMS from RDC,,Efavirenz,Generic,600mg,,,,,,,,,,,,114-UG-T01,SO-1301,DN-480,PMO - US,From RDC,N/A - From RDC,Air,Pre-PQ Process,19-Mar-08,19-Mar-08,19-Mar-08,ARV,Adult,"Efavirenz 600mg, tablets, 30 Tabs",Tablet,30.0,2060.0,25585.2,12.42,0.41,"Aurobindo Unit III, India",Yes,196,1381.7,40.94,Pre-PQ Process
71245,,,,,Vietnam,,,,,,4/14/2011,,,,,,STRIDES ARCOLAB LIMITED,,Lamivudine,Generic,150mg,,,,,,,,,,,,108-VN-T30,SCMS-105450,ASN-11067,PMO - US,Direct Drop,EXW,Air,3/31/2011,5-Jul-11,5-Jul-11,5-Jul-11,ARV,Adult,"Lamivudine 150mg, tablets, 60 Tabs",Tablet,60.0,50000.0,117500.0,2.35,0.04,"Strides, Bangalore, India.",Yes,2351,10122.75,193.88,FPQ-7427
28241,108-VN-T30,FPQ-12051,SCMS-188581,ASN-21551,Vietnam,PMO - US,Direct Drop,FCA,Air,5/3/13,8/27/13,7-Oct-13,7-Oct-13,7-Oct-13,ARV,Adult,ABBVIE LOGISTICS (FORMERLY ABBOTT LOGISTICS BV),"Lopinavir/Ritonavir 200/50mg [Aluvia], tablets, 120 Tabs",Lopinavir/Ritonavir,Aluvia,200/50mg,Tablet,120.0,8566.0,520984.12,60.82,0.51,ABBVIE Ludwigshafen Germany,Yes,2042,6969.82,644.46,,,,,,,,,,,,,,,,,,,,,,,,,,
60866,,,,,South Africa,,,,,,8/24/2015,,,,,,PHARMACY DIRECT,,Etravirine,Intelence,100mg,,,,,,,,,,,,116-ZA-T30,SCMS-295800,ASN-33864,PMO - US,Direct Drop,DDP,Truck,9/11/2014,24-Aug-15,24-Aug-15,24-Aug-15,ARV,Adult,"Etravirine 100mg [Intelence], tablets, 120 Tabs",Tablet,120.0,18.0,495.23,27.51,0.23,"Janssen-Cilag, Latina, IT",No,Weight Captured Separately,Freight Included in Commodity Cost,0.51,FPQ-14942
83572,,FPQ-8952,,,Nigeria,,,,,,N/A - From RDC,,,,,,SCMS from RDC,,Lamivudine/Zidovudine,Generic,150/300mg,,,,,,,,,,,,151-NG-T30,SO-41263,DN-2564,PMO - US,From RDC,N/A - From RDC,Air Charter,12/8/2011,20-Jun-12,16-Feb-12,16-Feb-12,ARV,Adult,"Lamivudine/Zidovudine 150/300mg, tablets, 60 Tabs",Tablet - FDC,60.0,99995.0,825958.7,8.26,0.14,"Aurobindo Unit III, India",Yes,11636,25231.96,1157.99,
82905,,FPQ-5023,,,Nigeria,,,,,,N/A - From RDC,,,,,,SCMS from RDC,,Lamivudine/Zidovudine,Generic,150/300mg,,,,,,,,,,,,151-NG-T30,SO-36546,DN-1942,PMO - US,From RDC,N/A - From RDC,Air,2/10/2010,15-Jul-10,28-Jun-10,28-Jun-10,ARV,Adult,"Lamivudine/Zidovudine 150/300mg, tablets, 60 Tabs",Tablet - FDC,60.0,80.0,700.8,8.76,0.15,Mylan (formerly Matrix) Nashik,Yes,7,Freight Included in Commodity Cost,1.51,
84724,107-RW-T30,FPQ-9911,SO-42090,DN-2670,Rwanda,PMO - US,From RDC,N/A - From RDC,Air,5/11/12,N/A - From RDC,8-Jun-12,1-Jun-12,1-Jun-12,ARV,Pediatric,SCMS from RDC,"Abacavir 20mg/ml, oral solution, Bottle, 240 ml",Abacavir,Generic,20mg/ml,Oral solution,240.0,1004.0,8534.0,8.5,0.04,"Cipla, Goa, India",Yes,1,3253.88,11.96,,,,,,,,,,,,,,,,,,,,,,,,,,
84556,114-UG-T30,FPQ-4495,SO-34940,DN-1801,Uganda,PMO - US,From RDC,N/A - From RDC,Air,10/28/09,N/A - From RDC,3-May-10,3-May-10,3-May-10,ARV,Adult,SCMS from RDC,"Efavirenz 600mg, tablets, 30 Tabs",Efavirenz,Generic,600mg,Tablet,30.0,1621.0,7699.75,4.75,0.16,Mylan (formerly Matrix) Nashik,No,See DN-1801 (ID#:83423),See DN-1801 (ID#:83423),16.6,,,,,,,,,,,,,,,,,,,,,,,,,,
16513,,,,,Haiti,,,,,,2/3/2014,,,,,,MYLAN LABORATORIES LTD (FORMERLY MATRIX LABORATORIES),,Lamivudine/Nevirapine/Zidovudine,Generic,30/50/60mg,,,,,,,,,,,,106-HT-T30,SCMS-210541,ASN-24373,PMO - US,Direct Drop,EXW,Ocean,8/21/2013,9-May-14,9-May-14,12-May-14,ARV,Pediatric,"Lamivudine/Nevirapine/Zidovudine 30/50/60mg, dispersible tablets, 60 Tabs",Chewable/dispersible tablet - FDC,60.0,889.0,3200.4,3.6,0.06,Mylan (formerly Matrix) Nashik,Yes,94,2350.55,3.96,FPQ-12590
86417,,,,,Zambia,,,,,,N/A - From RDC,,,,,,SCMS from RDC,,Emtricitabine/Tenofovir Disoproxil Fumarate,Generic,200/300mg,,,,,,,,,,,,110-ZM-T30,SO-40741,DN-2400,PMO - US,From RDC,N/A - From RDC,Truck,9/11/2011,19-Jan-12,4-Nov-11,4-Nov-11,ARV,Adult,"Emtricitabine/Tenofovir Disoproxil Fumarate 200/300mg, tablets, 30 Tabs",Tablet - FDC,30.0,10015.0,89834.55,8.97,0.3,Mylan (formerly Matrix) Nashik,Yes,819,2882.6,148.23,FPQ-8383
13205,104-CI-T30,FPQ-3885,SCMS-48630,ASN-4783,Côte d'Ivoire,PMO - US,Direct Drop,EXW,Air,6/19/09,7/9/09,15-Sep-09,15-Sep-09,15-Sep-09,HRDT,HIV test,"Orgenics, Ltd","HIV 1/2, Determine HIV Kit, without Lancets, 100 Tests","HIV 1/2, Determine HIV Kit, without Lancets",Determine,,Test kit,100.0,3500.0,245000.0,70.0,0.7,Inverness Japan,Yes,893,12858.12,480.2,,,,,,,,,,,,,,,,,,,,,,,,,,
41798,,,,,South Africa,,,,,,9/24/2010,,,,,,Aurobindo Pharma Limited,,Lamivudine,Generic,150mg,,,,,,,,,,,,161-ZA-T30,SCMS-83790,ASN-9195,PMO - US,Direct Drop,DDP,Ocean,8/31/2010,31-Jan-11,1-Feb-11,1-Feb-11,ARV,Adult,"Lamivudine 150mg, tablets, 60 Tabs",Tablet,60.0,17013.0,40320.81,2.37,0.04,"Aurobindo Unit III, India",No,See ASN-9195 (ID#:39724),See ASN-9195 (ID#:39724),86.93,FPQ-6262
82617,,FPQ-12190,,,Rwanda,,,,,,N/A - From RDC,,,,,,SCMS from RDC,,Nevirapine,Generic,200mg,,,,,,,,,,,,107-RW-T30,SO-45390,DN-3421,PMO - US,From RDC,N/A - From RDC,Truck,5/6/2013,31-Jan-14,23-Dec-13,17-Jan-14,ARV,Adult,"Nevirapine 200mg, tablets, 60 Tabs",Tablet,60.0,79999.0,180797.74,2.26,0.04,Hetero Unit III Hyderabad IN,Yes,9404,14088.22,223.65,
84820,,,,,Nigeria,,,,,,N/A - From RDC,,,,,,SCMS from RDC,,Efavirenz/Lamivudine/Tenofovir Disoproxil Fumarate,Generic,600/300/300mg,,,,,,,,,,,,151-NG-T30,SO-44261,DN-3163,PMO - US,From RDC,N/A - From RDC,Air Charter,11/15/2012,28-May-13,3-May-13,3-May-13,ARV,Adult,"Efavirenz/Lamivudine/Tenofovir Disoproxil Fumarate 600/300/300mg, tablets, 30 Tabs",Tablet - FDC,30.0,100000.0,1052000.0,10.52,0.35,Hetero Unit III Hyderabad IN,Yes,14783,14547.55,1301.32,FPQ-11022
44724,108-VN-T30,FPQ-16194,SCMS-285460,ASN-33291,Vietnam,PMO - US,Direct Drop,EXW,Air,4/14/15,5/11/15,1-Sep-15,1-Sep-15,1-Sep-15,ARV,Adult,Aurobindo Pharma Limited,"Efavirenz 600mg, tablets, 30 Tabs",Efavirenz,Generic,600mg,Tablet,30.0,3000.0,9900.0,3.3,0.11,"Aurobindo Unit III, India",Yes,Weight Captured Separately,Invoiced Separately,11.65,,,,,,,,,,,,,,,,,,,,,,,,,,
11224,,,,,Côte d'Ivoire,,,,,,N/A - From RDC,,,,,,SCMS from RDC,,Lamivudine/Zidovudine,Generic,150/300mg,,,,,,,,,,,,104-CI-T01,SO-1104,DN-569,PMO - US,From RDC,N/A - From RDC,Air,Pre-PQ Process,29-Jan-08,29-Jan-08,29-Jan-08,ARV,Adult,"Lamivudine/Zidovudine 150/300mg, tablets, 60 Tabs",Tablet - FDC,60.0,29593.0,281133.5,9.5,0.16,"Aurobindo Unit III, India",Yes,10877,30167,449.81,Pre-PQ Process
84418,,FPQ-14226,,,Mozambique,,,,,,N/A - From RDC,,,,,,SCMS from RDC,,Lamivudine/Tenofovir Disoproxil Fumarate,Generic,300/300mg,,,,,,,,,,,,111-MZ-T30,SO-48885,DN-3957,PMO - US,From RDC,N/A - From RDC,Truck,5/2/2014,31-Dec-14,1-Dec-14,1-Dec-14,ARV,Adult,"Lamivudine/Tenofovir Disoproxil Fumarate 300/300mg, tablets, 30 Tabs",Tablet - FDC,30.0,20673.0,95922.72,4.64,0.15,Hetero Unit III Hyderabad IN,No,See DN-3957 (ID#:83283),See DN-3957 (ID#:83283),98.61,
83695,,FPQ-12015,,,Tanzania,,,,,,N/A - From RDC,,,,,,SCMS from RDC,,Abacavir,Generic,300mg,,,,,,,,,,,,109-TZ-T30,SO-44982,DN-3207,PMO - US,From RDC,N/A - From RDC,Truck,4/2/2013,23-Aug-13,18-Jun-13,18-Jun-13,ARV,Adult,"Abacavir 300mg, tablets, 60 Tabs",Tablet,60.0,10347.0,134097.12,12.96,0.22,Mylan (formerly Matrix) Nashik,Yes,1064,4203,165.88,
86661,,FPQ-13123,,,Mozambique,,,,,,N/A - From RDC,,,,,,SCMS from RDC,,Nevirapine,Generic,10mg/ml,,,,,,,,,,,,111-MZ-T30,SO-47083,DN-3580,PMO - US,From RDC,N/A - From RDC,Truck,10/21/2013,15-Apr-14,14-Apr-14,17-Apr-14,ARV,Pediatric,"Nevirapine 10mg/ml, oral suspension w/syringe, Bottle, 240 ml",Oral suspension,240.0,4584.0,8526.24,1.86,0.01,"Aurobindo Unit III, India",No,See DN-3580 (ID#:83772),See DN-3580 (ID#:83772),8.76,
85930,151-NG-T30,FPQ-10477,SO-43045,DN-2997,Nigeria,PMO - US,From RDC,N/A - From RDC,Air Charter,8/9/12,N/A - From RDC,11-Feb-13,11-Feb-13,11-Feb-13,ARV,Adult,SCMS from RDC,"Lamivudine/Zidovudine 150/300mg, tablets, 60 Tabs",Lamivudine/Zidovudine,Generic,150/300mg,Tablet - FDC,60.0,162827.0,1183752.29,7.27,0.12,"Aurobindo Unit III, India",No,See DN-2997 (ID#:85328),See DN-2997 (ID#:85328),1659.62,,,,,,,,,,,,,,,,,,,,,,,,,,
83316,,,,,Zimbabwe,,,,,,N/A - From RDC,,,,,,SCMS from RDC,,Abacavir/Lamivudine,Generic,60/30mg,,,,,,,,,,,,103-ZW-T30,SO-48420,DN-4159,PMO - US,From RDC,N/A - From RDC,Truck,4/2/2014,31-Mar-15,17-Mar-15,19-Mar-15,ARV,Pediatric,"Abacavir/Lamivudine 60/30mg, tablets, 60 Tabs",Tablet - FDC,60.0,19996.0,78984.2,3.95,0.07,Mylan (formerly Matrix) Nashik,Yes,1119,1417.12,81.2,FPQ-13967
1183,,Pre-PQ Process,,,Vietnam,,,,,,4/29/2009,,,,,,Aurobindo Pharma Limited,,Lamivudine/Nevirapine/Zidovudine,Generic,150/300/200mg,,,,,,,,,,,,108-VN-T01,SCMS-45080,ASN-4420,PMO - US,Direct Drop,EXW,Air,Pre-PQ Process,10-Jul-09,10-Jul-09,10-Jul-09,ARV,Adult,"Lamivudine/Nevirapine/Zidovudine 150/200/300mg, tablets, 60 Tabs",Tablet - FDC,60.0,3500.0,39025.0,11.15,0.19,"Aurobindo Unit III, India",Yes,1804,6341.88,76.49,
83779,,,,,Tanzania,,,,,,N/A - From RDC,,,,,,SCMS from RDC,,Efavirenz/Emtricitabine/Tenofovir Disoproxil Fumarate,Generic,600/200/300mg,,,,,,,,,,,,109-TZ-T30,SO-46660,DN-3613,PMO - US,From RDC,N/A - From RDC,Truck,10/1/2013,9-May-14,10-May-14,20-Jun-14,ARV,Adult,"Efavirenz/Emtricitabine/Tenofovir Disoproxil Fumarate 600/200/300mg, tablets, 30 Tabs",Tablet - FDC,30.0,206508.0,2455380.12,11.89,0.4,Mylan (formerly Matrix) Nashik,Yes,22895,13649.14,3037.31,FPQ-13042
83848,109-TZ-T30,FPQ-13566,SO-47661,DN-3968,Tanzania,PMO - US,From RDC,N/A - From RDC,Air,1/15/14,N/A - From RDC,30-Jan-15,17-Dec-14,18-Dec-14,ARV,Pediatric,SCMS from RDC,"Lamivudine/Nevirapine/Zidovudine 30/50/60mg, dispersible tablets, 60 Tabs",Lamivudine/Nevirapine/Zidovudine,Generic,30/50/60mg,Chewable/dispersible tablet - FDC,60.0,31153.0,116823.75,3.75,0.06,Mylan (formerly Matrix) Nashik,Yes,1739,10506.44,120.09,,,,,,,,,,,,,,,,,,,,,,,,,,
86117,111-MZ-T30,FPQ-13124,SO-47050,DN-3827,Mozambique,PMO - US,From RDC,N/A - From RDC,Truck,10/21/13,N/A - From RDC,29-Aug-14,25-Aug-14,28-Aug-14,ARV,Adult,SCMS from RDC,"Lamivudine/Nevirapine/Zidovudine 150/200/300mg, tablets, 60 Tabs",Lamivudine/Nevirapine/Zidovudine,Generic,150/300/200mg,Tablet - FDC,60.0,42000.0,340620.0,8.11,0.14,"Strides, Bangalore, India.",No,See DN-3827 (ID#:82705),See DN-3827 (ID#:82705),350.16,,,,,,,,,,,,,,,,,,,,,,,,,,
59805,,,,,Vietnam,,,,,,2/15/2011,,,,,,MYLAN LABORATORIES LTD (FORMERLY MATRIX LABORATORIES),,Zidovudine,Generic,300mg,,,,,,,,,,,,108-VN-T30,SCMS-98050,ASN-11023,PMO - US,Direct Drop,EXW,Air,1/17/2011,22-Jun-11,22-Jun-11,22-Jun-11,ARV,Adult,"Zidovudine 300mg, tablets, 60 Tabs",Tablet,60.0,4084.0,29609.0,7.25,0.12,Mylan (formerly Matrix) Nashik,No,See ASN-11023 (ID#:37963),See ASN-11023 (ID#:37963),48.85,FPQ-6818
9531,,,,,Haiti,,,,,,Date Not Captured,,,,,,"Orgenics, Ltd",,"HIV 1/2, Determine HIV Kit, without Lancets",Determine,,,,,,,,,,,,,106-HT-T01,SCMS-15520,ASN-1199,PMO - US,Direct Drop,EXW,Air,Pre-PQ Process,23-Jan-08,23-Jan-08,23-Jan-08,HRDT,HIV test,"HIV 1/2, Determine HIV Kit, without Lancets, 100 Tests",Test kit,100.0,1000.0,70000.0,70.0,0.7,Inverness Japan,Yes,228,4829.61,112.0,Pre-PQ Process
27781,,,,,South Africa,,,,,,1/26/2015,,,,,,PHARMACY DIRECT,,Abacavir,Generic,300mg,,,,,,,,,,,,116-ZA-T30,SCMS-259072,ASN-30377,PMO - US,Direct Drop,DDP,Truck,9/11/2014,26-Jan-15,26-Jan-15,26-Jan-15,ARV,Adult,"Abacavir 300mg, tablets, 60 Tabs",Tablet,60.0,53.0,2642.19,49.85,0.83,"Aurobindo Unit III, India",No,Weight Captured Separately,Freight Included in Commodity Cost,2.72,FPQ-14942
11812,,,,,Côte d'Ivoire,,,,,,N/A - From RDC,,,,,,SCMS from RDC,,Lamivudine,Generic,10mg/ml,,,,,,,,,,,,104-CI-T01,SO-1101,DN-434,PMO - US,From RDC,N/A - From RDC,Air,Pre-PQ Process,22-Nov-07,22-Nov-07,22-Nov-07,ARV,Pediatric,"Lamivudine 10mg/ml, oral solution, Bottle, 240 ml",Oral solution,240.0,6000.0,11820.0,1.97,0.01,"Aurobindo Unit III, India",No,See DN-434 (ID#:11483),See DN-434 (ID#:11483),18.91,Pre-PQ Process
12844,113-ZW-T01,Pre-PQ Process,SO-18100,DN-1115,Zimbabwe,PMO - US,From RDC,N/A - From RDC,Truck,Pre-PQ Process,N/A - From RDC,6-Apr-09,6-Apr-09,6-Apr-09,ARV,Adult,SCMS from RDC,"Efavirenz 600mg, tablets, 30 Tabs",Efavirenz,Generic,600mg,Tablet,30.0,4000.0,48040.0,12.01,0.4,"Aurobindo Unit III, India",No,See DN-1115 (ID#:11008),See DN-1115 (ID#:11008),94.16,,,,,,,,,,,,,,,,,,,,,,,,,,
27697,106-HT-T30,FPQ-14895,SCMS-261011,ASN-32761,Haiti,PMO - US,Direct Drop,EXW,Air,9/24/14,11/14/14,23-Jul-15,23-Jul-15,28-Jul-15,ARV,Adult,EMCURE PHARMACEUTICALS LTD,"Atazanavir/Ritonavir 300/100mg, tablets, 30 Tabs",Atazanavir/Ritonavir,Generic,300/100mg,Tablet,30.0,1052.0,18936.0,18.0,0.6,"Emcure Plot No.P-2, I.T-B.T. Park, Phase II, MIDC, Hinjwadi, Pune, India",Yes,138,1719.78,19.47,,,,,,,,,,,,,,,,,,,,,,,,,,
45343,,,,,Vietnam,,,,,,7/25/2013,,,,,,MICRO LABS LIMITED,,Lamivudine,Generic,150mg,,,,,,,,,,,,108-VN-T30,SCMS-199760,ASN-22686,PMO - US,Direct Drop,EXW,Air,7/11/2013,5-Dec-13,5-Dec-13,13-Jan-14,ARV,Adult,"Lamivudine 150mg, tablets, 60 Tabs",Tablet,60.0,11507.0,20367.39,1.77,0.03,"Micro labs, Verna, Goa, India",Yes,539,1666.35,25.19,FPQ-12539
86466,,,,,Zimbabwe,,,,,,N/A - From RDC,,,,,,SCMS from RDC,,Lamivudine/Nevirapine/Stavudine,Generic,150/200/30mg,,,,,,,,,,,,113-ZW-T30,SO-40850,DN-2605,PMO - US,From RDC,N/A - From RDC,Truck,10/4/2011,13-Apr-12,10-Apr-12,10-Apr-12,ARV,Adult,"Lamivudine/Nevirapine/Stavudine 150/200/30mg, tablets, 60 Tabs",Tablet - FDC,60.0,71030.0,382141.4,5.38,0.09,"Strides, Bangalore, India.",No,See DN-2605 (ID#:82467),See DN-2605 (ID#:82467),630.53,FPQ-8464
85203,,,,,Zimbabwe,,,,,,N/A - From RDC,,,,,,SCMS from RDC,,Lamivudine/Nevirapine/Zidovudine,Generic,30/50/60mg,,,,,,,,,,,,200-ZW-T30,SO-37901,DN-2372,PMO - US,From RDC,N/A - From RDC,Truck,10/13/2010,14-Oct-11,21-Oct-11,21-Oct-11,ARV,Pediatric,"Lamivudine/Nevirapine/Zidovudine 30/50/60mg, dispersible tablets, 60 Tabs",Chewable/dispersible tablet - FDC,60.0,24940.0,105995.0,4.25,0.07,Mylan (formerly Matrix) Nashik,Yes,1456,2326.77,228.53,FPQ-6483
11623,,Pre-PQ Process,,,Nigeria,,,,,,N/A - From RDC,,,,,,SCMS from RDC,,Emtricitabine/Tenofovir Disoproxil Fumarate,Truvada,300/200mg,,,,,,,,,,,,151-NG-T01,SO-21785,DN-1133,PMO - US,From RDC,N/A - From RDC,Air,Pre-PQ Process,24-Mar-09,24-Mar-09,24-Mar-09,ARV,Adult,"Emtricitabine/Tenofovir Disoproxil Fumarate 200/300mg [Truvada], tablets, 30 Tabs",Tablet - FDC,30.0,326.0,8557.5,26.25,0.88,"Aspen-OSD, Port Elizabeth, SA",Yes,35,6443.61,16.77,
83700,114-UG-T30,FPQ-11133,SO-43910,DN-3237,Uganda,PMO - US,From RDC,N/A - From RDC,Truck,12/13/12,N/A - From RDC,31-Jul-13,26-Aug-13,26-Aug-13,ARV,Adult,SCMS from RDC,"Lamivudine/Nevirapine/Zidovudine 150/200/300mg, tablets, 60 Tabs",Lamivudine/Nevirapine/Zidovudine,Generic,150/300/200mg,Tablet - FDC,60.0,15117.0,124866.42,8.26,0.14,"Strides, Bangalore, India.",Yes,8057,10734.13,154.46,,,,,,,,,,,,,,,,,,,,,,,,,,
11646,114-UG-T01,Pre-PQ Process,SO-30111,DN-1253,Uganda,PMO - US,From RDC,N/A - From RDC,Air,Pre-PQ Process,N/A - From RDC,23-Jun-09,23-Jun-09,23-Jun-09,ARV,Adult,SCMS from RDC,"Lamivudine/Nevirapine/Zidovudine 150/200/300mg, tablets, 60 Tabs",Lamivudine/Nevirapine/Zidovudine,Generic,150/300/200mg,Tablet - FDC,60.0,10371.0,117710.85,11.35,0.19,Mylan (formerly Matrix) Nashik,Yes,1273,7493.5,230.71,,,,,,,,,,,,,,,,,,,,,,,,,,
83079,,FPQ-9888,,,Rwanda,,,,,,N/A - From RDC,,,,,,SCMS from RDC,,Abacavir,Generic,20mg/ml,,,,,,,,,,,,107-RW-T30,SO-42120,DN-2852,PMO - US,From RDC,N/A - From RDC,Air,5/11/2012,28-Sep-12,5-Oct-12,5-Oct-12,ARV,Pediatric,"Abacavir 20mg/ml, oral solution w/syringe, Bottle, 240 ml",Oral solution,240.0,4928.0,61600.0,12.5,0.05,"Aurobindo Unit III, India",Yes,1800,12500.58,86.36,
86580,110-ZM-T30,FPQ-11553,SO-44477,DN-3211,Zambia,PMO - US,From RDC,N/A - From RDC,Truck,1/28/13,N/A - From RDC,22-Oct-13,22-Oct-13,11-Nov-13,ARV,Adult,SCMS from RDC,"Nevirapine 200mg, tablets, 60 Tabs",Nevirapine,Generic,200mg,Tablet,60.0,42773.0,96666.98,2.26,0.04,Hetero Unit III Hyderabad IN,Yes,2270,4356.75,119.58,,,,,,,,,,,,,,,,,,,,,,,,,,
85809,,,,,Zambia,,,,,,N/A - From RDC,,,,,,SCMS from RDC,,Nevirapine,Generic,10mg/ml,,,,,,,,,,,,110-ZM-T30,SO-40242,DN-2457,PMO - US,From RDC,N/A - From RDC,Truck,7/26/2011,10-Jan-12,20-Jan-12,20-Jan-12,ARV,Pediatric,"Nevirapine 10mg/ml, oral suspension w/syringe, Bottle, 240 ml",Oral suspension,240.0,8000.0,15600.0,1.95,0.01,"Aurobindo Unit III, India",Yes,3088,6476.69,25.74,FPQ-7667
83867,,,,,Uganda,,,,,,N/A - From RDC,,,,,,SCMS from RDC,,Efavirenz,Generic,600mg,,,,,,,,,,,,114-UG-T30,SO-48971,DN-4070,PMO - US,From RDC,N/A - From RDC,Truck,6/4/2014,16-Feb-15,24-Jan-15,3-Feb-15,ARV,Adult,"Efavirenz 600mg, tablets, 30 Tabs",Tablet,30.0,37500.0,120375.0,3.21,0.11,"Cipla, Goa, India",Yes,3961,3562.44,123.75,FPQ-14396
49875,,,,,Haiti,,,,,,12/5/2012,,,,,,REINBOLD EXPORT IMPORT,,"HIV 1/2, Determine Complete HIV Kit",Determine,,,,,,,,,,,,,106-HT-T30,SCMS-168390,ASN-17743,PMO - US,Direct Drop,DAP,Air,11/16/2012,20-Dec-12,20-Dec-12,20-Dec-12,HRDT,HIV test,"HIV 1/2, Determine Complete HIV Kit, 100 Tests",Test kit,100.0,4000.0,466000.0,116.5,1.16,"Alere Medical Co., Ltd.",Yes,Weight Captured Separately,Freight Included in Commodity Cost,576.44,FPQ-10944
83062,900-UG-T30,FPQ-10048,SO-42581,DN-2782,Uganda,PMO - US,From RDC,N/A - From RDC,Air,6/6/12,N/A - From RDC,30-Oct-12,30-Oct-12,30-Oct-12,ARV,Adult,SCMS from RDC,"Lopinavir/Ritonavir 200/50mg, tablets, 120 Tabs",Lopinavir/Ritonavir,Generic,200/50mg,Tablet,120.0,5000.0,148400.0,29.68,0.25,"Aurobindo Unit III, India",Yes,1199,7070,208.06,,,,,,,,,,,,,,,,,,,,,,,,,,
68496,106-HT-T30,FPQ-15038,SCMS-262980,ASN-30463,Haiti,PMO - US,Direct Drop,EXW,Ocean,10/22/14,1/7/15,9-Apr-15,9-Apr-15,13-Apr-15,ARV,Adult,HETERO LABS LIMITED,"Tenofovir Disoproxil Fumarate 300mg, tablets, 30 Tabs",Tenofovir Disoproxil Fumarate,Generic,300mg,Tablet,30.0,336.0,1192.8,3.55,0.12,Hetero Unit III Hyderabad IN,No,See ASN-30463 (ID#:15460),See ASN-30463 (ID#:15460),1.23,,,,,,,,,,,,,,,,,,,,,,,,,,
10867,,,,,Côte d'Ivoire,,,,,,N/A - From RDC,,,,,,SCMS from RDC,,"HIV, Genie II HIV-1/HIV-2 Kit",Genie,,,,,,,,,,,,,104-CI-T01,SO-792,DN-356,PMO - US,From RDC,N/A - From RDC,,Pre-PQ Process,19-Sep-07,19-Sep-07,19-Sep-07,HRDT,HIV test,"#108853** HIV, Genie II HIV-1/HIV-2 Kit, 40 Tests",Test kit,40.0,230.0,17480.0,76.0,1.9,Bio-Rad Laboratories,Yes,917,6056.76,27.97,Pre-PQ Process
84655,110-ZM-T30,FPQ-7233,SO-39920,DN-2255,Zambia,PMO - US,From RDC,N/A - From RDC,Truck,3/1/11,N/A - From RDC,15-Jul-11,11-Jul-11,11-Jul-11,ARV,Pediatric,SCMS from RDC,"Nevirapine 10mg/ml, oral suspension, Bottle, 240 ml",Nevirapine,Generic,10mg/ml,Oral suspension,240.0,20000.0,36000.0,1.8,0.01,"Aurobindo Unit III, India",Yes,7482,6801.72,59.4,,,,,,,,,,,,,,,,,,,,,,,,,,
48765,102-KE-T30,FPQ-4587,SCMS-58380,ASN-5900,Kenya,PMO - US,Direct Drop,EXW,Air,11/18/09,12/2/09,16-Feb-10,19-Feb-10,19-Feb-10,HRDT,HIV test,"Orgenics, Ltd","HIV 1/2, Determine Complete HIV Kit, 100 Tests","HIV 1/2, Determine Complete HIV Kit",Determine,,Test kit,100.0,1.0,80.0,80.0,0.8,Inverness Japan,Yes,822,8664.89,0.17,,,,,,,,,,,,,,,,,,,,,,,,,,
84836,,FPQ-11771,,,Nigeria,,,,,,N/A - From RDC,,,,,,SCMS from RDC,,Lopinavir/Ritonavir,Generic,200/50mg,,,,,,,,,,,,151-NG-T30,SO-44757,DN-3251,PMO - US,From RDC,N/A - From RDC,Air Charter,2/28/2013,21-Aug-13,30-Jul-13,30-Jul-13,ARV,Adult,"Lopinavir/Ritonavir 200/50mg, tablets, 120 Tabs",Tablet,120.0,6000.0,126000.0,21.0,0.18,Hetero Unit III Hyderabad IN,No,Weight Captured Separately,Freight Included in Commodity Cost,155.86,
3972,,,,,Zambia,,,,,,Date Not Captured,,,,,,Abbott GmbH & Co. KG,,"HIV 1/2, Determine Complete HIV Kit",Determine,,,,,,,,,,,,,110-ZM-T01,SCMS-291,ASN-161,PMO - US,Direct Drop,EXW,Air,Pre-PQ Process,20-Nov-06,20-Nov-06,20-Nov-06,HRDT,HIV test,"HIV 1/2, Determine Complete HIV Kit, 100 Tests",Test kit,100.0,2500.0,200000.0,80.0,0.8,ABBVIE GmbH & Co.KG Wiesbaden,Yes,857354,5157.65,,Pre-PQ Process
12451,,,,,Nigeria,,,,,,N/A - From RDC,,,,,,SCMS from RDC,,Lamivudine/Nevirapine/Zidovudine,Generic,150/300/200mg,,,,,,,,,,,,112-NG-T01,SO-1430,DN-567,PMO - US,From RDC,N/A - From RDC,Air,Pre-PQ Process,16-Jan-08,24-Jan-08,24-Jan-08,ARV,Adult,"Lamivudine/Nevirapine/Zidovudine 150/200/300mg, tablets, 60 Tabs",Tablet - FDC,60.0,4836.0,99138.0,20.5,0.34,"Aurobindo Unit III, India",Yes,531,3228,158.62,Pre-PQ Process
86066,151-NG-T30,FPQ-12801,SO-46550,DN-3618,Nigeria,PMO - US,From RDC,N/A - From RDC,Air Charter,8/6/13,N/A - From RDC,15-Apr-14,17-Apr-14,2-May-14,ARV,Adult,SCMS from RDC,"Efavirenz/Lamivudine/Tenofovir Disoproxil Fumarate 600/300/300mg, tablets, 30 Tabs",Efavirenz/Lamivudine/Tenofovir Disoproxil Fumarate,Generic,600/300/300mg,Tablet - FDC,30.0,401961.0,4228629.72,10.52,0.35,Hetero Unit III Hyderabad IN,Yes,59322,29674.92,5230.81,,,,,,,,,,,,,,,,,,,,,,,,,,
83453,104-CI-T30,FPQ-5623,SO-36890,DN-1984,Côte d'Ivoire,PMO - US,From RDC,N/A - From RDC,Air,5/7/10,N/A - From RDC,31-Aug-10,23-Aug-10,23-Aug-10,ARV,Pediatric,SCMS from RDC,"Lamivudine 10mg/ml, oral solution, Bottle, 240 ml",Lamivudine,Generic,10mg/ml,Oral solution,240.0,3010.0,5809.3,1.93,0.01,"Aurobindo Unit III, India",Yes,3202,12648.38,12.52,,,,,,,,,,,,,,,,,,,,,,,,,,
38409,109-TZ-T30,FPQ-6936,SCMS-100640,ASN-10166,Tanzania,PMO - US,Direct Drop,EXW,Air,12/27/10,2/25/11,26-Apr-11,26-Apr-11,26-Apr-11,HRDT,HIV test,"Trinity Biotech, Plc","HIV 1/2, Uni-Gold HIV Kit, 20 Tests","HIV 1/2, Uni-Gold HIV Kit",Uni-Gold,,Test kit,20.0,625.0,20000.0,32.0,1.6,"Trinity Biotech, Plc",Yes,200,2918.12,33.0,,,,,,,,,,,,,,,,,,,,,,,,,,
12313,,,,,Côte d'Ivoire,,,,,,N/A - From RDC,,,,,,SCMS from RDC,,Lamivudine/Nevirapine/Zidovudine,Generic,150/300/200mg,,,,,,,,,,,,104-CI-T01,SO-32210,DN-1401,PMO - US,From RDC,N/A - From RDC,Air,Date Not Captured,8-Sep-09,8-Sep-09,8-Sep-09,ARV,Adult,"Lamivudine/Nevirapine/Zidovudine 150/200/300mg, tablets, 60 Tabs",Tablet - FDC,60.0,28170.0,319729.5,11.35,0.19,"Aurobindo Unit III, India",No,See DN-1401 (ID#:10793),See DN-1401 (ID#:10793),626.67,Pre-PQ Process
84513,,FPQ-3964,,,Côte d'Ivoire,,,,,,N/A - From RDC,,,,,,SCMS from RDC,,Efavirenz,Generic,600mg,,,,,,,,,,,,104-CI-T30,SO-34750,DN-1547,PMO - US,From RDC,N/A - From RDC,Air,7/24/2009,10-Dec-09,2-Dec-09,2-Dec-09,ARV,Adult,"Efavirenz 600mg, tablets, 30 Tabs",Tablet,30.0,8660.0,50054.8,5.78,0.19,"Aurobindo Unit III, India",Yes,742,1211.49,98.11,
84082,,,,,Zambia,,,,,,N/A - From RDC,,,,,,SCMS from RDC,,Lamivudine,Generic,150mg,,,,,,,,,,,,110-ZM-T30,SO-38070,DN-2182,PMO - US,From RDC,N/A - From RDC,Truck,11/8/2010,14-Apr-11,20-May-11,20-May-11,ARV,Adult,"Lamivudine 150mg, tablets, 60 Tabs",Tablet,60.0,54869.0,127844.77,2.33,0.04,"Aurobindo Unit III, India",Yes,2630,3402.23,210.94,FPQ-6665
83274,,FPQ-13704,,,Nigeria,,,,,,N/A - From RDC,,,,,,SCMS from RDC,,Lamivudine/Zidovudine,Generic,150/300mg,,,,,,,,,,,,151-NG-T30,SO-48320,DN-3918,PMO - US,From RDC,N/A - From RDC,Air Charter,2/13/2014,30-Sep-14,3-Sep-14,5-Sep-14,ARV,Adult,"Lamivudine/Zidovudine 150/300mg, tablets, 60 Tabs",Tablet - FDC,60.0,194265.0,1307403.45,6.73,0.11,Hetero Unit III Hyderabad IN,Yes,19976,67504,1344.01,
13915,800-CM-T30,FPQ-12570,SCMS-200891,ASN-25755,Cameroon,PMO - US,Direct Drop,EXW,Air,7/10/13,8/6/13,15-May-14,15-May-14,15-May-14,HRDT,HIV test,Orasure Technologies Inc.,"HIV 1/2, OraQuick Rapid Antibody Kit, 100 Tests","HIV 1/2, OraQuick Rapid Antibody Kit",OraQuick,,Test kit,100.0,1000.0,350000.0,350.0,3.5,"Orasure Technologies, Inc",Yes,2090,51331.09,432.95,,,,,,,,,,,,,,,,,,,,,,,,,,
83405,,,,,Côte d'Ivoire,,,,,,N/A - From RDC,,,,,,SCMS from RDC,,Lamivudine/Stavudine,Generic,150/30mg,,,,,,,,,,,,104-CI-T30,SO-34412,DN-1671,PMO - US,From RDC,N/A - From RDC,Air,10/15/2009,9-Mar-10,10-Mar-10,10-Mar-10,ARV,Adult,"Lamivudine/Stavudine 150/30mg, tablets, 60 Tabs",Tablet - FDC,60.0,11060.0,37604.0,3.4,0.06,"Strides, Bangalore, India.",No,See DN-1671 (ID#:82863),See DN-1671 (ID#:82863),73.7,FPQ-4378
10851,,Pre-PQ Process,,,Mozambique,,,,,,N/A - From RDC,,,,,,SCMS from RDC,,Stavudine,Generic,1mg/ml,,,,,,,,,,,,111-MZ-T01,SO-382,DN-259,PMO - US,From RDC,N/A - From RDC,Air,Pre-PQ Process,21-Sep-07,21-Sep-07,21-Sep-07,ARV,Pediatric,"Stavudine 1mg/ml, powder for oral solution, 200 ml",Oral solution,200.0,165.0,239.25,1.45,0.01,"Aurobindo Unit III, India",Yes,15,350.78,0.38,
82843,104-CI-T30,FPQ-4187,SO-33540,DN-1509,Côte d'Ivoire,PMO - US,From RDC,N/A - From RDC,Air,9/9/09,N/A - From RDC,27-Nov-09,13-Nov-09,13-Nov-09,ARV,Pediatric,SCMS from RDC,"Zidovudine 10mg/ml, oral solution, Bottle, 240 ml",Zidovudine,Generic,10mg/ml,Oral solution,240.0,1758.0,3691.8,2.1,0.01,"Aurobindo Unit III, India",Yes,604,7100.04,7.24,,,,,,,,,,,,,,,,,,,,,,,,,,
70309,,FPQ-14713,,,Burundi,,,,,,8/28/2014,,,,,,"Orgenics, Ltd",,"HIV 1/2, Determine Complete HIV Kit",Determine,,,,,,,,,,,,,102-BI-T30,SCMS-251520,ASN-29870,PMO - US,Direct Drop,EXW,Air,7/29/2014,2-Feb-15,2-Feb-15,2-Feb-15,HRDT,HIV test,"HIV 1/2, Determine Complete HIV Kit, 100 Tests",Test kit,100.0,1608.0,128640.0,80.0,0.8,"Alere Medical Co., Ltd.",Yes,958,15012.16,132.24,
83921,,,,,Côte d'Ivoire,,,,,,N/A - From RDC,,,,,,SCMS from RDC,,Lamivudine/Tenofovir Disoproxil Fumarate,Generic,300/300mg,,,,,,,,,,,,104-CI-T30,SO-50102,DN-4313,PMO - US,From RDC,N/A - From RDC,Truck,10/24/2014,31-Jul-15,6-Aug-15,7-Aug-15,ARV,Adult,"Lamivudine/Tenofovir Disoproxil Fumarate 300/300mg, tablets, 30 Tabs",Tablet - FDC,30.0,6750.0,31185.0,4.62,0.15,"Hetero, Jadcherla, unit 5, IN",Yes,4426,14734.92,36.7,FPQ-15259
2451,,Pre-PQ Process,,,South Africa,,,,,,3/27/2009,,,,,,S. BUYS WHOLESALER,,Didanosine,Videx,50mg,,,,,,,,,,,,116-ZA-T01,SCMS-41584,ASN-4385,PMO - US,Direct Drop,DDP,Air,Pre-PQ Process,25-Jun-09,20-Apr-09,20-Apr-09,ARV,Pediatric,"Didanosine 50mg [Videx], chewable tablets, 60 Tabs",Chewable/dispersible tablet,60.0,1500.0,15150.0,10.1,0.17,"BMS Meymac, France",No,Weight Captured Separately,Freight Included in Commodity Cost,29.69,
16099,,FPQ-6262,,,South Africa,,,,,,9/24/2010,,,,,,Aurobindo Pharma Limited,,Efavirenz,Generic,200mg,,,,,,,,,,,,161-ZA-T30,SCMS-83790,ASN-10250,PMO - US,Direct Drop,DDP,Ocean,8/31/2010,1-Feb-11,3-May-11,3-May-11,ARV,Pediatric,"Efavirenz 200mg, capsule, 90 Caps",Capsule,90.0,1515.0,15119.7,9.98,0.11,"Aurobindo Unit III, India",Yes,201,4134.92,32.6,
79491,,FPQ-11285,,,Haiti,,,,,,2/5/2013,,,,,,MERCK SHARP & DOHME IDEA GMBH (FORMALLY MERCK SHARP & DOHME B.V.),,Raltegravir,Isentress,400mg,,,,,,,,,,,,106-HT-T30,SCMS-176120,ASN-19476,PMO - US,Direct Drop,CIP,Air,1/16/2013,14-May-13,14-May-13,14-May-13,ARV,Adult,"Raltegravir 400mg [Isentress], tablets, 60 Tabs",Tablet,60.0,120.0,6660.0,55.5,0.92,"MSD, Haarlem, NL",Yes,11,260,8.24,
84547,114-UG-T30,FPQ-5238,SO-36100,DN-1760,Uganda,PMO - US,From RDC,N/A - From RDC,Air,3/2/10,N/A - From RDC,26-May-10,8-Apr-10,8-Apr-10,ARV,Adult,SCMS from RDC,"Zidovudine 300mg, tablets, 60 Tabs",Zidovudine,Generic,300mg,Tablet,60.0,50.0,375.0,7.5,0.12,"Aurobindo Unit III, India",No,See DN-1760 (ID#:82876),See DN-1760 (ID#:82876),0.81,,,,,,,,,,,,,,,,,,,,,,,,,,
74753,116-ZA-T30,FPQ-12523,SCMS-199315,ASN-27211,South Africa,PMO - US,Direct Drop,DDP,Truck,7/12/13,7/11/14,11-Jul-14,11-Jul-14,11-Jul-14,ARV,Pediatric,S. BUYS WHOLESALER,"Atazanavir 150mg [Reyataz], capsules, 60 Caps",Atazanavir,Reyataz,150mg,Capsule,60.0,2.0,51.37,25.68,0.43,"BMS Evansville, US",Yes,Weight Captured Separately,Freight Included in Commodity Cost,0.06,,,,,,,,,,,,,,,,,,,,,,,,,,
10993,,Pre-PQ Process,,,Zambia,,,,,,N/A - From RDC,,,,,,SCMS from RDC,,Zidovudine,Generic,10mg/ml,,,,,,,,,,,,110-ZM-T01,SO-15280,DN-952,PMO - US,From RDC,N/A - From RDC,Air,Pre-PQ Process,20-Oct-08,20-Oct-08,20-Oct-08,ARV,Pediatric,"Zidovudine 10mg/ml, oral solution, Bottle, 240 ml",Oral solution,240.0,3200.0,6720.0,2.1,0.01,"Aurobindo Unit III, India",Yes,1120,8185.2,13.17,
10298,,Pre-PQ Process,,,Côte d'Ivoire,,,,,,2/24/2009,,,,,,"Orgenics, Ltd",,"HIV 1/2, Determine HIV Kit, without Lancets",Determine,,,,,,,,,,,,,104-CI-T01,SCMS-39430,ASN-3761,PMO - US,Direct Drop,EXW,Air,Pre-PQ Process,14-May-09,14-May-09,14-May-09,HRDT,HIV test,"HIV 1/2, Determine HIV Kit, without Lancets, 100 Tests",Test kit,100.0,1500.0,105000.0,70.0,0.7,Inverness Japan,Yes,341,9749.73,205.8,
7030,,,,,Vietnam,,,,,,3/31/2008,,,,,,BRISTOL-MYERS SQUIBB,,Didanosine,Videx,25mg,,,,,,,,,,,,108-VN-T01,SCMS-20330,ASN-1984,PMO - US,Direct Drop,CIP,Air,Pre-PQ Process,17-Jul-08,17-Jul-08,17-Jul-08,ARV,Pediatric,"Didanosine 25mg [Videx], chewable tablets, 60 Tabs",Chewable/dispersible tablet,60.0,400.0,2800.0,7.0,0.12,"BMS Meymac, France",Yes,82,2211.05,4.48,Pre-PQ Process
47666,,FPQ-14942,,,South Africa,,,,,,10/9/2014,,,,,,PHARMACY DIRECT,,Didanosine,Generic,400mg,,,,,,,,,,,,116-ZA-T30,SCMS-259078,ASN-33470,PMO - US,Direct Drop,DDP,Truck,9/11/2014,24-Jul-15,24-Jul-15,24-Jul-15,ARV,Adult,"Didanosine 400mg, delayed-release capsules, 30 Caps",Delayed-release capsules,30.0,8.0,122.18,15.27,0.51,"Aurobindo Unit III, India",No,Weight Captured Separately,Freight Included in Commodity Cost,0.13,
85948,111-MZ-T30,FPQ-10211,SO-42860,DN-3063,Mozambique,PMO - US,From RDC,N/A - From RDC,Truck,6/28/12,N/A - From RDC,8-Apr-13,16-Apr-13,16-Apr-13,ARV,Adult,SCMS from RDC,"Lamivudine/Tenofovir Disoproxil Fumarate 300/300mg, tablets, 30 Tabs",Lamivudine/Tenofovir Disoproxil Fumarate,Generic,300/300mg,Tablet - FDC,30.0,7680.0,36096.0,4.7,0.16,"Aurobindo Unit VII, IN",No,See DN-3063 (ID#:84799),See DN-3063 (ID#:84799),50.61,,,,,,,,,,,,,,,,,,,,,,,,,,
40608,,FPQ-4320,,,Uganda,,,,,,11/24/2009,,,,,,ASPEN PHARMACARE,,Darunavir,Prezista,300mg,,,,,,,,,,,,114-UG-T30,SCMS-58170,ASN-5732,PMO - US,Direct Drop,EXW,Air,11/16/2009,19-Jan-10,19-Jan-10,19-Jan-10,ARV,Adult,"Darunavir 300mg [Prezista], tablets, 120 Tabs",Tablet,120.0,120.0,10800.0,90.0,0.75,"Aspen-OSD, Port Elizabeth, SA",Yes,18,1190.02,21.17,
80270,,,,,Mozambique,,,,,,4/11/2013,,,,,,STRIDES ARCOLAB LIMITED,,Lamivudine/Stavudine,Generic,150/30mg,,,,,,,,,,,,111-MZ-T30,SCMS-185200,ASN-21425,PMO - US,Direct Drop,EXW,Air,3/20/2013,9-Oct-13,9-Oct-13,6-Nov-13,ARV,Adult,"Lamivudine/Stavudine 150/30mg, tablets, 60 Tabs",Tablet - FDC,60.0,13168.0,38450.56,2.92,0.05,"Strides, Bangalore, India.",Yes,834,3574.24,47.56,FPQ-11915
83430,,,,,Guyana,,,,,,N/A - From RDC,,,,,,SCMS from RDC,,Lamivudine,Generic,150mg,,,,,,,,,,,,105-GY-T30,SO-36700,DN-1838,PMO - US,From RDC,N/A - From RDC,Air,4/28/2010,7-Jun-10,27-May-10,27-May-10,ARV,Adult,"Lamivudine 150mg, tablets, 60 Tabs",Tablet,60.0,126.0,307.44,2.44,0.04,"Strides, Bangalore, India.",No,See DN-1838 (ID#:82887),See DN-1838 (ID#:82887),0.66,FPQ-5599
82435,,,,,"Congo, DRC",,,,,,N/A - From RDC,,,,,,SCMS from RDC,,Lamivudine/Nevirapine/Zidovudine,Generic,150/300/200mg,,,,,,,,,,,,101-CD-T30,SO-41135,DN-2497,PMO - US,From RDC,N/A - From RDC,Air,11/21/2011,16-Mar-12,14-Feb-12,14-Feb-12,ARV,Adult,"Lamivudine/Nevirapine/Zidovudine 150/200/300mg, tablets, 60 Tabs",Tablet - FDC,60.0,28.0,308.0,11.0,0.18,Mylan (formerly Matrix) Nashik,Yes,13,912.36,0.43,FPQ-8840
16053,108-VN-T30,FPQ-13034,SCMS-210120,ASN-24394,Vietnam,PMO - US,Direct Drop,EXW,Air,10/4/13,10/10/13,23-Apr-14,23-Apr-14,23-Apr-14,ARV,Adult,HETERO LABS LIMITED,"Lamivudine 150mg, tablets, 60 Tabs",Lamivudine,Generic,150mg,Tablet,60.0,14011.0,25920.35,1.85,0.03,Hetero Unit III Hyderabad IN,Yes,1953,3658.08,32.06,,,,,,,,,,,,,,,,,,,,,,,,,,
11092,,Pre-PQ Process,,,Côte d'Ivoire,,,,,,N/A - From RDC,,,,,,SCMS from RDC,,Saquinavir,Invirase,200mg,,,,,,,,,,,,100-CI-T01,SO-373,DN-30,PMO - US,From RDC,N/A - From RDC,,Pre-PQ Process,15-Mar-07,15-Mar-07,15-Mar-07,ARV,Adult,"Saquinavir 200mg [Invirase], capsules, 270 Caps",Capsule,270.0,482.0,37596.0,78.0,0.29,Roche Basel,No,See DN-30 (ID#:11091),See DN-30 (ID#:11091),,
12506,,Pre-PQ Process,,,Côte d'Ivoire,,,,,,N/A - From RDC,,,,,,SCMS from RDC,,Nevirapine,Generic,200mg,,,,,,,,,,,,104-CI-T01,SO-1307,DN-626,PMO - US,From RDC,N/A - From RDC,Air,Pre-PQ Process,27-Feb-08,27-Feb-08,27-Feb-08,ARV,Adult,"Nevirapine 200mg, tablets, 60 Tabs",Tablet,60.0,17621.0,59911.4,3.4,0.06,"Aurobindo Unit III, India",Yes,1650,3428.5,95.86,
83522,,,,,Uganda,,,,,,N/A - From RDC,,,,,,SCMS from RDC,,Efavirenz/Emtricitabine/Tenofovir Disoproxil Fumarate,Generic,600/200/300mg,,,,,,,,,,,,114-UG-T30,SO-39060,DN-2312,PMO - US,From RDC,N/A - From RDC,Truck,3/4/2011,31-Jul-11,12-Aug-11,12-Aug-11,ARV,Adult,"Efavirenz/Emtricitabine/Tenofovir Disoproxil Fumarate 600/200/300mg, tablets, 30 Tabs",Tablet - FDC,30.0,3330.0,66333.6,19.92,0.66,Mylan (formerly Matrix) Nashik,Yes,370,2886.12,109.45,FPQ-7267
84774,,,,,Nigeria,,,,,,N/A - From RDC,,,,,,SCMS from RDC,,Lamivudine/Tenofovir Disoproxil Fumarate,Generic,300/300mg,,,,,,,,,,,,151-NG-T30,SO-43434,DN-2945,PMO - US,From RDC,N/A - From RDC,Air,5/23/2012,30-Nov-12,4-Dec-12,4-Dec-12,ARV,Adult,"Lamivudine/Tenofovir Disoproxil Fumarate 300/300mg, tablets, 30 Tabs",Tablet - FDC,30.0,149952.0,803742.72,5.36,0.18,Hetero Unit III Hyderabad IN,No,See DN-2945 (ID#:82533),See DN-2945 (ID#:82533),1126.85,FPQ-9968
84777,110-ZM-T30,FPQ-10530,SO-43150,DN-2973,Zambia,PMO - US,From RDC,N/A - From RDC,Truck,8/21/12,N/A - From RDC,9-Jan-13,7-Jan-13,7-Jan-13,ARV,Adult,SCMS from RDC,"Lamivudine 150mg, tablets, 60 Tabs",Lamivudine,Generic,150mg,Tablet,60.0,70647.0,156836.34,2.22,0.04,Hetero Unit III Hyderabad IN,Yes,4067,14050.13,219.88,,,,,,,,,,,,,,,,,,,,,,,,,,
12783,,,,,Côte d'Ivoire,,,,,,N/A - From RDC,,,,,,SCMS from RDC,,Nevirapine,Generic,10mg/ml,,,,,,,,,,,,104-CI-T01,SO-2045,DN-761,PMO - US,From RDC,N/A - From RDC,Air,Pre-PQ Process,2-Jun-08,2-Jun-08,2-Jun-08,ARV,Pediatric,"Nevirapine 10mg/ml, oral suspension, Bottle, 240 ml",Oral suspension,240.0,5536.0,10629.12,1.92,0.01,"Aurobindo Unit III, India",No,See DN-761 (ID#:10951),See DN-761 (ID#:10951),17.01,Pre-PQ Process
12786,,Pre-PQ Process,,,Tanzania,,,,,,N/A - From RDC,,,,,,SCMS from RDC,,Lamivudine/Nevirapine/Stavudine,Generic,150/200/30mg,,,,,,,,,,,,109-TZ-T01,SO-10970,DN-831,PMO - US,From RDC,N/A - From RDC,Air,Pre-PQ Process,21-Aug-08,21-Aug-08,21-Aug-08,ARV,Adult,"Lamivudine/Nevirapine/Stavudine 150/200/30mg, tablets, 60 Tabs",Tablet - FDC,60.0,40000.0,296000.0,7.4,0.12,"Cipla, Goa, India",Yes,4289,24594.29,473.6,
82480,151-NG-T30,FPQ-9432,SO-42332,DN-2687,Nigeria,PMO - US,From RDC,N/A - From RDC,Air Charter,3/1/12,N/A - From RDC,2-Aug-12,3-Jun-12,3-Jun-12,ARV,Adult,SCMS from RDC,"Efavirenz 600mg, tablets, 30 Tabs",Efavirenz,Generic,600mg,Tablet,30.0,70000.0,273700.0,3.91,0.13,"Strides, Bangalore, India.",Yes,6889,17090,383.73,,,,,,,,,,,,,,,,,,,,,,,,,,
10364,,Pre-PQ Process,,,South Africa,,,,,,3/27/2009,,,,,,S. BUYS WHOLESALER,,Zidovudine,Generic,300mg,,,,,,,,,,,,116-ZA-T01,SCMS-41582,ASN-4304,PMO - US,Direct Drop,DDP,Air,Pre-PQ Process,25-Jun-09,8-Apr-09,8-Apr-09,ARV,Adult,"Zidovudine 300mg, tablets, 60 Tabs",Tablet,60.0,1000.0,19760.0,19.76,0.33,"Aurobindo Unit III, India",No,Weight Captured Separately,Freight Included in Commodity Cost,38.73,
36539,114-UG-T30,FPQ-10787,SCMS-163460,ASN-17750,Uganda,PMO - US,Direct Drop,EXW,Air,10/10/12,10/25/12,21-Jan-13,21-Jan-13,21-Jan-13,ARV,Adult,MYLAN LABORATORIES LTD (FORMERLY MATRIX LABORATORIES),"Atazanavir/Ritonavir 300/100mg, tablets, 30 Tabs",Atazanavir/Ritonavir,Generic,300/100mg,Tablet,30.0,1665.0,37462.5,22.5,0.75,Mylan (formerly Matrix) Nashik,Yes,420,3900.39,46.34,,,,,,,,,,,,,,,,,,,,,,,,,,
8317,,,,,Mozambique,,,,,,2/27/2008,,,,,,"Orgenics, Ltd",,"HIV, Lancet, Safety, for HIV Test kits, 100 Pcs",Generic,,,,,,,,,,,,,111-MZ-T01,SCMS-18340,ASN-1747,PMO - US,Direct Drop,EXW,Air,Pre-PQ Process,9-Jul-08,9-Jul-08,9-Jul-08,HRDT,HIV test - Ancillary,"HIV, Lancet, Safety, for HIV Test kits, 100 Pcs",Test kit - Ancillary,100.0,3000.0,30.0,0.01,0.0,Inverness Japan,Yes,Weight Captured Separately,Invoiced Separately,0.05,Pre-PQ Process
12462,107-RW-T01,Pre-PQ Process,SO-1223,DN-572,Rwanda,PMO - US,From RDC,N/A - From RDC,Air,Pre-PQ Process,N/A - From RDC,28-Jan-08,28-Jan-08,28-Jan-08,HRDT,HIV test - Ancillary,SCMS from RDC,"HIV, Lancet, Safety, for HIV Test kits, 100 Pcs","HIV, Lancet, Safety, for HIV Test kits, 100 Pcs",Generic,,Test kit - Ancillary,100.0,1250.0,12.5,0.01,0.0,Inverness Japan,No,See DN-572 (ID#:11840),See DN-572 (ID#:11840),0.02,,,,,,,,,,,,,,,,,,,,,,,,,,
86464,,,,,Zimbabwe,,,,,,N/A - From RDC,,,,,,SCMS from RDC,,Efavirenz,Generic,600mg,,,,,,,,,,,,113-ZW-T30,SO-40850,DN-2605,PMO - US,From RDC,N/A - From RDC,Truck,10/4/2011,13-Apr-12,10-Apr-12,10-Apr-12,ARV,Adult,"Efavirenz 600mg, tablets, 30 Tabs",Tablet,30.0,17422.0,71778.64,4.12,0.14,"Strides, Bangalore, India.",No,See DN-2605 (ID#:82467),See DN-2605 (ID#:82467),118.43,FPQ-8464
59046,,FPQ-5648,,,South Africa,,,,,,6/17/2010,,,,,,Aurobindo Pharma Limited,,Lamivudine,Generic,10mg/ml,,,,,,,,,,,,161-ZA-T30,SCMS-75830,ASN-9489,PMO - US,Direct Drop,DDP,Ocean,6/2/2010,29-Mar-11,29-Mar-11,29-Mar-11,ARV,Pediatric,"Lamivudine 10mg/ml, oral solution w/syringe, Bottle, 240 ml",Oral solution,240.0,45000.0,95400.0,2.12,0.01,"Aurobindo Unit III, India",Yes,16260,17060.14,205.68,
84725,,,,,Zimbabwe,,,,,,N/A - From RDC,,,,,,SCMS from RDC,,Lamivudine/Nevirapine/Stavudine,Generic,150/200/30mg,,,,,,,,,,,,113-ZW-T30,SO-40882,DN-2682,PMO - US,From RDC,N/A - From RDC,Truck,10/4/2011,14-Aug-12,10-May-12,10-May-12,ARV,Adult,"Lamivudine/Nevirapine/Stavudine 150/200/30mg, tablets, 60 Tabs",Tablet - FDC,60.0,4050.0,19035.0,4.7,0.08,"Strides, Bangalore, India.",Yes,Weight Captured Separately,Invoiced Separately,31.41,FPQ-8464
56084,,,,,Zambia,,,,,,5/22/2013,,,,,,"Orgenics, Ltd",,"HIV 1/2, Determine Complete HIV Kit",Determine,,,,,,,,,,,,,110-ZM-T30,SCMS-189240,ASN-20477,PMO - US,Direct Drop,EXW,Air,5/2/2013,5-Aug-13,31-Jul-13,31-Jul-13,HRDT,HIV test,"HIV 1/2, Determine Complete HIV Kit, 100 Tests",Test kit,100.0,2929.0,234320.0,80.0,0.8,"Alere Medical Co., Ltd.",Yes,1214,18875.83,289.85,FPQ-12252
86368,,,,,Côte d'Ivoire,,,,,,N/A - From RDC,,,,,,SCMS from RDC,,Nevirapine,Generic,10mg/ml,,,,,,,,,,,,104-CI-T30,SO-37720,DN-2122,PMO - US,From RDC,N/A - From RDC,Air,10/4/2010,31-Mar-11,15-Mar-11,15-Mar-11,ARV,Pediatric,"Nevirapine 10mg/ml, oral suspension w/syringe, Bottle, 240 ml",Oral suspension,240.0,2006.0,3911.7,1.95,0.01,"Aurobindo Unit III, India",No,See DN-2122 (ID#:84622),See DN-2122 (ID#:84622),8.43,FPQ-6495
86279,,,,,Nigeria,,,,,,N/A - From RDC,,,,,,SCMS from RDC,,Nevirapine,Generic,200mg,,,,,,,,,,,,151-NG-T30,SO-34896,DN-1706,PMO - US,From RDC,N/A - From RDC,Air Charter,11/6/2009,19-Apr-10,31-Mar-10,31-Mar-10,ARV,Adult,"Nevirapine 200mg, tablets, 60 Tabs",Tablet,60.0,3948.0,10778.04,2.73,0.05,"Aurobindo Unit III, India",Yes,380,Freight Included in Commodity Cost,23.24,FPQ-4537
58450,116-ZA-T30,FPQ-14942,SCMS-259078,ASN-33472,South Africa,PMO - US,Direct Drop,DDP,Truck,9/11/14,10/9/14,24-Jul-15,24-Jul-15,24-Jul-15,ARV,Adult,PHARMACY DIRECT,"Raltegravir 400mg [Isentress], tablets, 60 Tabs",Raltegravir,Isentress,400mg,Tablet,60.0,6.0,394.51,65.75,1.1,"MSD, Haarlem, NL",No,Weight Captured Separately,Freight Included in Commodity Cost,0.41,,,,,,,,,,,,,,,,,,,,,,,,,,
12827,,Pre-PQ Process,,,Nigeria,,,,,,N/A - From RDC,,,,,,SCMS from RDC,,Lopinavir/Ritonavir,Aluvia,200/50mg,,,,,,,,,,,,112-NG-T01,SO-11032,DN-920,PMO - US,From RDC,N/A - From RDC,Air,Pre-PQ Process,26-Sep-08,26-Sep-08,26-Sep-08,ARV,Adult,"Lopinavir/Ritonavir 200/50mg [Aluvia], tablets, 120 Tabs",Tablet,120.0,94.0,3863.4,41.1,0.34,ABBVIE Ludwigshafen Germany,Yes,27,1058,6.18,
86422,,FPQ-8383,,,Zambia,,,,,,N/A - From RDC,,,,,,SCMS from RDC,,Emtricitabine/Tenofovir Disoproxil Fumarate,Generic,200/300mg,,,,,,,,,,,,110-ZM-T30,SO-40742,DN-2433,PMO - US,From RDC,N/A - From RDC,Truck,9/11/2011,19-Jan-12,28-Nov-11,28-Nov-11,ARV,Adult,"Emtricitabine/Tenofovir Disoproxil Fumarate 200/300mg, tablets, 30 Tabs",Tablet - FDC,30.0,50000.0,448500.0,8.97,0.3,Mylan (formerly Matrix) Nashik,Yes,4155,6968.97,740.02,
47432,,,,,Côte d'Ivoire,,,,,,8/15/2013,,,,,,"Standard Diagnostics, Inc.",,"HIV 1/2, Bioline 3.0 Kit, Lancets, Capillary pipets, Alcohol swabs included",Bioline,,,,,,,,,,,,,104-CI-T30,SCMS-201213,ASN-26834,PMO - US,Direct Drop,EXW,Air,7/16/2013,8-Jul-14,8-Jul-14,10-Jul-14,HRDT,HIV test,"HIV 1/2, Bioline 3.0 Kit, Lancets, Capillary pipets, Alcohol swabs included, 25 Tests",Test kit,25.0,1400.0,28700.0,20.5,0.82,"Standard Diagnostics, Korea",Yes,468,5372.87,35.5,FPQ-12622
62158,,,,,South Africa,,,,,,5/11/2015,,,,,,PHARMACY DIRECT,,Efavirenz,Generic,600mg,,,,,,,,,,,,116-ZA-T30,SCMS-259075,ASN-32122,PMO - US,Direct Drop,DDP,Truck,9/11/2014,12-May-15,12-May-15,12-May-15,ARV,Adult,"Efavirenz 600mg, tablets, 30 Tabs",Tablet,30.0,34.0,383.14,11.27,0.38,"Aurobindo Unit III, India",No,Weight Captured Separately,Freight Included in Commodity Cost,0.39,FPQ-14942
7734,,Pre-PQ Process,,,South Africa,,,,,,Date Not Captured,,,,,,S. BUYS WHOLESALER,,Stavudine,Zerit,1mg/ml,,,,,,,,,,,,116-ZA-T01,SCMS-41190,ASN-3732,PMO - US,Direct Drop,DDP,Air,Pre-PQ Process,30-Mar-09,21-Jan-09,21-Jan-09,ARV,Pediatric,"Stavudine 1mg/ml [Zerit], powder for oral solution, Bottle, 200 ml",Powder for oral solution,200.0,650.0,741.0,1.14,0.01,"BMS Meymac, France",No,Weight Captured Separately,Freight Included in Commodity Cost,1.45,
36773,116-ZA-T30,FPQ-13214,SCMS-215410,ASN-23875,South Africa,PMO - US,Direct Drop,DDP,Truck,11/14/13,12/2/13,13-Jan-14,13-Jan-14,13-Jan-14,ARV,Pediatric,S. BUYS WHOLESALER,"Efavirenz 200mg, capsule, 90 Caps",Efavirenz,Generic,200mg,Capsule,90.0,12.0,264.95,22.08,0.25,"Aurobindo Unit III, India",No,Weight Captured Separately,Freight Included in Commodity Cost,0.27,,,,,,,,,,,,,,,,,,,,,,,,,,
86349,151-NG-T30,FPQ-5688,SO-37920,DN-2047,Nigeria,PMO - US,From RDC,N/A - From RDC,Air Charter,5/27/10,N/A - From RDC,18-Nov-10,9-Nov-10,9-Nov-10,ARV,Adult,SCMS from RDC,"Nevirapine 200mg, tablets, 60 Tabs",Nevirapine,Generic,200mg,Tablet,60.0,11022.0,28436.76,2.58,0.04,"Aurobindo Unit III, India",No,See DN-2047 (ID#:82925),See DN-2047 (ID#:82925),61.31,,,,,,,,,,,,,,,,,,,,,,,,,,
19105,107-RW-T30,FPQ-8741,SCMS-129760,ASN-15231,Rwanda,PMO - US,Direct Drop,EXW,Air,11/30/11,3/9/12,22-Jun-12,22-Jun-12,22-Jun-12,ARV,Pediatric,CIPLA LIMITED,"Abacavir 20mg/ml, oral solution, Bottle, 240 ml",Abacavir,Generic,20mg/ml,Oral solution,240.0,4534.0,38539.0,8.5,0.04,"Cipla, Goa, India",Yes,1631,13116.57,54.03,,,,,,,,,,,,,,,,,,,,,,,,,,
45929,,FPQ-13093,,,Mozambique,,,,,,11/13/2013,,,,,,"Orgenics, Ltd",,"HIV 1/2, Determine Complete HIV Kit",Determine,,,,,,,,,,,,,111-MZ-T30,SCMS-211560,ASN-24097,PMO - US,Direct Drop,EXW,Air,10/15/2013,10-Feb-14,10-Feb-14,15-Mar-14,HRDT,HIV test,"HIV 1/2, Determine Complete HIV Kit, 100 Tests",Test kit,100.0,9575.0,766000.0,80.0,0.8,"Alere Medical Co., Ltd.",Yes,3890,29244.02,787.45,
86400,,FPQ-8048,,,Uganda,,,,,,N/A - From RDC,,,,,,SCMS from RDC,,Zidovudine,Generic,300mg,,,,,,,,,,,,114-UG-T30,SO-40220,DN-2313,PMO - US,From RDC,N/A - From RDC,Truck,7/13/2011,22-Sep-11,26-Aug-11,26-Aug-11,ARV,Adult,"Zidovudine 300mg, tablets, 60 Tabs",Tablet,60.0,1684.0,11821.68,7.02,0.12,Hetero Unit III Hyderabad IN,No,See DN-2313 (ID#:85780),See DN-2313 (ID#:85780),19.51,
7421,119-NA-T01,Pre-PQ Process,SCMS-31190,ASN-2718,Namibia,PMO - US,Direct Drop,CIP,Air,Pre-PQ Process,9/24/08,28-Oct-08,28-Oct-08,28-Oct-08,HRDT,HIV test,"Orgenics, Ltd","HIV 1/2, Clearview Complete Kit, 25 Tests","HIV 1/2, Clearview Complete Kit",Clearview,,Test kit,25.0,7.0,525.0,75.0,3.0,Inverness USA,Yes,3,85.27,1.03,,,,,,,,,,,,,,,,,,,,,,,,,,
11351,,,,,Mozambique,,,,,,N/A - From RDC,,,,,,SCMS from RDC,,Efavirenz,Generic,600mg,,,,,,,,,,,,111-MZ-T01,SO-32560,DN-1395,PMO - US,From RDC,N/A - From RDC,Truck,Date Not Captured,7-Oct-09,7-Oct-09,7-Oct-09,ARV,Adult,"Efavirenz 600mg, tablets, 30 Tabs",Tablet,30.0,8662.0,84194.64,9.72,0.32,Mylan (formerly Matrix) Nashik,No,See DN-1395 (ID#:11350),See DN-1395 (ID#:11350),165.02,Pre-PQ Process
84842,101-CD-T30,FPQ-12033,SO-45020,DN-3268,"Congo, DRC",PMO - US,From RDC,N/A - From RDC,Air,4/8/13,N/A - From RDC,27-Aug-13,8-Feb-14,11-Mar-14,ARV,Adult,SCMS from RDC,"Lamivudine/Nevirapine/Zidovudine 150/200/300mg, tablets, 60 Tabs",Lamivudine/Nevirapine/Zidovudine,Generic,150/300/200mg,Tablet - FDC,60.0,20697.0,177580.26,8.58,0.14,Mylan (formerly Matrix) Nashik,No,See DN-3268 (ID#:82595),See DN-3268 (ID#:82595),219.67,,,,,,,,,,,,,,,,,,,,,,,,,,
52963,,FPQ-12837,,,Cameroon,,,,,,8/23/2013,,,,,,Aurobindo Pharma Limited,,Lamivudine/Tenofovir Disoproxil Fumarate,Generic,300/300mg,,,,,,,,,,,,901-CM-T30,SCMS-204300,ASN-21707,PMO - US,Direct Drop,EXW,Air,8/19/2013,7-Nov-13,7-Nov-13,8-Nov-13,ARV,Adult,"Lamivudine/Tenofovir Disoproxil Fumarate 300/300mg, tablets, 30 Tabs",Tablet - FDC,30.0,32426.0,150780.9,4.65,0.16,"Aurobindo Unit VII, IN",Yes,3234,26980.59,186.52,
53852,,FPQ-11828,,,South Africa,,,,,,Date Not Captured,,,,,,S. BUYS WHOLESALER,,Efavirenz,Generic,200mg,,,,,,,,,,,,116-ZA-T30,SCMS-183950,ASN-19166,South Africa Field Office,Direct Drop,DDP,Truck,3/18/2013,16-Apr-13,16-Apr-13,16-Apr-13,ARV,Pediatric,"Efavirenz 200mg, capsule, 90 Caps",Capsule,90.0,545.0,13007.18,23.87,0.27,"Aurobindo Unit III, India",No,Weight Captured Separately,Freight Included in Commodity Cost,16.09,
82402,,FPQ-8023,,,Guyana,,,,,,N/A - From RDC,,,,,,SCMS from RDC,,Zidovudine,Generic,300mg,,,,,,,,,,,,105-GY-T30,SO-40440,DN-2348,PMO - US,From RDC,N/A - From RDC,Air,8/19/2011,18-Oct-11,3-Oct-11,3-Oct-11,ARV,Adult,"Zidovudine 300mg, tablets, 60 Tabs",Tablet,60.0,726.0,5096.52,7.02,0.12,Hetero Unit III Hyderabad IN,Yes,199,3127.35,8.41,
9836,,,,,Rwanda,,,,,,8/6/2008,,,,,,HETERO LABS LIMITED,,Efavirenz,Generic,600mg,,,,,,,,,,,,107-RW-T01,SCMS-25910,ASN-2390,PMO - US,Direct Drop,CIP,Air,Pre-PQ Process,23-Sep-08,23-Sep-08,23-Sep-08,ARV,Adult,"Efavirenz 600mg, tablets, 30 Tabs",Tablet,30.0,83400.0,931578.0,11.17,0.37,Hetero Unit III Hyderabad IN,Yes,6701,87692.85,1490.52,Pre-PQ Process
51668,105-SS-T30,FPQ-15569,SCMS-272160,ASN-31331,South Sudan,PMO - US,Direct Drop,EXW,Air,12/29/14,2/20/15,3-Jun-15,3-Jun-15,5-Jun-15,HRDT,HIV test,"Orgenics, Ltd","HIV 1/2, Determine Complete HIV Kit, 100 Tests","HIV 1/2, Determine Complete HIV Kit",Determine,,Test kit,100.0,100.0,8900.0,89.0,0.89,"Alere Medical Co., Ltd.",Yes,Weight Captured Separately,Invoiced Separately,10.48,,,,,,,,,,,,,,,,,,,,,,,,,,
11527,,Pre-PQ Process,,,Zimbabwe,,,,,,N/A - From RDC,,,,,,SCMS from RDC,,Lamivudine/Nevirapine/Stavudine,Generic,150/200/30mg,,,,,,,,,,,,100-ZW-T01,SO-711,DN-604,PMO - US,From RDC,N/A - From RDC,Air,Pre-PQ Process,5-Mar-08,5-Mar-08,5-Mar-08,ARV,Adult,"Lamivudine/Nevirapine/Stavudine 150/200/30mg, tablets, 60 Tabs",Tablet - FDC,60.0,2508.0,18559.2,7.4,0.12,"Cipla, Goa, India",Yes,4303,12894.85,29.69,
84391,103-ZW-T30,FPQ-13967,SO-48431,DN-3824,Zimbabwe,PMO - US,From RDC,N/A - From RDC,Truck,4/2/14,N/A - From RDC,30-Nov-14,29-Jun-14,4-Aug-14,ARV,Pediatric,SCMS from RDC,"Lamivudine/Zidovudine 30/60mg, tablets, 60 Tabs",Lamivudine/Zidovudine,Generic,30/60mg,Tablet - FDC,60.0,23999.0,47758.01,1.99,0.03,Mylan (formerly Matrix) Nashik,Yes,1069,7500,49.1,,,,,,,,,,,,,,,,,,,,,,,,,,
10862,,,,,Mozambique,,,,,,N/A - From RDC,,,,,,SCMS from RDC,,Lamivudine/Nevirapine/Zidovudine,Generic,150/300/200mg,,,,,,,,,,,,111-MZ-T01,SO-298,DN-304,PMO - US,From RDC,N/A - From RDC,Air,Pre-PQ Process,21-Sep-07,21-Sep-07,21-Sep-07,ARV,Adult,"Lamivudine/Nevirapine/Zidovudine 150/200/300mg, tablets, 60 Tabs",Tablet - FDC,60.0,17191.0,300842.5,17.5,0.29,"Cipla, Goa, India",No,See DN-304 (ID#:10589),See DN-304 (ID#:10589),481.35,Pre-PQ Process
86121,,,,,Mozambique,,,,,,N/A - From RDC,,,,,,SCMS from RDC,,Lamivudine/Zidovudine,Generic,150/300mg,,,,,,,,,,,,111-MZ-T30,SO-47080,DN-3828,PMO - US,From RDC,N/A - From RDC,Truck,10/21/2013,29-Aug-14,5-Nov-14,7-Nov-14,ARV,Adult,"Lamivudine/Zidovudine 150/300mg, tablets, 60 Tabs",Tablet - FDC,60.0,90472.0,589877.44,6.52,0.11,"Aurobindo Unit III, India",No,See DN-3828 (ID#:82713),See DN-3828 (ID#:82713),606.39,FPQ-13123
11904,,,,,Haiti,,,,,,N/A - From RDC,,,,,,SCMS from RDC,,Efavirenz,Generic,600mg,,,,,,,,,,,,106-HT-T01,SO-15960,DN-946,PMO - US,From RDC,N/A - From RDC,Air,Pre-PQ Process,20-Oct-08,20-Oct-08,20-Oct-08,ARV,Adult,"Efavirenz 600mg, tablets, 30 Tabs",Tablet,30.0,27070.0,297770.0,11.0,0.37,"Aurobindo Unit III, India",No,See DN-946 (ID#:10983),See DN-946 (ID#:10983),476.43,Pre-PQ Process
50723,119-NA-T30,FPQ-7007,SCMS-98330,ASN-9834,Namibia,PMO - US,Direct Drop,EXW,Air,1/13/11,2/2/11,15-Mar-11,15-Mar-11,15-Mar-11,HRDT,HIV test,"Trinity Biotech, Plc","HIV 1/2, Uni-Gold HIV Kit, 20 Tests","HIV 1/2, Uni-Gold HIV Kit",Uni-Gold,,Test kit,20.0,520.0,16640.0,32.0,1.6,"Trinity Biotech, Plc",Yes,177,3496.34,27.46,,,,,,,,,,,,,,,,,,,,,,,,,,
71167,151-NG-T30,FPQ-12803,SCMS-207130,ASN-23375,Nigeria,PMO - US,Direct Drop,FCA,Air,8/13/13,9/17/13,10-Jan-14,10-Jan-14,10-Jan-14,ARV,Pediatric,ABBVIE LOGISTICS (FORMERLY ABBOTT LOGISTICS BV),"Lopinavir/Ritonavir 80/20mg/ml [Kaletra], oral solution, cool, Bottle 5 x 60 ml",Lopinavir/Ritonavir,Kaletra,80/20mg/ml,Oral solution,300.0,1943.0,59883.26,30.82,0.1,ABBVIE (Abbott) Logis. UK,Yes,1848,17654.94,74.08,,,,,,,,,,,,,,,,,,,,,,,,,,
80668,109-TZ-T30,FPQ-12050,SCMS-186890,ASN-19772,Tanzania,PMO - US,Direct Drop,FCA,Air,4/12/13,5/8/13,18-Jul-13,18-Jul-13,18-Jul-13,ARV,Pediatric,ABBVIE LOGISTICS (FORMERLY ABBOTT LOGISTICS BV),"Lopinavir/Ritonavir 100/25mg [Aluvia], tablets, 60 Tabs",Lopinavir/Ritonavir,Generic,100/25mg,Tablet,60.0,765.0,4544.1,5.94,0.1,ABBVIE Ludwigshafen Germany,Yes,84,1396.04,5.62,,,,,,,,,,,,,,,,,,,,,,,,,,
86074,,FPQ-13124,,,Mozambique,,,,,,N/A - From RDC,,,,,,SCMS from RDC,,Tenofovir Disoproxil Fumarate,Generic,300mg,,,,,,,,,,,,111-MZ-T30,SO-47052,DN-3645,PMO - US,From RDC,N/A - From RDC,Truck,10/21/2013,30-Jun-14,26-May-14,11-Jun-14,ARV,Adult,"Tenofovir Disoproxil Fumarate 300mg, tablets, 30 Tabs",Tablet,30.0,560.0,2116.8,3.78,0.13,Hetero Unit III Hyderabad IN,Yes,40,4100,2.18,
28210,,FPQ-10394,,,Tanzania,,,,,,8/9/2012,,,,,,Aurobindo Pharma Limited,,Efavirenz,Generic,600mg,,,,,,,,,,,,900-TZ-T30,SCMS-156500,ASN-16217,PMO - US,Direct Drop,EXW,Air,7/26/2012,9-Oct-12,9-Oct-12,9-Oct-12,ARV,Adult,"Efavirenz 600mg, tablets, 30 Tabs",Tablet,30.0,64980.0,214434.0,3.3,0.11,"Aurobindo Unit III, India",Yes,5578,18826.62,300.64,
84157,104-CI-T30,FPQ-8363,SO-40830,DN-2612,Côte d'Ivoire,PMO - US,From RDC,N/A - From RDC,Truck,8/29/11,N/A - From RDC,27-Apr-12,19-Apr-12,19-Apr-12,ARV,Adult,SCMS from RDC,"Lamivudine/Zidovudine 150/300mg, tablets, 60 Tabs",Lamivudine/Zidovudine,Generic,150/300mg,Tablet - FDC,60.0,7273.0,60074.98,8.26,0.14,"Cipla, Goa, India",Yes,650,4029.71,99.12,,,,,,,,,,,,,,,,,,,,,,,,,,
6884,,Pre-PQ Process,,,Haiti,,,,,,2/4/2008,,,,,,"Trinity Biotech, Plc",,"HIV 1/2, Capillus HIV Kit",Capillus,,,,,,,,,,,,,106-HT-T01,SCMS-15590,ASN-1328,PMO - US,Direct Drop,EXW,Air,Pre-PQ Process,18-Feb-08,18-Feb-08,18-Feb-08,HRDT,HIV test,"HIV 1/2, Capillus HIV Kit, 100 Tests",Test kit,100.0,8.0,1112.0,139.0,1.39,"Trinity Biotech, Plc",Yes,6,3238.79,1.78,
25083,,FPQ-10537,,,Swaziland,,,,,,9/12/2012,,,,,,"Trinity Biotech, Plc",,"HIV 1/2, Uni-Gold HIV Kit",Uni-Gold,,,,,,,,,,,,,102-SZ-T30,SCMS-159080,ASN-16585,PMO - US,Direct Drop,EXW,Air,8/23/2012,18-Jun-13,18-Jun-13,18-Jun-13,HRDT,HIV test,"HIV 1/2, Uni-Gold HIV Kit, 20 Tests",Test kit,20.0,150.0,4800.0,32.0,1.6,"Trinity Biotech, Plc",Yes,54,752.58,6.73,
83603,,FPQ-9506,,,Mozambique,,,,,,N/A - From RDC,,,,,,SCMS from RDC,,Zidovudine,Generic,300mg,,,,,,,,,,,,111-MZ-T30,SO-41750,DN-2739,PMO - US,From RDC,N/A - From RDC,Truck,3/16/2012,2-Oct-12,22-Aug-12,22-Aug-12,ARV,Adult,"Zidovudine 300mg, tablets, 60 Tabs",Tablet,60.0,24530.0,172200.6,7.02,0.12,Mylan (formerly Matrix) Nashik,Yes,1380,6483.81,241.43,
45020,116-ZA-T30,FPQ-13973,SCMS-238552,ASN-27610,South Africa,PMO - US,Direct Drop,DDP,Truck,4/30/14,8/5/14,5-Aug-14,5-Aug-14,5-Aug-14,ARV,Adult,PHARMACY DIRECT,"Raltegravir 400mg [Isentress], tablets, 60 Tabs",Raltegravir,Isentress,400mg,Tablet,60.0,20.0,1599.83,79.99,1.33,"MSD, Haarlem, NL",No,Weight Captured Separately,Freight Included in Commodity Cost,1.64,,,,,,,,,,,,,,,,,,,,,,,,,,
84169,113-ZW-T30,FPQ-8464,SO-40870,DN-2656,Zimbabwe,PMO - US,From RDC,N/A - From RDC,Truck,10/4/11,N/A - From RDC,12-Jun-12,25-May-12,25-May-12,ARV,Adult,SCMS from RDC,"Lamivudine/Zidovudine 150/300mg, tablets, 60 Tabs",Lamivudine/Zidovudine,Generic,150/300mg,Tablet - FDC,60.0,3345.0,26024.1,7.78,0.13,Mylan (formerly Matrix) Nashik,No,See DN-2656 (ID#:83032),See DN-2656 (ID#:83032),42.94,,,,,,,,,,,,,,,,,,,,,,,,,,
64989,,FPQ-11538,,,South Sudan,,,,,,2/22/2013,,,,,,"Trinity Biotech, Plc",,"HIV 1/2, Uni-Gold HIV Kit",Uni-Gold,,,,,,,,,,,,,105-SS-T30,SCMS-176921,ASN-19273,PMO - US,Direct Drop,EXW,Air,1/24/2013,29-Jun-13,29-Jun-13,29-Jun-13,HRDT,HIV test,"HIV 1/2, Uni-Gold HIV Kit, 20 Tests",Test kit,20.0,125.0,4000.0,32.0,1.6,"Trinity Biotech, Plc",Yes,40,1412.9,4.95,
84470,,,,,Mozambique,,,,,,N/A - From RDC,,,,,,SCMS from RDC,,Lamivudine/Tenofovir Disoproxil Fumarate,Generic,300/300mg,,,,,,,,,,,,111-MZ-T30,SO-50123,DN-4264,PMO - US,From RDC,N/A - From RDC,Truck,10/17/2014,30-Jun-15,22-Jun-15,25-Jun-15,ARV,Adult,"Lamivudine/Tenofovir Disoproxil Fumarate 300/300mg, tablets, 30 Tabs",Tablet - FDC,30.0,5763.0,26625.06,4.62,0.15,Hetero Unit III Hyderabad IN,Yes,599,3610,31.34,FPQ-15195
83804,,,,,Burundi,,,,,,N/A - From RDC,,,,,,SCMS from RDC,,Lamivudine/Zidovudine,Generic,150/300mg,,,,,,,,,,,,102-BI-T30,SO-46023,DN-3739,PMO - US,From RDC,N/A - From RDC,Air,7/9/2013,16-Jun-14,4-Jun-14,9-Jul-14,ARV,Adult,"Lamivudine/Zidovudine 150/300mg, tablets, 60 Tabs",Tablet - FDC,60.0,790.0,5150.8,6.52,0.11,Hetero Unit III Hyderabad IN,Yes,186,29.21,6.37,FPQ-12602
70329,,,,,South Africa,,,,,,5/11/2015,,,,,,PHARMACY DIRECT,,Raltegravir,Isentress,400mg,,,,,,,,,,,,116-ZA-T30,SCMS-259075,ASN-32138,PMO - US,Direct Drop,DDP,Truck,9/11/2014,12-May-15,12-May-15,12-May-15,ARV,Adult,"Raltegravir 400mg [Isentress], tablets, 60 Tabs",Tablet,60.0,3.0,183.49,61.16,1.02,"MSD, Haarlem, NL",No,Weight Captured Separately,Freight Included in Commodity Cost,0.19,FPQ-14942
36913,,FPQ-5496,,,Guyana,,,,,,6/21/2010,,,,,,"Trinity Biotech, Plc",,"HIV 1/2, Uni-Gold HIV Kit",Uni-Gold,,,,,,,,,,,,,102-GY-T30,SCMS-71600,ASN-7378,PMO - US,Direct Drop,EXW,Air,4/15/2010,27-Jul-10,27-Jul-10,27-Jul-10,HRDT,HIV test,"HIV 1/2, Uni-Gold HIV Kit, 20 Tests",Test kit,20.0,1470.0,47040.0,32.0,1.6,"Trinity Biotech, Plc",Yes,500,5255.14,101.42,
57812,,,,,Vietnam,,,,,,2/17/2015,,,,,,HETERO LABS LIMITED,,Efavirenz/Lamivudine/Tenofovir Disoproxil Fumarate,Generic,600/300/300mg,,,,,,,,,,,,108-VN-T30,SCMS-274390,ASN-32270,PMO - US,Direct Drop,EXW,Air,1/28/2015,10-Jul-15,10-Jul-15,10-Jul-15,ARV,Adult,"Efavirenz/Lamivudine/Tenofovir Disoproxil Fumarate 600/300/300mg, tablets, 30 Tabs",Tablet - FDC,30.0,1144.0,11440.0,10.0,0.33,Hetero Unit III Hyderabad IN,No,See ASN-32270 (ID#:35968),See ASN-32270 (ID#:35968),13.46,FPQ-15692
60866,,FPQ-14942,,,South Africa,,,,,,8/24/2015,,,,,,PHARMACY DIRECT,,Etravirine,Intelence,100mg,,,,,,,,,,,,116-ZA-T30,SCMS-295800,ASN-33864,PMO - US,Direct Drop,DDP,Truck,9/11/2014,24-Aug-15,24-Aug-15,24-Aug-15,ARV,Adult,"Etravirine 100mg [Intelence], tablets, 120 Tabs",Tablet,120.0,18.0,495.23,27.51,0.23,"Janssen-Cilag, Latina, IT",No,Weight Captured Separately,Freight Included in Commodity Cost,0.51,
11326,110-ZM-T01,Pre-PQ Process,SO-30300,DN-1250,Zambia,PMO - US,From RDC,N/A - From RDC,Truck,Pre-PQ Process,N/A - From RDC,15-Jun-09,15-Jun-09,15-Jun-09,ARV,Adult,SCMS from RDC,"Abacavir 300mg, tablets, 60 Tabs",Abacavir,Generic,300mg,Tablet,60.0,4594.0,116917.3,25.45,0.42,Mylan (formerly Matrix) Nashik,No,See DN-1250 (ID#:10774),See DN-1250 (ID#:10774),229.16,,,,,,,,,,,,,,,,,,,,,,,,,,
82388,,,,,Zambia,,,,,,N/A - From RDC,,,,,,SCMS from RDC,,Nevirapine,Generic,10mg/ml,,,,,,,,,,,,110-ZM-T30,SO-39040,DN-2273,PMO - US,From RDC,N/A - From RDC,Truck,3/1/2011,15-Aug-11,5-Aug-11,5-Aug-11,ARV,Pediatric,"Nevirapine 10mg/ml, oral suspension, Bottle, 240 ml",Oral suspension,240.0,20000.0,36000.0,1.8,0.01,"Aurobindo Unit III, India",Yes,7469,3949.19,59.4,FPQ-7233
11825,110-ZM-T01,Pre-PQ Process,SO-1328,DN-464,Zambia,PMO - US,From RDC,N/A - From RDC,,Pre-PQ Process,N/A - From RDC,2-Jan-08,2-Jan-08,2-Jan-08,ARV,Pediatric,SCMS from RDC,"Efavirenz 200mg, capsule, 90 Caps",Efavirenz,Generic,200mg,Capsule,90.0,672.0,10752.0,16.0,0.18,"Aurobindo Unit III, India",Yes,128,845,17.2,,,,,,,,,,,,,,,,,,,,,,,,,,
85099,,,,,Nigeria,,,,,,N/A - From RDC,,,,,,SCMS from RDC,,Emtricitabine/Tenofovir Disoproxil Fumarate,Generic,200/300mg,,,,,,,,,,,,151-NG-T30,SO-35073,DN-1731,PMO - US,From RDC,N/A - From RDC,Air Charter,11/6/2009,19-Apr-10,31-Mar-10,31-Mar-10,ARV,Adult,"Emtricitabine/Tenofovir Disoproxil Fumarate 200/300mg, tablets, 30 Tabs",Tablet - FDC,30.0,35000.0,411250.0,11.75,0.39,Mylan (formerly Matrix) Nashik,Yes,2825,Freight Included in Commodity Cost,886.66,FPQ-4537
993,107-RW-T01,Pre-PQ Process,SCMS-38660,ASN-3710,Rwanda,PMO - US,Direct Drop,EXW,Air,Pre-PQ Process,2/18/09,28-Apr-09,28-Apr-09,28-Apr-09,HRDT,HIV test,Premier Medical Corporation Ltd.,"HIV 1/2/O, First Response HIV 1-2.0, v.3.0 Cards Kit, 30 Tests","HIV 1/2/O, First Response HIV 1-2.0, v.3.0 Cards Kit",First Response,,Test kit,30.0,8249.0,185602.5,22.5,0.75,Premier Med. Corp Ltd. India,Yes,2800,12595.81,363.78,,,,,,,,,,,,,,,,,,,,,,,,,,
11967,,,,,Nigeria,,,,,,N/A - From RDC,,,,,,SCMS from RDC,,Emtricitabine/Tenofovir Disoproxil Fumarate,Truvada,300/200mg,,,,,,,,,,,,151-NG-T01,SO-22522,DN-1198,PMO - US,From RDC,N/A - From RDC,Air,Pre-PQ Process,30-Apr-09,30-Apr-09,30-Apr-09,ARV,Adult,"Emtricitabine/Tenofovir Disoproxil Fumarate 200/300mg [Truvada], tablets, 30 Tabs",Tablet - FDC,30.0,2067.0,54258.75,26.25,0.88,"Aspen-OSD, Port Elizabeth, SA",Yes,235,2922.53,106.35,Pre-PQ Process
1724,116-ZA-T01,Pre-PQ Process,SCMS-21460,ASN-1667,South Africa,PMO - US,Direct Drop,DDP,,Pre-PQ Process,4/4/08,25-Apr-08,7-Apr-08,7-Apr-08,ARV,Adult,S. BUYS WHOLESALER,"Didanosine EC 250mg [Videx EC], delayed-release capsules, Blister 3 x 10 Caps",Didanosine EC,Videx EC,250mg,Delayed-release capsules - blister,30.0,100.0,1849.0,18.49,0.62,"BMS Meymac, France",No,Weight Captured Separately,Freight Included in Commodity Cost,2.96,,,,,,,,,,,,,,,,,,,,,,,,,,
9694,,Pre-PQ Process,,,South Africa,,,,,,4/4/2008,,,,,,S. BUYS WHOLESALER,,Didanosine EC,Videx EC,400mg,,,,,,,,,,,,116-ZA-T01,SCMS-21460,ASN-1667,PMO - US,Direct Drop,DDP,,Pre-PQ Process,25-Apr-08,7-Apr-08,7-Apr-08,ARV,Adult,"Didanosine EC 400mg [Videx EC], delayed-release capsules, Blister 3 x 10 Caps",Delayed-release capsules - blister,30.0,100.0,2386.0,23.86,0.8,"BMS Meymac, France",No,Weight Captured Separately,Freight Included in Commodity Cost,3.82,
11320,,,,,Mozambique,,,,,,N/A - From RDC,,,,,,SCMS from RDC,,Lamivudine/Nevirapine/Zidovudine,Generic,150/300/200mg,,,,,,,,,,,,111-MZ-T01,SO-30140,DN-1233,PMO - US,From RDC,N/A - From RDC,Air,Pre-PQ Process,16-Jun-09,16-Jun-09,16-Jun-09,ARV,Adult,"Lamivudine/Nevirapine/Zidovudine 150/200/300mg, tablets, 60 Tabs",Tablet - FDC,60.0,7044.0,83119.2,11.8,0.2,Mylan (formerly Matrix) Nashik,Yes,Weight Captured Separately,Invoiced Separately,162.91,Pre-PQ Process
86563,114-UG-T30,FPQ-10946,SO-43650,DN-3121,Uganda,PMO - US,From RDC,N/A - From RDC,Air,11/1/12,N/A - From RDC,9-Aug-13,9-Aug-13,9-Aug-13,ARV,Adult,SCMS from RDC,"Nevirapine 200mg, tablets, 60 Tabs",Nevirapine,Generic,200mg,Tablet,60.0,32298.0,72993.48,2.26,0.04,Hetero Unit III Hyderabad IN,No,See DN-3121 (ID#:83677),See DN-3121 (ID#:83677),90.29,,,,,,,,,,,,,,,,,,,,,,,,,,
83886,151-NG-T30,FPQ-14766,SO-49683,DN-4128,Nigeria,PMO - US,From RDC,N/A - From RDC,Air Charter,8/13/14,N/A - From RDC,28-Feb-15,5-Feb-15,16-Feb-15,ARV,Adult,SCMS from RDC,"Lamivudine/Nevirapine/Zidovudine 150/200/300mg, tablets, 60 Tabs",Lamivudine/Nevirapine/Zidovudine,Generic,150/300/200mg,Tablet - FDC,60.0,42500.0,328100.0,7.72,0.13,Hetero Unit III Hyderabad IN,Yes,6229,12045.84,337.29,,,,,,,,,,,,,,,,,,,,,,,,,,
16084,,,,,South Africa,,,,,,3/9/2015,,,,,,PHARMACY DIRECT,,Didanosine,Generic,250mg,,,,,,,,,,,,116-ZA-T30,SCMS-259074,ASN-31070,PMO - US,Direct Drop,DDP,Truck,9/11/2014,9-Mar-15,9-Mar-15,9-Mar-15,ARV,Adult,"Didanosine 250mg, delayed-release capsules, 30 Caps",Delayed-release capsules,30.0,1.0,11.02,11.02,0.37,"Aurobindo Unit III, India",No,Weight Captured Separately,Freight Included in Commodity Cost,0.01,FPQ-14942
49494,,,,,Vietnam,,,,,,4/30/2014,,,,,,HETERO LABS LIMITED,,Efavirenz/Lamivudine/Tenofovir Disoproxil Fumarate,Generic,600/300/300mg,,,,,,,,,,,,108-VN-T30,SCMS-236120,ASN-27809,PMO - US,Direct Drop,EXW,Air,4/8/2014,16-Sep-14,16-Sep-14,1-Oct-14,ARV,Adult,"Efavirenz/Lamivudine/Tenofovir Disoproxil Fumarate 600/300/300mg, tablets, 30 Tabs",Tablet - FDC,30.0,3096.0,32508.0,10.5,0.35,Hetero Unit III Hyderabad IN,No,See ASN-27809 (ID#:13106),See ASN-27809 (ID#:13106),33.42,FPQ-13976
84752,,FPQ-9927,,,Zimbabwe,,,,,,N/A - From RDC,,,,,,SCMS from RDC,,Nevirapine,Generic,200mg,,,,,,,,,,,,102-ZW-T30,SO-42281,DN-2835,PMO - US,From RDC,N/A - From RDC,Truck,5/15/2012,25-Sep-12,3-Sep-12,3-Sep-12,ARV,Adult,"Nevirapine 200mg, tablets, 60 Tabs",Tablet,60.0,60794.0,147121.48,2.42,0.04,Mylan (formerly Matrix) Nashik,Yes,6003,7423.38,206.26,
3039,111-MZ-T01,Pre-PQ Process,SCMS-18060,ASN-1651,Mozambique,PMO - US,Direct Drop,EXW,Air,Pre-PQ Process,2/25/08,13-Jun-08,13-Jun-08,13-Jun-08,HRDT,HIV test - Ancillary,"Orgenics, Ltd","HIV, Lancet, Safety, for HIV Test kits, 100 Pcs","HIV, Lancet, Safety, for HIV Test kits, 100 Pcs",Generic,,Test kit - Ancillary,100.0,4200.0,42.0,0.01,0.0,Inverness Japan,Yes,Weight Captured Separately,Invoiced Separately,0.07,,,,,,,,,,,,,,,,,,,,,,,,,,
84576,151-NG-T30,FPQ-5023,SO-36530,DN-1924,Nigeria,PMO - US,From RDC,N/A - From RDC,Air,2/10/10,N/A - From RDC,15-Jul-10,28-Jun-10,28-Jun-10,ARV,Adult,SCMS from RDC,"Lamivudine/Zidovudine+Efavirenz 150/300mg+600mg, tablets, co-blister 60+30 Tabs",Lamivudine/Zidovudine+Efavirenz,Generic,150/300mg+600mg,Tablet - FDC + co-blister,90.0,87.0,1827.0,21.0,0.23,"Aurobindo Unit III, India",Yes,42,Freight Included in Commodity Cost,3.94,,,,,,,,,,,,,,,,,,,,,,,,,,
80872,,FPQ-12622,,,Côte d'Ivoire,,,,,,8/15/2013,,,,,,"Standard Diagnostics, Inc.",,"HIV 1/2, Bioline 3.0 Kit, Lancets, Capillary pipets, Alcohol swabs included",Bioline,,,,,,,,,,,,,104-CI-T30,SCMS-201212,ASN-25596,PMO - US,Direct Drop,EXW,Air,7/16/2013,30-Apr-14,30-Apr-14,2-May-14,HRDT,HIV test,"HIV 1/2, Bioline 3.0 Kit, Lancets, Capillary pipets, Alcohol swabs included, 25 Tests",Test kit,25.0,1400.0,28700.0,20.5,0.82,"Standard Diagnostics, Korea",Yes,469,5463.16,35.5,
49694,161-ZA-T30,FPQ-6262,SCMS-83770,ASN-9935,South Africa,PMO - US,Direct Drop,DDP,Ocean,8/31/10,9/24/10,7-Apr-11,7-Apr-11,7-Apr-11,ARV,Adult,Aurobindo Pharma Limited,"Zidovudine 300mg, tablets, 60 Tabs",Zidovudine,Generic,300mg,Tablet,60.0,70030.0,513319.9,7.33,0.12,"Aurobindo Unit III, India",Yes,3534,17919.41,1106.72,,,,,,,,,,,,,,,,,,,,,,,,,,
85263,106-HT-T30,FPQ-9056,SO-41310,DN-2667,Haiti,PMO - US,From RDC,N/A - From RDC,Air,12/20/11,N/A - From RDC,29-Jun-12,6-Jun-12,6-Jun-12,ARV,Adult,SCMS from RDC,"Lamivudine/Tenofovir Disoproxil Fumarate 300/300mg, tablets, 30 Tabs",Lamivudine/Tenofovir Disoproxil Fumarate,Generic,300/300mg,Tablet - FDC,30.0,50928.0,282141.12,5.54,0.18,"Cipla, Kurkumbh, India",Yes,5456,53775.56,395.56,,,,,,,,,,,,,,,,,,,,,,,,,,
41798,161-ZA-T30,FPQ-6262,SCMS-83790,ASN-9195,South Africa,PMO - US,Direct Drop,DDP,Ocean,8/31/10,9/24/10,31-Jan-11,1-Feb-11,1-Feb-11,ARV,Adult,Aurobindo Pharma Limited,"Lamivudine 150mg, tablets, 60 Tabs",Lamivudine,Generic,150mg,Tablet,60.0,17013.0,40320.81,2.37,0.04,"Aurobindo Unit III, India",No,See ASN-9195 (ID#:39724),See ASN-9195 (ID#:39724),86.93,,,,,,,,,,,,,,,,,,,,,,,,,,
42778,,,,,South Sudan,,,,,,2/20/2015,,,,,,"Orgenics, Ltd",,"Chase Buffer, Determine, 100 Tests, 2.5ml x 1 Vial",Determine,,,,,,,,,,,,,105-SS-T30,SCMS-272160,ASN-31335,PMO - US,Direct Drop,EXW,Air,12/29/2014,3-Jun-15,3-Jun-15,5-Jun-15,HRDT,HIV test - Ancillary,"Chase Buffer, Determine, 100 Tests, 2.5ml x 1 Vial",Test kit - Ancillary,1.0,15.0,75.0,5.0,5.0,"Alere Medical Co., Ltd.",Yes,Weight Captured Separately,Invoiced Separately,0.09,FPQ-15569
10647,,,,,Zimbabwe,,,,,,N/A - From RDC,,,,,,SCMS from RDC,,Efavirenz,Generic,600mg,,,,,,,,,,,,100-ZW-T01,SO-708,DN-479,PMO - US,From RDC,N/A - From RDC,Air,Pre-PQ Process,5-Feb-08,5-Feb-08,5-Feb-08,ARV,Adult,"Efavirenz 600mg, tablets, 30 Tabs",Tablet,30.0,1860.0,23101.2,12.42,0.41,"Cipla, Goa, India",Yes,2425,13356.65,36.96,Pre-PQ Process
53775,,FPQ-8315,,,Zambia,,,,,,9/22/2011,,,,,,"Orgenics, Ltd",,"HIV 1/2, Determine Complete HIV Kit",Determine,,,,,,,,,,,,,110-ZM-T30,SCMS-120570,ASN-13031,PMO - US,Direct Drop,EXW,Air,8/31/2011,20-Dec-11,20-Dec-11,20-Dec-11,HRDT,HIV test,"HIV 1/2, Determine Complete HIV Kit, 100 Tests",Test kit,100.0,2884.0,230720.0,80.0,0.8,"Alere Medical Co., Ltd.",Yes,1374,25052.44,380.69,
1803,116-ZA-T01,Pre-PQ Process,SCMS-23500,ASN-2300,South Africa,PMO - US,Direct Drop,DDP,Truck,Pre-PQ Process,Date Not Captured,20-Aug-08,14-May-08,14-May-08,ARV,Adult,S. BUYS WHOLESALER,"Zidovudine 300mg [Retrovir], tablets, 60 Tabs",Zidovudine,Retrovir,300mg,Tablet,60.0,1000.0,16630.0,16.63,0.28,GSK Aranda,Yes,Weight Captured Separately,Freight Included in Commodity Cost,26.61,,,,,,,,,,,,,,,,,,,,,,,,,,
86698,,FPQ-14226,,,Mozambique,,,,,,N/A - From RDC,,,,,,SCMS from RDC,,Lamivudine/Tenofovir Disoproxil Fumarate,Generic,300/300mg,,,,,,,,,,,,111-MZ-T30,SO-49390,DN-3886,PMO - US,From RDC,N/A - From RDC,Truck,5/2/2014,30-Sep-14,30-Oct-14,13-Nov-14,ARV,Adult,"Lamivudine/Tenofovir Disoproxil Fumarate 300/300mg, tablets, 30 Tabs",Tablet - FDC,30.0,2199.0,10203.36,4.64,0.15,"Aurobindo Unit VII, IN",No,See DN-3886 (ID#:83817),See DN-3886 (ID#:83817),10.49,
15460,106-HT-T30,FPQ-15038,SCMS-262980,ASN-30463,Haiti,PMO - US,Direct Drop,EXW,Ocean,10/22/14,1/7/15,9-Apr-15,9-Apr-15,13-Apr-15,ARV,Adult,HETERO LABS LIMITED,"Lamivudine/Tenofovir Disoproxil Fumarate 300/300mg, tablets, 30 Tabs",Lamivudine/Tenofovir Disoproxil Fumarate,Generic,300/300mg,Tablet - FDC,30.0,36831.0,170159.22,4.62,0.15,Hetero Unit III Hyderabad IN,Yes,17826,20526.23,174.92,,,,,,,,,,,,,,,,,,,,,,,,,,
69925,127-KE-T30,FPQ-8155,SCMS-119170,ASN-12443,Kenya,PMO - US,Direct Drop,EXW,Air,8/5/11,8/29/11,31-Oct-11,31-Oct-11,31-Oct-11,HRDT,HIV test,"Standard Diagnostics, Inc.","HIV 1/2, Bioline 3.0 Kit, Lancets, Capillary pipets, Alcohol swabs included, 25 Tests","HIV 1/2, Bioline 3.0 Kit, Lancets, Capillary pipets, Alcohol swabs included",Bioline,,Test kit,25.0,15304.0,306080.0,20.0,0.8,"Standard Diagnostics, Korea",Yes,5102,33718.08,505.03,,,,,,,,,,,,,,,,,,,,,,,,,,
84787,,FPQ-11281,,,Haiti,,,,,,N/A - From RDC,,,,,,SCMS from RDC,,Lamivudine/Nevirapine/Stavudine,Generic,30/50/6mg,,,,,,,,,,,,106-HT-T30,SO-44410,DN-3014,PMO - US,From RDC,N/A - From RDC,Air,1/16/2013,9-Apr-13,3-Jan-13,3-Jan-13,ARV,Pediatric,"Lamivudine/Nevirapine/Stavudine 30/50/6mg, dispersible tablets, 60 Tabs",Chewable/dispersible tablet - FDC,60.0,562.0,1292.6,2.3,0.04,"Cipla, Goa, India",No,See DN-3014 (ID#:83655),See DN-3014 (ID#:83655),1.6,
13568,,FPQ-14942,,,South Africa,,,,,,3/9/2015,,,,,,PHARMACY DIRECT,,Efavirenz,Generic,600mg,,,,,,,,,,,,116-ZA-T30,SCMS-259074,ASN-31070,PMO - US,Direct Drop,DDP,Truck,9/11/2014,9-Mar-15,9-Mar-15,9-Mar-15,ARV,Adult,"Efavirenz 600mg, tablets, 30 Tabs",Tablet,30.0,139.0,1566.38,11.27,0.38,"Aurobindo Unit III, India",Yes,Weight Captured Separately,Freight Included in Commodity Cost,1.61,
12684,109-TZ-T01,Pre-PQ Process,SO-455,DN-290,Tanzania,PMO - US,From RDC,N/A - From RDC,,Pre-PQ Process,N/A - From RDC,10-Sep-07,10-Sep-07,10-Sep-07,ARV,Pediatric,SCMS from RDC,"Lopinavir/Ritonavir 80/20mg/ml [Kaletra], oral solution, cool, Bottle 5 x 60 ml",Lopinavir/Ritonavir,Kaletra,80/20mg/ml,Oral solution,300.0,147.0,6041.7,41.1,0.14,ABBVIE (Abbott) Logis. UK,No,See DN-290 (ID#:10859),See DN-290 (ID#:10859),9.67,,,,,,,,,,,,,,,,,,,,,,,,,,
50261,,,,,Zimbabwe,,,,,,5/26/2014,,,,,,Aurobindo Pharma Limited,,Lamivudine/Tenofovir Disoproxil Fumarate,Generic,300/300mg,,,,,,,,,,,,113-ZW-T30,SCMS-240580,ASN-27033,PMO - US,Direct Drop,EXW,Air Charter,4/1/2014,23-Jul-14,22-Jul-14,29-Jul-14,ARV,Adult,"Lamivudine/Tenofovir Disoproxil Fumarate 300/300mg, tablets, 30 Tabs",Tablet - FDC,30.0,18000.0,83700.0,4.65,0.16,"Aurobindo Unit VII, IN",Yes,1764,13959.22,86.04,FPQ-13939
19712,,,,,Vietnam,,,,,,10/10/2013,,,,,,HETERO LABS LIMITED,,Efavirenz,Generic,600mg,,,,,,,,,,,,108-VN-T30,SCMS-210120,ASN-24394,PMO - US,Direct Drop,EXW,Air,10/4/2013,23-Apr-14,23-Apr-14,23-Apr-14,ARV,Adult,"Efavirenz 600mg, tablets, 30 Tabs",Tablet,30.0,2516.0,8151.84,3.24,0.11,Hetero Unit III Hyderabad IN,No,See ASN-24394 (ID#:16053),See ASN-24394 (ID#:16053),10.08,FPQ-13034
18679,,,,,Haiti,,,,,,3/7/2013,,,,,,HETERO LABS LIMITED,,Efavirenz/Lamivudine/Tenofovir Disoproxil Fumarate,Generic,600/300/300mg,,,,,,,,,,,,106-HT-T30,SCMS-177150,ASN-19530,PMO - US,Direct Drop,EXW,Ocean,1/30/2013,25-Jul-13,25-Jul-13,25-Jul-13,ARV,Adult,"Efavirenz/Lamivudine/Tenofovir Disoproxil Fumarate 600/300/300mg, tablets, 30 Tabs",Tablet - FDC,30.0,54090.0,567945.0,10.5,0.35,Hetero Unit III Hyderabad IN,Yes,7140,7992.56,702.55,FPQ-11442
73379,,,,,South Africa,,,,,,12/2/2013,,,,,,S. BUYS WHOLESALER,,Zidovudine,Generic,300mg,,,,,,,,,,,,116-ZA-T30,SCMS-215370,ASN-24415,PMO - US,Direct Drop,DDP,Truck,10/8/2013,6-Feb-14,6-Feb-14,6-Feb-14,ARV,Adult,"Zidovudine 300mg, tablets, 60 Tabs",Tablet,60.0,22.0,543.68,24.71,0.41,"Aurobindo Unit III, India",No,Weight Captured Separately,Freight Included in Commodity Cost,0.67,FPQ-13035
35539,102-SD-T30,FPQ-8261,SCMS-120453,ASN-13275,Sudan,PMO - US,Direct Drop,EXW,Air,8/29/11,9/14/11,3-Feb-12,3-Feb-12,3-Feb-12,HRDT,HIV test,"Orgenics, Ltd","HIV 1/2, Determine Complete HIV Kit, 100 Tests","HIV 1/2, Determine Complete HIV Kit",Determine,,Test kit,100.0,20.0,1780.0,89.0,0.89,"Alere Medical Co., Ltd.",Yes,10,900.53,2.94,,,,,,,,,,,,,,,,,,,,,,,,,,
84535,104-CI-T30,FPQ-4378,SO-34451,DN-1670,Côte d'Ivoire,PMO - US,From RDC,N/A - From RDC,Air,10/15/09,N/A - From RDC,16-Mar-10,10-Mar-10,10-Mar-10,ARV,Pediatric,SCMS from RDC,"Lamivudine 10mg/ml, oral solution, Bottle, 240 ml",Lamivudine,Generic,10mg/ml,Oral solution,240.0,2345.0,4455.5,1.9,0.01,"Cipla, Goa, India",No,See DN-1670 (ID#:82862),See DN-1670 (ID#:82862),8.73,,,,,,,,,,,,,,,,,,,,,,,,,,
7732,116-ZA-T01,Pre-PQ Process,SCMS-41140,ASN-3752,South Africa,PMO - US,Direct Drop,DDP,Air,Pre-PQ Process,Date Not Captured,31-Mar-09,21-Nov-08,21-Nov-08,ARV,Pediatric,S. BUYS WHOLESALER,"Didanosine 100mg [Videx],chewable tablets, 60 Tabs",Didanosine,Videx,100mg,Chewable/dispersible tablet,60.0,10.0,100.6,10.06,0.17,"BMS Meymac, France",No,Weight Captured Separately,Freight Included in Commodity Cost,0.2,,,,,,,,,,,,,,,,,,,,,,,,,,
11832,,Pre-PQ Process,,,Zimbabwe,,,,,,N/A - From RDC,,,,,,SCMS from RDC,,Lamivudine/Nevirapine/Stavudine,Generic,150/200/30mg,,,,,,,,,,,,100-ZW-T01,SO-710,DN-488,PMO - US,From RDC,N/A - From RDC,Air,Pre-PQ Process,14-Jan-08,14-Jan-08,14-Jan-08,ARV,Adult,"Lamivudine/Nevirapine/Stavudine 150/200/30mg, tablets, 60 Tabs",Tablet - FDC,60.0,34732.0,257016.8,7.4,0.12,"Cipla, Goa, India",No,See DN-488 (ID#:10652),See DN-488 (ID#:10652),411.23,
23756,,FPQ-14689,,,Namibia,,,,,,8/29/2014,,,,,,HETERO LABS LIMITED,,Lamivudine/Nevirapine/Zidovudine,Generic,150/300/200mg,,,,,,,,,,,,901-NA-T30,SCMS-253440,ASN-29096,PMO - US,Direct Drop,EXW,Air,7/30/2014,19-Nov-14,19-Nov-14,3-Dec-14,ARV,Adult,"Lamivudine/Nevirapine/Zidovudine 150/200/300mg, tablets, 60 Tabs",Tablet - FDC,60.0,33516.0,277847.64,8.29,0.14,"Hetero, Jadcherla, unit 5, IN",Yes,4237,6786.64,285.63,
84609,104-CI-T30,FPQ-5925,SO-37740,DN-2064,Côte d'Ivoire,PMO - US,From RDC,N/A - From RDC,Air,6/23/10,N/A - From RDC,30-Nov-10,9-Dec-10,9-Dec-10,ARV,Pediatric,SCMS from RDC,"Stavudine 1mg/ml, powder for oral solution w/syringe, 200 ml",Stavudine,Generic,1mg/ml,Powder for oral solution,200.0,6551.0,8778.34,1.34,0.01,"Aurobindo Unit III, India",No,See DN-2064 (ID#:83469),See DN-2064 (ID#:83469),18.93,,,,,,,,,,,,,,,,,,,,,,,,,,
85154,102-UG-T30,FPQ-6403,SO-37460,DN-2026,Uganda,PMO - US,From RDC,N/A - From RDC,Air,9/16/10,N/A - From RDC,20-Oct-10,25-Oct-10,25-Oct-10,ARV,Adult,SCMS from RDC,"Lamivudine/Zidovudine 150/300mg, tablets, 60 Tabs",Lamivudine/Zidovudine,Generic,150/300mg,Tablet - FDC,60.0,21506.0,183876.3,8.55,0.14,Hetero Unit III Hyderabad IN,No,See DN-2026 (ID#:84047),See DN-2026 (ID#:84047),396.44,,,,,,,,,,,,,,,,,,,,,,,,,,
39589,,FPQ-13797,,,Haiti,,,,,,4/30/2014,,,,,,CIPLA LIMITED,,Lamivudine/Tenofovir Disoproxil Fumarate,Generic,300/300mg,,,,,,,,,,,,106-HT-T30,SCMS-233970,ASN-27795,PMO - US,Direct Drop,EXW,Air,3/20/2014,14-Oct-14,14-Oct-14,20-Oct-14,ARV,Adult,"Lamivudine/Tenofovir Disoproxil Fumarate 300/300mg, tablets, 30 Tabs",Tablet - FDC,30.0,8806.0,40419.54,4.59,0.15,"Cipla, Kurkumbh, India",Yes,979,6161.47,41.55,
83686,151-NG-T30,FPQ-11022,SO-44262,DN-3172,Nigeria,PMO - US,From RDC,N/A - From RDC,Air Charter,11/15/12,N/A - From RDC,28-May-13,10-May-13,10-May-13,ARV,Adult,SCMS from RDC,"Efavirenz/Lamivudine/Tenofovir Disoproxil Fumarate 600/300/300mg, tablets, 30 Tabs",Efavirenz/Lamivudine/Tenofovir Disoproxil Fumarate,Generic,600/300/300mg,Tablet - FDC,30.0,120000.0,1262400.0,10.52,0.35,Hetero Unit III Hyderabad IN,Yes,17470,20666.07,1561.59,,,,,,,,,,,,,,,,,,,,,,,,,,
84218,110-ZM-T30,FPQ-10728,SO-43451,DN-3003,Zambia,PMO - US,From RDC,N/A - From RDC,Truck,10/5/12,N/A - From RDC,15-Mar-13,19-Feb-13,19-Feb-13,ARV,Adult,SCMS from RDC,"Efavirenz/Emtricitabine/Tenofovir Disoproxil Fumarate 600/200/300mg, tablets, 30 Tabs",Efavirenz/Emtricitabine/Tenofovir Disoproxil Fumarate,Generic,600/200/300mg,Tablet - FDC,30.0,30114.0,412260.66,13.69,0.46,Mylan (formerly Matrix) Nashik,Yes,1230,6923.53,577.99,,,,,,,,,,,,,,,,,,,,,,,,,,
10927,,Pre-PQ Process,,,Mozambique,,,,,,N/A - From RDC,,,,,,SCMS from RDC,,Abacavir/Lamivudine/Zidovudine,Trizivir,300/150/300mg,,,,,,,,,,,,111-MZ-T01,SO-1039,DN-628,PMO - US,From RDC,N/A - From RDC,Air,Pre-PQ Process,8-Apr-08,5-Apr-08,5-Apr-08,ARV,Adult,"Abacavir/Lamivudine/Zidovudine 300/150/300mg [Trizivir], tablets, 60 Tabs",Tablet - FDC,60.0,213.0,14910.0,70.0,1.17,GSK Ware (UK),No,See DN-628 (ID#:10654),See DN-628 (ID#:10654),23.86,
82577,151-NG-T30,FPQ-11022,SO-45201,DN-3176,Nigeria,PMO - US,From RDC,N/A - From RDC,Air Charter,11/15/12,N/A - From RDC,21-May-13,10-May-13,10-May-13,ARV,Adult,SCMS from RDC,"Nevirapine 200mg, tablets, 60 Tabs",Nevirapine,Generic,200mg,Tablet,60.0,95000.0,214700.0,2.26,0.04,"Cipla, Goa, India",Yes,12686,41332.14,265.58,,,,,,,,,,,,,,,,,,,,,,,,,,
11583,111-MZ-T01,Pre-PQ Process,SO-15091,DN-989,Mozambique,PMO - US,From RDC,N/A - From RDC,Air,Pre-PQ Process,N/A - From RDC,18-Dec-08,18-Dec-08,18-Dec-08,ARV,Adult,SCMS from RDC,"Lamivudine/Nevirapine/Stavudine 150/200/30mg, tablets, 60 Tabs",Lamivudine/Nevirapine/Stavudine,Generic,150/200/30mg,Tablet - FDC,60.0,92950.0,669240.0,7.2,0.12,"Strides, Bangalore, India.",Yes,6883,7534.18,1311.71,,,,,,,,,,,,,,,,,,,,,,,,,,
85077,,,,,Nigeria,,,,,,N/A - From RDC,,,,,,SCMS from RDC,,Abacavir,Generic,300mg,,,,,,,,,,,,123-NG-T30,SO-32974,DN-1570,PMO - US,From RDC,N/A - From RDC,Air Charter,7/27/2009,18-Dec-09,18-Dec-09,18-Dec-09,ARV,Adult,"Abacavir 300mg, tablets, 60 Tabs",Tablet,60.0,755.0,16172.1,21.42,0.36,Mylan (formerly Matrix) Nashik,Yes,75,11637.64,31.7,FPQ-4014
12914,,Pre-PQ Process,,,Nigeria,,,,,,N/A - From RDC,,,,,,SCMS from RDC,,Lamivudine/Nevirapine/Zidovudine,Generic,150/300/200mg,,,,,,,,,,,,151-NG-T01,SO-33332,DN-1435,PMO - US,From RDC,N/A - From RDC,Air Charter,Date Not Captured,20-Oct-09,20-Oct-09,20-Oct-09,ARV,Adult,"Lamivudine/Nevirapine/Zidovudine 150/200/300mg, tablets, 60 Tabs",Tablet - FDC,60.0,17000.0,193800.0,11.4,0.19,"Aurobindo Unit III, India",Yes,1914,9341.49,379.85,
84644,,FPQ-7395,,,Uganda,,,,,,N/A - From RDC,,,,,,SCMS from RDC,,Lamivudine/Tenofovir Disoproxil Fumarate,Generic,300/300mg,,,,,,,,,,,,114-UG-T30,SO-39140,DN-2201,PMO - US,From RDC,N/A - From RDC,Truck,3/11/2011,6-Jun-11,1-Jun-11,1-Jun-11,ARV,Adult,"Lamivudine/Tenofovir Disoproxil Fumarate 300/300mg, tablets, 30 Tabs",Tablet - FDC,30.0,2559.0,22570.38,8.82,0.29,Mylan (formerly Matrix) Nashik,Yes,338,3397.95,37.24,
10580,104-CI-T01,Pre-PQ Process,SO-816,DN-265,Côte d'Ivoire,PMO - US,From RDC,N/A - From RDC,Air,Pre-PQ Process,N/A - From RDC,17-Aug-07,17-Aug-07,17-Aug-07,ARV,Adult,SCMS from RDC,"Lamivudine 150mg, tablets, 60 Tabs",Lamivudine,Generic,150mg,Tablet,60.0,3145.0,9560.8,3.04,0.05,"Aurobindo Unit III, India",Yes,206,2731.58,15.3,,,,,,,,,,,,,,,,,,,,,,,,,,
29938,,FPQ-13872,,,Ghana,,,,,,4/23/2014,,,,,,STRIDES ARCOLAB LIMITED,,Efavirenz,Generic,600mg,,,,,,,,,,,,105-GH-T30,SCMS-235800,ASN-26464,PMO - US,Direct Drop,EXW,Air,3/24/2014,17-Jul-14,24-Jul-14,31-Jul-14,ARV,Adult,"Efavirenz 600mg, tablets, 30 Tabs",Tablet,30.0,60000.0,191400.0,3.19,0.11,"Strides, Bangalore, India.",Yes,3862,31401.36,196.76,
12574,106-HT-T01,Pre-PQ Process,SO-24870,DN-1218,Haiti,PMO - US,From RDC,N/A - From RDC,Air,Pre-PQ Process,N/A - From RDC,22-May-09,22-May-09,22-May-09,ARV,Pediatric,SCMS from RDC,"Efavirenz 30mg/ml [Stocrin/Sustiva], oral solution, Bottle, 180 ml",Efavirenz,Stocrin/Sustiva,30mg/ml,Oral solution,180.0,98.0,1662.08,16.96,0.09,"MSD, Haarlem, NL",Yes,28,988.24,3.26,,,,,,,,,,,,,,,,,,,,,,,,,,
60994,102-SD-T30,FPQ-8264,SCMS-121853,ASN-13539,Sudan,PMO - US,Direct Drop,EXW,Air,9/7/11,9/14/11,20-Feb-12,20-Feb-12,20-Feb-12,HRDT,HIV test - Ancillary,"Orgenics, Ltd","Capillary Tubes, for Determine, EDTA, 50uL,100 Pcs","HIV, Capillary Tubes, for Determine, EDTA, 50uL,100 Pcs",Determine,,Test kit - Ancillary,100.0,1.0,8.0,8.0,0.08,"Alere Medical Co., Ltd.",Yes,2,980.7,0.01,,,,,,,,,,,,,,,,,,,,,,,,,,
12165,,Pre-PQ Process,,,Zimbabwe,,,,,,N/A - From RDC,,,,,,SCMS from RDC,,Lamivudine/Nevirapine/Stavudine,Generic,150/200/30mg,,,,,,,,,,,,100-ZW-T01,SO-2667,DN-756,PMO - US,From RDC,N/A - From RDC,Air,Pre-PQ Process,11-Jun-08,11-Jun-08,11-Jun-08,ARV,Adult,"Lamivudine/Nevirapine/Stavudine 150/200/30mg, tablets, 60 Tabs",Tablet - FDC,60.0,37240.0,275576.0,7.4,0.12,"Cipla, Goa, India",No,See DN-756 (ID#:11866),See DN-756 (ID#:11866),440.92,
75913,,FPQ-12522,,,South Africa,,,,,,8/27/2014,,,,,,S. BUYS WHOLESALER,,Zidovudine,Generic,300mg,,,,,,,,,,,,116-ZA-T30,SCMS-199283,ASN-27976,PMO - US,Direct Drop,DDP,Truck,7/11/2013,27-Aug-14,27-Aug-14,27-Aug-14,ARV,Adult,"Zidovudine 300mg, tablets, 60 Tabs",Tablet,60.0,19.0,528.69,27.83,0.46,"Aurobindo Unit III, India",No,Weight Captured Separately,Freight Included in Commodity Cost,0.65,
21525,,FPQ-13973,,,South Africa,,,,,,8/28/2014,,,,,,PHARMACY DIRECT,,Abacavir,Generic,20mg/ml,,,,,,,,,,,,116-ZA-T30,SCMS-238553,ASN-28021,PMO - US,Direct Drop,DDP,Truck,4/30/2014,28-Aug-14,28-Aug-14,28-Aug-14,ARV,Pediatric,"Abacavir 20mg/ml, oral solution, Bottle, 240 ml",Oral solution,240.0,60.0,1470.62,24.51,0.1,"Aurobindo Unit III, India",No,Weight Captured Separately,Freight Included in Commodity Cost,1.51,
54246,,,,,South Africa,,,,,,Date Not Captured,,,,,,S. BUYS WHOLESALER,,Zidovudine,Generic,300mg,,,,,,,,,,,,116-ZA-T30,SCMS-183950,ASN-19166,South Africa Field Office,Direct Drop,DDP,Truck,3/18/2013,16-Apr-13,16-Apr-13,16-Apr-13,ARV,Adult,"Zidovudine 300mg, tablets, 60 Tabs",Tablet,60.0,53.0,1337.93,25.24,0.42,"Aurobindo Unit III, India",No,Weight Captured Separately,Freight Included in Commodity Cost,1.66,FPQ-11828
14412,,FPQ-13973,,,South Africa,,,,,,11/4/2014,,,,,,PHARMACY DIRECT,,Raltegravir,Isentress,400mg,,,,,,,,,,,,116-ZA-T30,SCMS-238555,ASN-29255,PMO - US,Direct Drop,DDP,Truck,4/30/2014,5-Nov-14,5-Nov-14,5-Nov-14,ARV,Adult,"Raltegravir 400mg [Isentress], tablets, 60 Tabs",Tablet,60.0,24.0,2031.3,84.64,1.41,"MSD, Haarlem, NL",Yes,Weight Captured Separately,Freight Included in Commodity Cost,2.09,
4368,,,,,Vietnam,,,,,,3/31/2008,,,,,,CIPLA LIMITED,,Lamivudine/Nevirapine/Stavudine,Generic,150/200/30mg,,,,,,,,,,,,108-VN-T01,SCMS-20390,ASN-2204,PMO - US,Direct Drop,EXW,Air,Pre-PQ Process,12-Aug-08,12-Aug-08,12-Aug-08,ARV,Adult,"Lamivudine/Nevirapine/Stavudine 150/200/30mg, tablets, 60 Tabs",Tablet - FDC,60.0,10420.0,77108.0,7.4,0.12,"Cipla, Goa, India",Yes,1000,7526.06,123.37,Pre-PQ Process
1306,,,,,Vietnam,,,,,,2/7/2007,,,,,,CIPLA LIMITED,,Lamivudine/Nevirapine/Stavudine,Generic,150/200/30mg,,,,,,,,,,,,108-VN-T01,SCMS-314,ASN-624,PMO - US,Direct Drop,EXW,Air,Pre-PQ Process,24-Aug-07,24-Aug-07,24-Aug-07,ARV,Adult,"Lamivudine/Nevirapine/Stavudine 150/200/30mg, tablets, 60 Tabs",Tablet - FDC,60.0,25000.0,187500.0,7.5,0.12,"Cipla, Goa, India",Yes,2348,21439.59,300.0,Pre-PQ Process
7735,,Pre-PQ Process,,,South Africa,,,,,,Date Not Captured,,,,,,S. BUYS WHOLESALER,,Lamivudine,Epivir,10mg/ml,,,,,,,,,,,,116-ZA-T01,SCMS-41190,ASN-3732,PMO - US,Direct Drop,DDP,Air,Pre-PQ Process,30-Mar-09,21-Jan-09,21-Jan-09,ARV,Pediatric,"Lamivudine 10mg/ml [Epivir], oral solution, Bottle, 240 ml",Oral solution,240.0,350.0,1781.5,5.09,0.02,GSK Mississauga (Canada),No,Weight Captured Separately,Freight Included in Commodity Cost,3.49,
83469,,FPQ-5925,,,Côte d'Ivoire,,,,,,N/A - From RDC,,,,,,SCMS from RDC,,Lamivudine,Generic,150mg,,,,,,,,,,,,104-CI-T30,SO-37740,DN-2064,PMO - US,From RDC,N/A - From RDC,Air,6/23/2010,30-Nov-10,9-Dec-10,9-Dec-10,ARV,Adult,"Lamivudine 150mg, tablets, 60 Tabs",Tablet,60.0,8100.0,18873.0,2.33,0.04,Hetero Unit III Hyderabad IN,Yes,3093,11235.05,40.69,
84164,111-MZ-T30,FPQ-8157,SO-40380,DN-2635,Mozambique,PMO - US,From RDC,N/A - From RDC,Truck,8/4/11,N/A - From RDC,28-Jun-12,28-Jun-12,28-Jun-12,ARV,Pediatric,SCMS from RDC,"Nevirapine 10mg/ml, oral suspension w/syringe, Bottle, 240 ml",Nevirapine,Generic,10mg/ml,Oral suspension,240.0,26807.0,52273.65,1.95,0.01,"Aurobindo Unit III, India",Yes,9937,14700,86.25,,,,,,,,,,,,,,,,,,,,,,,,,,
82025,,,,,South Africa,,,,,,8/24/2015,,,,,,PHARMACY DIRECT,,Lamivudine,Generic,150mg,,,,,,,,,,,,116-ZA-T30,SCMS-295800,ASN-33865,PMO - US,Direct Drop,DDP,Truck,9/11/2014,24-Aug-15,24-Aug-15,24-Aug-15,ARV,Adult,"Lamivudine 150mg, tablets, 60 Tabs",Tablet,60.0,98.0,691.06,7.05,0.12,"Aurobindo Unit III, India",No,Weight Captured Separately,Freight Included in Commodity Cost,0.71,FPQ-14942
83162,104-CI-T30,FPQ-11253,SO-44201,DN-3329,Côte d'Ivoire,PMO - US,From RDC,N/A - From RDC,Truck,12/14/12,N/A - From RDC,30-Sep-13,20-Sep-13,20-Sep-13,ARV,Adult,SCMS from RDC,"Lamivudine/Zidovudine 150/300mg, tablets, 60 Tabs",Lamivudine/Zidovudine,Generic,150/300mg,Tablet - FDC,60.0,3922.0,28512.94,7.27,0.12,Hetero Unit III Hyderabad IN,No,See DN-3329 (ID#:82602),See DN-3329 (ID#:82602),35.27,,,,,,,,,,,,,,,,,,,,,,,,,,
50802,109-TZ-T30,FPQ-13048,SCMS-212160,ASN-22844,Tanzania,PMO - US,Direct Drop,EXW,Air,10/3/13,10/28/13,31-Dec-13,31-Dec-13,3-Jan-14,ARV,Adult,Aurobindo Pharma Limited,"Zidovudine 300mg, tablets, 60 Tabs",Zidovudine,Generic,300mg,Tablet,60.0,11500.0,62445.0,5.43,0.09,"Aurobindo Unit III, India",Yes,632,4168.19,77.24,,,,,,,,,,,,,,,,,,,,,,,,,,
83907,103-ZW-T30,FPQ-15197,SO-50010,DN-4243,Zimbabwe,PMO - US,From RDC,N/A - From RDC,Truck,10/16/14,N/A - From RDC,30-Apr-15,30-Apr-15,30-Apr-15,ARV,Pediatric,SCMS from RDC,"Lamivudine/Nevirapine/Zidovudine 30/50/60mg, dispersible tablets, 60 Tabs",Lamivudine/Nevirapine/Zidovudine,Generic,30/50/60mg,Chewable/dispersible tablet - FDC,60.0,15935.0,57366.0,3.6,0.06,Mylan (formerly Matrix) Nashik,Yes,13469,16679.87,67.52,,,,,,,,,,,,,,,,,,,,,,,,,,
86800,,FPQ-15195,,,Mozambique,,,,,,N/A - From RDC,,,,,,SCMS from RDC,,Efavirenz/Lamivudine/Tenofovir Disoproxil Fumarate,Generic,600/300/300mg,,,,,,,,,,,,111-MZ-T30,SO-50141,DN-4231,PMO - US,From RDC,N/A - From RDC,Truck,10/17/2014,31-May-15,9-Jun-15,15-Jun-15,ARV,Adult,"Efavirenz/Lamivudine/Tenofovir Disoproxil Fumarate 600/300/300mg, tablets, 30 Tabs",Tablet - FDC,30.0,200000.0,1920000.0,9.6,0.32,Hetero Unit III Hyderabad IN,Yes,26603,19194.37,2259.84,
10992,110-ZM-T01,Pre-PQ Process,SO-12090,DN-863,Zambia,PMO - US,From RDC,N/A - From RDC,Air,Pre-PQ Process,N/A - From RDC,27-Aug-08,27-Aug-08,27-Aug-08,ARV,Adult,SCMS from RDC,"Lamivudine/Stavudine 150/30mg, tablets, 60 Tabs",Lamivudine/Stavudine,Generic,150/30mg,Tablet - FDC,60.0,32017.0,124866.3,3.9,0.06,Mylan (formerly Matrix) Nashik,Yes,2353,3210.18,199.79,,,,,,,,,,,,,,,,,,,,,,,,,,
57909,,,,,South Africa,,,,,,5/8/2014,,,,,,PHARMACY DIRECT,,Efavirenz,Generic,600mg,,,,,,,,,,,,116-ZA-T30,SCMS-238550,ASN-30792,PMO - US,Direct Drop,DDP,Truck,4/30/2014,19-Feb-15,19-Feb-15,19-Feb-15,ARV,Adult,"Efavirenz 600mg, tablets, 30 Tabs",Tablet,30.0,3.0,46.79,15.6,0.52,"Aurobindo Unit III, India",No,Weight Captured Separately,Freight Included in Commodity Cost,0.05,FPQ-13973
49498,114-UG-T30,FPQ-10489,SCMS-159290,ASN-16575,Uganda,PMO - US,Direct Drop,CIP,Air,8/24/12,9/7/12,5-Oct-12,5-Oct-12,5-Oct-12,ARV,Adult,MERCK SHARP & DOHME IDEA GMBH (FORMALLY MERCK SHARP & DOHME B.V.),"Raltegravir 400mg [Isentress], tablets, 60 Tabs",Raltegravir,Isentress,400mg,Tablet,60.0,390.0,21645.0,55.5,0.92,"MSD, Haarlem, NL",Yes,39,433,30.35,,,,,,,,,,,,,,,,,,,,,,,,,,
86271,113-ZW-T30,FPQ-4688,SO-35410,DN-1660,Zimbabwe,PMO - US,From RDC,N/A - From RDC,Air,12/8/09,N/A - From RDC,31-Mar-10,12-Mar-10,12-Mar-10,ARV,Adult,SCMS from RDC,"Lamivudine/Stavudine 150/30mg, tablets, 60 Tabs",Lamivudine/Stavudine,Generic,150/30mg,Tablet - FDC,60.0,1900.0,6460.0,3.4,0.06,"Cipla, Goa, India",No,See DN-1660 (ID#:82296),See DN-1660 (ID#:82296),13.93,,,,,,,,,,,,,,,,,,,,,,,,,,
85765,,FPQ-7621,,,Guyana,,,,,,N/A - From RDC,,,,,,SCMS from RDC,,Abacavir,Generic,20mg/ml,,,,,,,,,,,,105-GY-T30,SO-39720,DN-2231,PMO - US,From RDC,N/A - From RDC,Air,5/4/2011,27-Oct-11,15-Jun-11,15-Jun-11,ARV,Pediatric,"Abacavir 20mg/ml, oral solution w/syringe, Bottle, 240 ml",Oral solution,240.0,178.0,2438.6,13.7,0.06,"Aurobindo Unit III, India",No,See DN-2231 (ID#:82385),See DN-2231 (ID#:82385),4.02,
35231,,FPQ-14942,,,South Africa,,,,,,5/11/2015,,,,,,PHARMACY DIRECT,,Tenofovir Disoproxil Fumarate,Generic,300mg,,,,,,,,,,,,116-ZA-T30,SCMS-259075,ASN-32122,PMO - US,Direct Drop,DDP,Truck,9/11/2014,12-May-15,12-May-15,12-May-15,ARV,Adult,"Tenofovir Disoproxil Fumarate 300mg, tablets, 30 Tabs",Tablet,30.0,30.0,414.5,13.82,0.46,Mylan (formerly Matrix) Nashik,No,Weight Captured Separately,Freight Included in Commodity Cost,0.43,
84441,106-HT-T30,FPQ-15610,SO-50590,DN-4090,Haiti,PMO - US,From RDC,N/A - From RDC,Air,12/17/14,N/A - From RDC,30-Jan-15,13-Feb-15,16-Feb-15,ARV,Adult,SCMS from RDC,"Lopinavir/Ritonavir 200/50mg [Aluvia], tablets, 120 Tabs",Lopinavir/Ritonavir,Aluvia,200/50mg,Tablet,120.0,2000.0,37800.0,18.9,0.16,ABBVIE Ludwigshafen Germany,Yes,457,5413.7,44.49,,,,,,,,,,,,,,,,,,,,,,,,,,
11975,,Pre-PQ Process,,,Zambia,,,,,,N/A - From RDC,,,,,,SCMS from RDC,,Efavirenz,Generic,600mg,,,,,,,,,,,,110-ZM-T01,SO-17630,DN-1240,PMO - US,From RDC,N/A - From RDC,Truck,Pre-PQ Process,10-Jun-09,10-Jun-09,10-Jun-09,ARV,Adult,"Efavirenz 600mg, tablets, 30 Tabs",Tablet,30.0,100000.0,1100000.0,11.0,0.37,Hetero Unit III Hyderabad IN,Yes,7736,10069.54,2156.0,
10954,,,,,Haiti,,,,,,N/A - From RDC,,,,,,SCMS from RDC,,Lamivudine,Generic,150mg,,,,,,,,,,,,106-HT-T01,SO-2056,DN-743,PMO - US,From RDC,N/A - From RDC,Air,Pre-PQ Process,27-May-08,27-May-08,27-May-08,ARV,Adult,"Lamivudine 150mg, tablets, 60 Tabs",Tablet,60.0,7380.0,21475.8,2.91,0.05,"Aurobindo Unit III, India",No,See DN-743 (ID#:10683),See DN-743 (ID#:10683),34.36,Pre-PQ Process
10949,,Pre-PQ Process,,,Tanzania,,,,,,N/A - From RDC,,,,,,SCMS from RDC,,Lopinavir/Ritonavir,Aluvia,200/50mg,,,,,,,,,,,,109-TZ-T01,SO-2000,DN-722,PMO - US,From RDC,N/A - From RDC,,Pre-PQ Process,30-Apr-08,30-Apr-08,30-Apr-08,ARV,Adult,"Lopinavir/Ritonavir 200/50mg [Aluvia], tablets, 120 Tabs",Tablet,120.0,2580.0,106038.0,41.1,0.34,ABBVIE Ludwigshafen Germany,Yes,559,3562.4,169.66,
32306,108-VN-T30,FPQ-15040,SCMS-263660,ASN-30941,Vietnam,PMO - US,Direct Drop,EXW,Air,10/30/14,12/8/14,31-Mar-15,31-Mar-15,1-Apr-15,ARV,Adult,HETERO LABS LIMITED,"Efavirenz 600mg, tablets, 30 Tabs",Efavirenz,Generic,600mg,Tablet,30.0,2800.0,9800.0,3.5,0.12,Hetero Unit III Hyderabad IN,Yes,953,1593.67,10.07,,,,,,,,,,,,,,,,,,,,,,,,,,
86444,105-GY-T30,FPQ-8620,SO-41000,DN-2503,Guyana,PMO - US,From RDC,N/A - From RDC,Air,10/27/11,N/A - From RDC,30-Mar-12,4-Feb-12,4-Feb-12,ARV,Adult,SCMS from RDC,"Stavudine 15mg, capsules, 60 Caps",Stavudine,Generic,15mg,Capsule,60.0,12.0,15.84,1.32,0.02,"Aurobindo Unit III, India",No,See DN-2503 (ID#:83007),See DN-2503 (ID#:83007),0.02,,,,,,,,,,,,,,,,,,,,,,,,,,
9187,108-VN-T01,Pre-PQ Process,SCMS-46540,ASN-4487,Vietnam,PMO - US,Direct Drop,CIP,Air,Pre-PQ Process,5/27/09,23-Jul-09,23-Jul-09,23-Jul-09,ARV,Pediatric,BRISTOL-MYERS SQUIBB,"Didanosine 25mg [Videx], chewable tablets, 60 Tabs",Didanosine,Videx,25mg,Chewable/dispersible tablet,60.0,80.0,560.0,7.0,0.12,"BMS Meymac, France",No,Weight Captured Separately,Freight Included in Commodity Cost,1.1,,,,,,,,,,,,,,,,,,,,,,,,,,
62990,,FPQ-10811,,,Vietnam,,,,,,11/9/2012,,,,,,Aurobindo Pharma Limited,,Zidovudine,Generic,10mg/ml,,,,,,,,,,,,108-VN-T30,SCMS-166120,ASN-17672,PMO - US,Direct Drop,EXW,Air,10/15/2012,29-Jan-13,29-Jan-13,29-Jan-13,ARV,Pediatric,"Zidovudine 10mg/ml, oral solution w/syringe, Bottle, 240 ml",Oral solution,240.0,691.0,1451.1,2.1,0.01,"Aurobindo Unit III, India",No,See ASN-17672 (ID#:15352),See ASN-17672 (ID#:15352),1.8,
11968,,,,,Haiti,,,,,,N/A - From RDC,,,,,,SCMS from RDC,,Lamivudine,Generic,10mg/ml,,,,,,,,,,,,106-HT-T01,SO-24840,DN-1221,PMO - US,From RDC,N/A - From RDC,Air,Pre-PQ Process,22-May-09,22-May-09,22-May-09,ARV,Pediatric,"Lamivudine 10mg/ml, oral solution, Bottle, 240 ml",Oral solution,240.0,2345.0,4455.5,1.9,0.01,"Aurobindo Unit III, India",No,See DN-1221 (ID#:11636),See DN-1221 (ID#:11636),8.73,Pre-PQ Process
83333,,,,,Nigeria,,,,,,N/A - From RDC,,,,,,SCMS from RDC,,Lamivudine/Nevirapine/Zidovudine,Generic,150/300/200mg,,,,,,,,,,,,151-NG-T30,SO-49686,DN-4226,PMO - US,From RDC,N/A - From RDC,Air Charter,8/13/2014,30-Apr-15,15-Apr-15,20-Apr-15,ARV,Adult,"Lamivudine/Nevirapine/Zidovudine 150/200/300mg, tablets, 60 Tabs",Tablet - FDC,60.0,189393.0,1462113.96,7.72,0.13,Mylan (formerly Matrix) Nashik,Yes,24904,51677,1503.05,FPQ-14766
11664,111-MZ-T01,Pre-PQ Process,SO-32200,DN-1336,Mozambique,PMO - US,From RDC,N/A - From RDC,Air,Date Not Captured,N/A - From RDC,3-Sep-09,3-Sep-09,3-Sep-09,ARV,Adult,SCMS from RDC,"Stavudine 30mg, capsules, 60 Caps",Stavudine,Generic,30mg,Capsule,60.0,370.0,551.3,1.49,0.02,"Strides, Bangalore, India.",Yes,18,423.89,1.08,,,,,,,,,,,,,,,,,,,,,,,,,,
36880,,,,,South Africa,,,,,,8/27/2014,,,,,,S. BUYS WHOLESALER,,Abacavir,Generic,300mg,,,,,,,,,,,,116-ZA-T30,SCMS-199283,ASN-27980,PMO - US,Direct Drop,DDP,Truck,7/11/2013,27-Aug-14,27-Aug-14,27-Aug-14,ARV,Adult,"Abacavir 300mg, tablets, 60 Tabs",Tablet,60.0,45.0,3471.61,77.15,1.29,"Aurobindo Unit III, India",No,Weight Captured Separately,Freight Included in Commodity Cost,4.29,FPQ-12522
59466,,,,,South Africa,,,,,,10/9/2014,,,,,,PHARMACY DIRECT,,Abacavir,Generic,300mg,,,,,,,,,,,,116-ZA-T30,SCMS-259078,ASN-33470,PMO - US,Direct Drop,DDP,Truck,9/11/2014,24-Jul-15,24-Jul-15,24-Jul-15,ARV,Adult,"Abacavir 300mg, tablets, 60 Tabs",Tablet,60.0,35.0,1874.71,53.56,0.89,"Aurobindo Unit III, India",No,Weight Captured Separately,Freight Included in Commodity Cost,1.93,FPQ-14942
82319,,FPQ-4496,,,Uganda,,,,,,N/A - From RDC,,,,,,SCMS from RDC,,Lamivudine/Nevirapine/Zidovudine,Generic,150/300/200mg,,,,,,,,,,,,114-UG-T30,SO-34980,DN-1797,PMO - US,From RDC,N/A - From RDC,Air,10/28/2009,3-May-10,3-May-10,3-May-10,ARV,Adult,"Lamivudine/Nevirapine/Zidovudine 150/200/300mg, tablets, 60 Tabs",Tablet - FDC,60.0,4400.0,49368.0,11.22,0.19,"Aurobindo Unit III, India",Yes,527,4549.95,106.44,
51175,133-NG-T30,FPQ-4891,SCMS-64780,ASN-6619,Nigeria,PMO - US,Direct Drop,EXW,Air,1/15/10,2/5/10,5-May-10,5-May-10,5-May-10,HRDT,HIV test,"Orgenics, Ltd","HIV 1/2, Determine Complete HIV Kit, 100 Tests","HIV 1/2, Determine Complete HIV Kit",Determine,,Test kit,100.0,2685.0,214800.0,80.0,0.8,Inverness Japan,Yes,1284,21821.97,463.11,,,,,,,,,,,,,,,,,,,,,,,,,,
84709,114-UG-T30,FPQ-8522,SO-40920,DN-2549,Uganda,PMO - US,From RDC,N/A - From RDC,Truck,10/5/11,N/A - From RDC,30-Mar-12,17-Feb-12,17-Feb-12,ARV,Adult,SCMS from RDC,"Lamivudine 150mg, tablets, 60 Tabs",Lamivudine,Generic,150mg,Tablet,60.0,2596.0,6048.68,2.33,0.04,"Aurobindo Unit III, India",Yes,125,1831.41,9.98,,,,,,,,,,,,,,,,,,,,,,,,,,
43998,161-ZA-T30,FPQ-7175,SCMS-103410,ASN-11587,South Africa,PMO - US,Direct Drop,DDP,Ocean,3/10/11,3/24/11,14-Sep-11,14-Sep-11,14-Sep-11,ARV,Pediatric,Aurobindo Pharma Limited,"Efavirenz 50mg, capsule, 30 Caps",Efavirenz,Generic,50mg,Capsule,30.0,45232.0,110366.08,2.44,0.08,"Aurobindo Unit III, India",Yes,2674,5301.65,182.1,,,,,,,,,,,,,,,,,,,,,,,,,,
83256,,,,,Mozambique,,,,,,N/A - From RDC,,,,,,SCMS from RDC,,Efavirenz/Lamivudine/Tenofovir Disoproxil Fumarate,Generic,600/300/300mg,,,,,,,,,,,,111-MZ-T30,SO-48883,DN-3875,PMO - US,From RDC,N/A - From RDC,Truck,5/2/2014,31-Dec-14,30-Oct-14,7-Nov-14,ARV,Adult,"Efavirenz/Lamivudine/Tenofovir Disoproxil Fumarate 600/300/300mg, tablets, 30 Tabs",Tablet - FDC,30.0,36000.0,388080.0,10.78,0.36,Cipla Ltd A-42 MIDC Mahar. IN,No,See DN-3875 (ID#:83255),See DN-3875 (ID#:83255),398.95,FPQ-14226
30942,,,,,South Africa,,,,,,6/17/2010,,,,,,Aurobindo Pharma Limited,,Nevirapine,Generic,10mg/ml,,,,,,,,,,,,161-ZA-T30,SCMS-75480,ASN-8380,PMO - US,Direct Drop,DDP,Air,6/2/2010,13-Dec-10,13-Dec-10,13-Dec-10,ARV,Pediatric,"Nevirapine 10mg/ml, oral suspension w/syringe, Bottle, 240 ml",Oral suspension,240.0,9630.0,30334.5,3.15,0.01,"Aurobindo Unit III, India",Yes,3732,4876.34,65.4,FPQ-5648
7091,,Pre-PQ Process,,,Botswana,,,,,,4/28/2008,,,,,,"Trinity Biotech, Plc",,"HIV 1/2, Uni-Gold HIV Kit",Uni-Gold,,,,,,,,,,,,,102-BW-T01,SCMS-22680,ASN-1832,PMO - US,Direct Drop,EXW,Air,Pre-PQ Process,3-Jul-08,3-Jul-08,3-Jul-08,HRDT,HIV test,"HIV 1/2, Uni-Gold HIV Kit, 20 Tests",Test kit,20.0,500.0,16000.0,32.0,1.6,"Trinity Biotech, Plc",Yes,500,2442.32,25.6,
6600,,,,,Vietnam,,,,,,Date Not Captured,,,,,,SUN PHARMACEUTICAL INDUSTRIES LTD (RANBAXY LABORATORIES LIMITED),,Lamivudine,Generic,150mg,,,,,,,,,,,,108-VN-T01,SCMS-78,ASN-51,PMO - US,Direct Drop,EXW,Air,Pre-PQ Process,1-Sep-06,1-Sep-06,1-Sep-06,ARV,Adult,"Lamivudine 150mg, tablets, 60 Tabs",Tablet,60.0,2080.0,8299.2,3.99,0.07,"Ranbaxy, Paonta Shahib, India",Yes,87,10657.19,,Pre-PQ Process
2559,108-VN-T01,Pre-PQ Process,SCMS-44980,ASN-4094,Vietnam,PMO - US,Direct Drop,EXW,Air,Pre-PQ Process,4/29/09,8-Jun-09,8-Jun-09,8-Jun-09,ARV,Adult,Aurobindo Pharma Limited,"Didanosine 250mg, delayed-release capsules, 30 Caps",Didanosine,Generic,250mg,Delayed-release capsules,30.0,150.0,1950.0,13.0,0.43,"Aurobindo Unit III, India",Yes,30,4111.71,3.82,,,,,,,,,,,,,,,,,,,,,,,,,,
10983,,,,,Haiti,,,,,,N/A - From RDC,,,,,,SCMS from RDC,,Nevirapine,Generic,200mg,,,,,,,,,,,,106-HT-T01,SO-15960,DN-946,PMO - US,From RDC,N/A - From RDC,Air,Pre-PQ Process,20-Oct-08,20-Oct-08,20-Oct-08,ARV,Adult,"Nevirapine 200mg, tablets, 60 Tabs",Tablet,60.0,20186.0,64595.2,3.2,0.05,"Aurobindo Unit III, India",Yes,4218,43041.34,103.35,Pre-PQ Process
83125,,FPQ-11002,,,Zimbabwe,,,,,,N/A - From RDC,,,,,,SCMS from RDC,,Lamivudine/Tenofovir Disoproxil Fumarate,Generic,300/300mg,,,,,,,,,,,,113-ZW-T30,SO-43700,DN-3084,PMO - US,From RDC,N/A - From RDC,Truck,11/16/2012,30-Apr-13,8-Apr-13,8-Apr-13,ARV,Adult,"Lamivudine/Tenofovir Disoproxil Fumarate 300/300mg, tablets, 30 Tabs",Tablet - FDC,30.0,131520.0,618144.0,4.7,0.16,Hetero Unit III Hyderabad IN,Yes,19248,14451.69,764.64,
10940,,Pre-PQ Process,,,Tanzania,,,,,,N/A - From RDC,,,,,,SCMS from RDC,,Didanosine,Generic,100mg,,,,,,,,,,,,109-TZ-T01,SO-1648,DN-559,PMO - US,From RDC,N/A - From RDC,Air,Pre-PQ Process,25-Feb-08,25-Feb-08,25-Feb-08,ARV,Pediatric,"Didanosine 100mg, chewable/dispersible tablets, 60 Tabs",Chewable/dispersible tablet,60.0,2273.0,17615.75,7.75,0.13,"Aurobindo Unit III, India",Yes,2749,10654.94,28.19,
20735,,,,,Rwanda,,,,,,12/13/2011,,,,,,Aurobindo Pharma Limited,,Lamivudine/Tenofovir Disoproxil Fumarate,Generic,300/300mg,,,,,,,,,,,,107-RW-T30,SCMS-129780,ASN-13341,PMO - US,Direct Drop,EXW,Ocean,12/6/2011,13-Apr-12,13-Apr-12,13-Apr-12,ARV,Adult,"Lamivudine/Tenofovir Disoproxil Fumarate 300/300mg, tablets, 30 Tabs",Tablet - FDC,30.0,132000.0,706200.0,5.35,0.18,"Aurobindo Unit VII, IN",Yes,12886,102761.99,990.09,FPQ-8932
17717,105-GY-T30,FPQ-15696,SCMS-276200,ASN-31730,Guyana,PMO - US,Direct Drop,EXW,Air,1/2/15,2/12/15,16-Jun-15,16-Jun-15,24-Jun-15,ARV,Adult,HETERO LABS LIMITED,"Emtricitabine/Tenofovir Disoproxil Fumarate 200/300mg, tablets, 30 Tabs",Emtricitabine/Tenofovir Disoproxil Fumarate,Generic,200/300mg,Tablet - FDC,30.0,3715.0,20766.85,5.59,0.19,Hetero Unit III Hyderabad IN,Yes,385,3248.6,24.44,,,,,,,,,,,,,,,,,,,,,,,,,,
81020,151-NG-T30,FPQ-5035,SCMS-67010,ASN-6723,Nigeria,PMO - US,Direct Drop,FCA,Air,2/15/10,3/9/10,17-May-10,17-May-10,17-May-10,ARV,Adult,ABBVIE LOGISTICS (FORMERLY ABBOTT LOGISTICS BV),"Ritonavir 100mg [Norvir], capsules, cool, 4 x 84 Caps",Ritonavir,Norvir,100mg,Capsule,336.0,50.0,1918.0,38.36,0.11,ABBVIE (Abbott) Logis. UK,Yes,154,1176.03,4.14,,,,,,,,,,,,,,,,,,,,,,,,,,
83667,,,,,Côte d'Ivoire,,,,,,N/A - From RDC,,,,,,SCMS from RDC,,Lamivudine/Nevirapine/Zidovudine,Generic,30/50/60mg,,,,,,,,,,,,104-CI-T30,SO-42411,DN-3073,PMO - US,From RDC,N/A - From RDC,Truck,4/19/2012,31-May-13,29-Apr-13,29-Apr-13,ARV,Pediatric,"Lamivudine/Nevirapine/Zidovudine 30/50/60mg, dispersible tablets, 60 Tabs",Chewable/dispersible tablet - FDC,60.0,5701.0,23659.15,4.15,0.07,Mylan (formerly Matrix) Nashik,Yes,335,2527.41,33.17,FPQ-9749
86680,,FPQ-13042,,,Tanzania,,,,,,N/A - From RDC,,,,,,SCMS from RDC,,Abacavir,Generic,300mg,,,,,,,,,,,,109-TZ-T30,SO-47961,DN-3690,PMO - US,From RDC,N/A - From RDC,Truck,10/1/2013,30-May-14,21-Jun-14,1-Jul-14,ARV,Adult,"Abacavir 300mg, tablets, 60 Tabs",Tablet,60.0,2707.0,30399.61,11.23,0.19,Mylan (formerly Matrix) Nashik,Yes,263,1811.6,37.6,
82532,,FPQ-10556,,,Uganda,,,,,,N/A - From RDC,,,,,,SCMS from RDC,,Lamivudine/Nevirapine/Zidovudine,Generic,150/300/200mg,,,,,,,,,,,,114-UG-T30,SO-43190,DN-2951,PMO - US,From RDC,N/A - From RDC,Air,8/30/2012,1-Feb-13,1-Feb-13,1-Feb-13,ARV,Adult,"Lamivudine/Nevirapine/Zidovudine 150/200/300mg, tablets, 60 Tabs",Tablet - FDC,60.0,13830.0,133044.6,9.62,0.16,Hetero Unit III Hyderabad IN,Yes,2400,18337.82,186.53,
83950,,FPQ-3815,,,Nigeria,,,,,,N/A - From RDC,,,,,,SCMS from RDC,,Efavirenz,Generic,200mg,,,,,,,,,,,,154-NG-T30,SO-32260,DN-1452,PMO - US,From RDC,N/A - From RDC,Air Charter,5/26/2009,30-Oct-09,20-Oct-09,20-Oct-09,ARV,Pediatric,"Efavirenz 200mg, capsule, 90 Caps",Capsule,90.0,24.0,290.88,12.12,0.13,"Aurobindo Unit III, India",No,See DN-1452 (ID#:82272),See DN-1452 (ID#:82272),0.57,
82359,111-MZ-T30,FPQ-6426,SO-37590,DN-2051,Mozambique,PMO - US,From RDC,N/A - From RDC,Truck,9/23/10,N/A - From RDC,20-Dec-10,23-Dec-10,23-Dec-10,ARV,Adult,SCMS from RDC,"Lamivudine/Stavudine 150/30mg, tablets, 60 Tabs",Lamivudine/Stavudine,Generic,150/30mg,Tablet - FDC,60.0,2996.0,9587.2,3.2,0.05,"Cipla, Goa, India",Yes,6022,6500.45,20.67,,,,,,,,,,,,,,,,,,,,,,,,,,
4567,,Pre-PQ Process,,,Tanzania,,,,,,5/15/2008,,,,,,BRISTOL-MYERS SQUIBB,,Didanosine EC,Videx EC,400mg,,,,,,,,,,,,109-TZ-T01,SCMS-23611,ASN-2727,PMO - US,Direct Drop,CIP,Air,Pre-PQ Process,3-Nov-08,3-Nov-08,3-Nov-08,ARV,Adult,"Didanosine EC 400mg [Videx EC], delayed-release capsules, Blister 3 x 10 Caps",Delayed-release capsules - blister,30.0,2597.0,61470.99,23.67,0.79,"BMS Meymac, France",Yes,Weight Captured Separately,Freight Included in Commodity Cost,120.48,
11136,,Pre-PQ Process,,,Nigeria,,,,,,N/A - From RDC,,,,,,SCMS from RDC,,Lamivudine/Nevirapine/Stavudine,Generic,150/200/30mg,,,,,,,,,,,,112-NG-T01,SO-563,DN-209,PMO - US,From RDC,N/A - From RDC,,Pre-PQ Process,3-Jul-07,3-Jul-07,3-Jul-07,ARV,Adult,"Lamivudine/Nevirapine/Stavudine 150/200/30mg, tablets, 60 Tabs",Tablet - FDC,60.0,1319.0,9892.5,7.5,0.12,"Cipla, Goa, India",Yes,1656,8331.36,15.83,
22752,,,,,South Africa,,,,,,8/29/2014,,,,,,S. BUYS WHOLESALER,,Tenofovir Disoproxil Fumarate,Generic,300mg,,,,,,,,,,,,116-ZA-T30,SCMS-199289,ASN-28037,PMO - US,Direct Drop,DDP,Truck,7/11/2013,29-Aug-14,29-Aug-14,29-Aug-14,ARV,Adult,"Tenofovir Disoproxil Fumarate 300mg, tablets, 30 Tabs",Tablet,30.0,235.0,4891.53,20.82,0.69,Hetero Unit III Hyderabad IN,No,Weight Captured Separately,Freight Included in Commodity Cost,6.05,FPQ-12522
76483,,FPQ-6119,,,Sudan,,,,,,9/2/2010,,,,,,"Orgenics, Ltd",,"HIV 1/2, Determine Complete HIV Kit",Determine,,,,,,,,,,,,,102-SD-T30,SCMS-84000,ASN-9447,PMO - US,Direct Drop,EXW,Air,8/30/2010,10-Feb-11,10-Feb-11,10-Feb-11,HRDT,HIV test,"HIV 1/2, Determine Complete HIV Kit, 100 Tests",Test kit,100.0,130.0,11570.0,89.0,0.89,Inverness Japan,Yes,60,2084.49,24.94,
10779,,,,,Nigeria,,,,,,N/A - From RDC,,,,,,SCMS from RDC,,Efavirenz,Generic,600mg,,,,,,,,,,,,123-NG-T01,SO-24481,DN-1296,PMO - US,From RDC,N/A - From RDC,Air Charter,Pre-PQ Process,16-Jun-09,16-Jun-09,16-Jun-09,ARV,Adult,"Efavirenz 600mg, tablets, 30 Tabs",Tablet,30.0,30000.0,291600.0,9.72,0.32,"Aurobindo Unit III, India",Yes,3364,7329.83,571.54,Pre-PQ Process
83519,,,,,Zambia,,,,,,N/A - From RDC,,,,,,SCMS from RDC,,Efavirenz/Emtricitabine/Tenofovir Disoproxil Fumarate,Generic,600/200/300mg,,,,,,,,,,,,110-ZM-T30,SO-38720,DN-2299,PMO - US,From RDC,N/A - From RDC,Truck,2/3/2011,1-Sep-11,15-Aug-11,15-Aug-11,ARV,Adult,"Efavirenz/Emtricitabine/Tenofovir Disoproxil Fumarate 600/200/300mg, tablets, 30 Tabs",Tablet - FDC,30.0,60000.0,1195200.0,19.92,0.66,Mylan (formerly Matrix) Nashik,No,See DN-2299 (ID#:82966),See DN-2299 (ID#:82966),1972.08,FPQ-7085
34700,133-NG-T30,FPQ-14305,SCMS-240830,ASN-27475,Nigeria,PMO - US,Direct Drop,EXW,Air,5/16/14,6/2/14,19-Aug-14,26-Aug-14,7-Sep-14,HRDT,HIV test,"Orgenics, Ltd","HIV 1/2, Determine Complete HIV Kit, 100 Tests","HIV 1/2, Determine Complete HIV Kit",Determine,,Test kit,100.0,6375.0,567375.0,89.0,0.89,"Alere Medical Co., Ltd.",Yes,3764,38029.42,583.26,,,,,,,,,,,,,,,,,,,,,,,,,,
5678,,Pre-PQ Process,,,South Africa,,,,,,2/20/2008,,,,,,S. BUYS WHOLESALER,,Emtricitabine/Tenofovir Disoproxil Fumarate,Truvada,300/200mg,,,,,,,,,,,,116-ZA-T01,SCMS-19800,ASN-1665,PMO - US,Direct Drop,DDP,Truck,Pre-PQ Process,24-Apr-08,24-Apr-08,24-Apr-08,ARV,Adult,"Emtricitabine/Tenofovir Disoproxil Fumarate 200/300mg [Truvada], tablets, 30 Tabs",Tablet - FDC,30.0,20.0,723.4,36.17,1.21,"Aspen-OSD, Port Elizabeth, SA",No,Weight Captured Separately,Freight Included in Commodity Cost,1.16,
62808,,FPQ-13973,,,South Africa,,,,,,6/25/2014,,,,,,PHARMACY DIRECT,,Lamivudine,Generic,150mg,,,,,,,,,,,,116-ZA-T30,SCMS-238551,ASN-26882,PMO - US,Direct Drop,DDP,Truck,4/30/2014,25-Jun-14,25-Jun-14,25-Jun-14,ARV,Adult,"Lamivudine 150mg, tablets, 60 Tabs",Tablet,60.0,138.0,1261.73,9.14,0.15,"Aurobindo Unit III, India",No,Weight Captured Separately,Freight Included in Commodity Cost,1.3,
10464,,Pre-PQ Process,,,Namibia,,,,,,5/18/2009,,,,,,"Orgenics, Ltd",,"HIV 1/2, Clearview Complete Kit",Clearview,,,,,,,,,,,,,119-NA-T01,SCMS-46050,ASN-4658,PMO - US,Direct Drop,EXW,Air,Pre-PQ Process,8-Sep-09,8-Sep-09,8-Sep-09,HRDT,HIV test,"HIV 1/2, Clearview Complete Kit, 25 Tests",Test kit,25.0,950.0,71250.0,75.0,3.0,Chembio Diagnostics Sys. Inc.,Yes,760,5213.02,139.65,
39967,,,,,Côte d'Ivoire,,,,,,9/2/2013,,,,,,Aurobindo Pharma Limited,,Zidovudine,Generic,100mg,,,,,,,,,,,,104-CI-T30,SCMS-205000,ASN-21883,PMO - US,Direct Drop,EXW,Air,7/30/2013,7-Oct-13,7-Oct-13,8-Oct-13,ARV,Pediatric,"Zidovudine 100mg, capsules, 100 Caps",Capsule,100.0,670.0,3015.0,4.5,0.04,"Aurobindo Unit III, India",Yes,76,1921.02,3.73,FPQ-12714
11688,111-MZ-T01,Pre-PQ Process,SO-33580,DN-1467,Mozambique,PMO - US,From RDC,N/A - From RDC,Air,Date Not Captured,N/A - From RDC,7-Nov-09,7-Nov-09,7-Nov-09,ARV,Adult,SCMS from RDC,"Lamivudine/Zidovudine 150/300mg, tablets, 60 Tabs",Lamivudine/Zidovudine,Generic,150/300mg,Tablet - FDC,60.0,16524.0,144750.24,8.76,0.15,"Aurobindo Unit III, India",Yes,1488,4764.16,283.71,,,,,,,,,,,,,,,,,,,,,,,,,,
14348,133-NG-T30,FPQ-7553,SCMS-108720,ASN-11270,Nigeria,PMO - US,Direct Drop,EXW,Air,4/28/11,5/23/11,27-Jul-11,27-Jul-11,27-Jul-11,HRDT,HIV test,"Orgenics, Ltd","HIV 1/2, Determine Complete HIV Kit, 100 Tests","HIV 1/2, Determine Complete HIV Kit",Determine,,Test kit,100.0,2044.0,181916.0,89.0,0.89,Inverness Japan,Yes,976,26014.88,300.16,,,,,,,,,,,,,,,,,,,,,,,,,,
14180,,FPQ-14081,,,Zambia,,,,,,5/16/2014,,,,,,"Trinity Biotech, Plc",,"HIV 1/2, Uni-Gold HIV Kit",Uni-Gold,,,,,,,,,,,,,110-ZM-T30,SCMS-238950,ASN-26391,PMO - US,Direct Drop,EXW,Air,4/15/2014,28-Jul-14,28-Jul-14,15-Aug-14,HRDT,HIV test,"HIV 1/2, Uni-Gold HIV Kit, 20 Tests",Test kit,20.0,9500.0,304000.0,32.0,1.6,"Trinity Biotech, Plc",Yes,2783,20621.1,312.51,
76827,,FPQ-7996,,,Liberia,,,,,,7/20/2011,,,,,,"Trinity Biotech, Plc",,"HIV 1/2, Uni-Gold HIV Kit",Uni-Gold,,,,,,,,,,,,,900-LR-T30,SCMS-115340,ASN-11741,PMO - US,Direct Drop,EXW,Air,7/12/2011,2-Sep-11,2-Sep-11,2-Sep-11,HRDT,HIV test,"HIV 1/2, Uni-Gold HIV Kit, 20 Tests",Test kit,20.0,50.0,1600.0,32.0,1.6,"Trinity Biotech, Plc",Yes,17,515.11,2.64,
63648,106-HT-T30,FPQ-6489,SCMS-90451,ASN-10748,Haiti,PMO - US,Direct Drop,CIP,Air,10/20/10,11/4/10,11-May-11,11-May-11,11-May-11,ARV,Adult,MERCK SHARP & DOHME IDEA GMBH (FORMALLY MERCK SHARP & DOHME B.V.),"Indinavir 400mg [Crixivan], capsules, 180 Caps",Indinavir,Crixivan,400mg,Capsule,180.0,28.0,1400.0,50.0,0.28,"MSD, Haarlem, NL",Yes,7,290,3.02,,,,,,,,,,,,,,,,,,,,,,,,,,
28913,,FPQ-13122,,,Uganda,,,,,,10/30/2013,,,,,,MYLAN LABORATORIES LTD (FORMERLY MATRIX LABORATORIES),,Atazanavir/Ritonavir,Generic,300/100mg,,,,,,,,,,,,114-UG-T30,SCMS-212360,ASN-23076,PMO - US,Direct Drop,EXW,Air,10/16/2013,15-Jan-14,15-Jan-14,15-Jan-14,ARV,Adult,"Atazanavir/Ritonavir 300/100mg, tablets, 30 Tabs",Tablet,30.0,6000.0,120000.0,20.0,0.67,Mylan (formerly Matrix) Nashik,Yes,811,4139.95,123.36,
12245,,Pre-PQ Process,,,Nigeria,,,,,,N/A - From RDC,,,,,,SCMS from RDC,,Stavudine,Generic,30mg,,,,,,,,,,,,123-NG-T01,SO-19070,DN-1039,PMO - US,From RDC,N/A - From RDC,Air,Pre-PQ Process,16-Feb-09,19-Jan-09,19-Jan-09,ARV,Adult,"Stavudine 30mg, capsules, 60 Caps",Capsule,60.0,4124.0,6392.2,1.55,0.03,"Aurobindo Unit III, India",Yes,273,7363.74,12.53,
7007,,,,,Vietnam,,,,,,3/21/2008,,,,,,CENTRAL PHARMACEUTICAL COMPANY NO. 1,,Tenofovir Disoproxil Fumarate,Viread,300mg,,,,,,,,,,,,108-VN-T01,SCMS-19630,ASN-1718,PMO - US,Direct Drop,DDU,Truck,Pre-PQ Process,12-May-08,16-Apr-08,16-Apr-08,ARV,Adult,"Tenofovir Disoproxil Fumarate 300mg [Viread], tablets, 30 Tabs",Tablet,30.0,1968.0,40717.92,20.69,0.69,Gilead(Nycomed) Oranienburg DE,Yes,Weight Captured Separately,1401.49,65.15,Pre-PQ Process
11846,,Pre-PQ Process,,,Uganda,,,,,,N/A - From RDC,,,,,,SCMS from RDC,,Efavirenz,Generic,600mg,,,,,,,,,,,,114-UG-T01,SO-1304,DN-550,PMO - US,From RDC,N/A - From RDC,Air,Pre-PQ Process,11-Mar-08,11-Mar-08,11-Mar-08,ARV,Adult,"Efavirenz 600mg, tablets, 30 Tabs",Tablet,30.0,3364.0,41780.88,12.42,0.41,"Aurobindo Unit III, India",Yes,369,1902.9,66.85,
11408,,Pre-PQ Process,,,Rwanda,,,,,,N/A - From RDC,,,,,,SCMS from RDC,,"HIV 1/2, Determine Complete HIV Kit",Determine,,,,,,,,,,,,,107-RW-T01,SO-827,DN-277,PMO - US,From RDC,N/A - From RDC,Air,Pre-PQ Process,6-Aug-07,6-Aug-07,6-Aug-07,HRDT,HIV test,"HIV 1/2, Determine Complete HIV Kit, 100 Tests",Test kit,100.0,850.0,68000.0,80.0,0.8,ABBVIE GmbH & Co.KG Wiesbaden,Yes,195,4613.67,108.8,
85214,113-ZW-T30,FPQ-7052,SO-38521,DN-2441,Zimbabwe,PMO - US,From RDC,N/A - From RDC,Truck,1/19/11,N/A - From RDC,7-Dec-11,9-Dec-11,9-Dec-11,ARV,Adult,SCMS from RDC,"Lamivudine/Stavudine 150/30mg, tablets, 60 Tabs",Lamivudine/Stavudine,Generic,150/30mg,Tablet - FDC,60.0,4669.0,13773.55,2.95,0.05,"Strides, Bangalore, India.",No,See DN-2441 (ID#:82993),See DN-2441 (ID#:82993),22.73,,,,,,,,,,,,,,,,,,,,,,,,,,
82971,,,,,Zimbabwe,,,,,,N/A - From RDC,,,,,,SCMS from RDC,,Didanosine,Generic,200mg,,,,,,,,,,,,200-ZW-T30,SO-38900,DN-2318,PMO - US,From RDC,N/A - From RDC,Truck,10/13/2010,30-Sep-11,23-Sep-11,23-Sep-11,ARV,Pediatric,"Didanosine 200mg, delayed-release capsules, 30 Caps",Delayed-release capsules,30.0,51.0,561.0,11.0,0.37,"Aurobindo Unit III, India",Yes,6,909.15,1.21,FPQ-6483
75913,116-ZA-T30,FPQ-12522,SCMS-199283,ASN-27976,South Africa,PMO - US,Direct Drop,DDP,Truck,7/11/13,8/27/14,27-Aug-14,27-Aug-14,27-Aug-14,ARV,Adult,S. BUYS WHOLESALER,"Zidovudine 300mg, tablets, 60 Tabs",Zidovudine,Generic,300mg,Tablet,60.0,19.0,528.69,27.83,0.46,"Aurobindo Unit III, India",No,Weight Captured Separately,Freight Included in Commodity Cost,0.65,,,,,,,,,,,,,,,,,,,,,,,,,,
51268,,FPQ-10765,,,Nigeria,,,,,,10/16/2012,,,,,,"Orgenics, Ltd",,"HIV 1/2, Determine Complete HIV Kit",Determine,,,,,,,,,,,,,133-NG-T30,SCMS-162440,ASN-17646,PMO - US,Direct Drop,EXW,Air,10/5/2012,9-Jan-13,17-Jan-13,17-Jan-13,HRDT,HIV test,"HIV 1/2, Determine Complete HIV Kit, 100 Tests",Test kit,100.0,2744.0,244216.0,89.0,0.89,"Alere Medical Co., Ltd.",Yes,1235,25577.15,342.39,
85905,,,,,Cameroon,,,,,,N/A - From RDC,,,,,,SCMS from RDC,,Lamivudine/Zidovudine,Generic,150/300mg,,,,,,,,,,,,900-CM-T30,SO-43390,DN-2886,PMO - US,From RDC,N/A - From RDC,Air Charter,9/19/2012,24-Oct-12,17-Oct-12,17-Oct-12,ARV,Adult,"Lamivudine/Zidovudine 150/300mg, tablets, 60 Tabs",Tablet - FDC,60.0,28057.0,216600.04,7.72,0.13,Hetero Unit III Hyderabad IN,No,See DN-2886 (ID#:82519),See DN-2886 (ID#:82519),303.67,FPQ-10641
86605,,,,,Guyana,,,,,,N/A - From RDC,,,,,,SCMS from RDC,,Lopinavir/Ritonavir,Aluvia,200/50mg,,,,,,,,,,,,105-GY-T30,SO-45050,DN-3331,PMO - US,From RDC,N/A - From RDC,Air,4/15/2013,30-Sep-13,4-Oct-13,22-Oct-13,ARV,Adult,"Lopinavir/Ritonavir 200/50mg [Aluvia], tablets, 120 Tabs",Tablet,120.0,1634.0,33039.48,20.22,0.17,ABBVIE Ludwigshafen Germany,No,See DN-3331 (ID#:82603),See DN-3331 (ID#:82603),40.87,FPQ-12047
82404,,FPQ-7812,,,Nigeria,,,,,,N/A - From RDC,,,,,,SCMS from RDC,,Emtricitabine/Tenofovir Disoproxil Fumarate,Generic,200/300mg,,,,,,,,,,,,151-NG-T30,SO-39997,DN-2356,PMO - US,From RDC,N/A - From RDC,Air Charter,6/6/2011,3-Nov-11,28-Sep-11,28-Sep-11,ARV,Adult,"Emtricitabine/Tenofovir Disoproxil Fumarate 200/300mg, tablets, 30 Tabs",Tablet - FDC,30.0,115089.0,1127872.2,9.8,0.33,Mylan (formerly Matrix) Nashik,Yes,11004,18495.9,1860.99,
84173,,,,,Nigeria,,,,,,N/A - From RDC,,,,,,SCMS from RDC,,Efavirenz,Generic,600mg,,,,,,,,,,,,151-NG-T30,SO-42332,DN-2687,PMO - US,From RDC,N/A - From RDC,Air Charter,3/1/2012,2-Aug-12,3-Jun-12,3-Jun-12,ARV,Adult,"Efavirenz 600mg, tablets, 30 Tabs",Tablet,30.0,32562.0,127317.42,3.91,0.13,"Strides, Bangalore, India.",No,See DN-2687 (ID#:82480),See DN-2687 (ID#:82480),178.5,FPQ-9432
85991,,FPQ-11884,,,Mozambique,,,,,,N/A - From RDC,,,,,,SCMS from RDC,,Nevirapine,Generic,200mg,,,,,,,,,,,,111-MZ-T30,SO-44863,DN-3289,PMO - US,From RDC,N/A - From RDC,Truck,3/19/2013,13-Nov-13,13-Nov-13,2-Dec-13,ARV,Adult,"Nevirapine 200mg, tablets, 60 Tabs",Tablet,60.0,2000.0,4520.0,2.26,0.04,"Cipla, Goa, India",No,See DN-3289 (ID#:84844),See DN-3289 (ID#:84844),5.59,
82305,,,,,Nigeria,,,,,,N/A - From RDC,,,,,,SCMS from RDC,,Lamivudine/Zidovudine,Generic,150/300mg,,,,,,,,,,,,151-NG-T30,SO-35054,DN-1716,PMO - US,From RDC,N/A - From RDC,Air Charter,11/6/2009,19-Apr-10,31-Mar-10,31-Mar-10,ARV,Adult,"Lamivudine/Zidovudine 150/300mg, tablets, 60 Tabs",Tablet - FDC,60.0,155.0,1357.8,8.76,0.15,"Aurobindo Unit III, India",Yes,14,Freight Included in Commodity Cost,2.93,FPQ-4537
1298,,Pre-PQ Process,,,Vietnam,,,,,,1/9/2007,,,,,,CIPLA LIMITED,,Lamivudine/Nevirapine/Stavudine,Generic,150/200/30mg,,,,,,,,,,,,108-VN-T01,SCMS-262,ASN-386,PMO - US,Direct Drop,EXW,Air,Pre-PQ Process,12-May-07,12-May-07,12-May-07,ARV,Adult,"Lamivudine/Nevirapine/Stavudine 150/200/30mg, tablets, 60 Tabs",Tablet - FDC,60.0,70000.0,525000.0,7.5,0.12,"Cipla, Goa, India",Yes,6813,31858.09,,
11207,,,,,Zambia,,,,,,N/A - From RDC,,,,,,SCMS from RDC,,Efavirenz,Generic,600mg,,,,,,,,,,,,110-ZM-T01,SO-1429,DN-470,PMO - US,From RDC,N/A - From RDC,Air,Pre-PQ Process,26-Nov-07,26-Nov-07,26-Nov-07,ARV,Adult,"Efavirenz 600mg, tablets, 30 Tabs",Tablet,30.0,84.0,1043.28,12.42,0.41,"Aurobindo Unit III, India",Yes,Weight Captured Separately,Invoiced Separately,1.67,Pre-PQ Process
9952,104-CI-T01,Pre-PQ Process,SCMS-29340,ASN-2921,Côte d'Ivoire,PMO - US,Direct Drop,EXW,Air,Pre-PQ Process,9/3/08,23-Jan-09,23-Jan-09,23-Jan-09,ACT,ACT,IDA FOUNDATION,"Artesunate+Amodiaquine 50+153mg, tablets, co-blister 12+12 Tabs",Artesunate+Amodiaquine,Generic,50+153mg,Tablet - FDC + co-blister,24.0,20000.0,14000.0,0.7,0.03,Ipca Dadra/Nagar Haveli IN,No,See ASN-2921 (ID#:719),See ASN-2921 (ID#:719),27.44,,,,,,,,,,,,,,,,,,,,,,,,,,
84685,,FPQ-8520,,,Uganda,,,,,,N/A - From RDC,,,,,,SCMS from RDC,,Lamivudine/Zidovudine,Generic,150/300mg,,,,,,,,,,,,114-UG-T30,SO-40911,DN-2435,PMO - US,From RDC,N/A - From RDC,Truck,10/5/2011,9-Jan-12,1-Dec-11,1-Dec-11,ARV,Adult,"Lamivudine/Zidovudine 150/300mg, tablets, 60 Tabs",Tablet - FDC,60.0,1529.0,12629.54,8.26,0.14,"Aurobindo Unit III, India",No,See DN-2435 (ID#:84121),See DN-2435 (ID#:84121),20.84,
10721,,Pre-PQ Process,,,Nigeria,,,,,,N/A - From RDC,,,,,,SCMS from RDC,,Efavirenz/Emtricitabine/Tenofovir Disoproxil Fumarate,Atripla,600/200/300mg,,,,,,,,,,,,131-NG-T01,SO-10821,DN-919,PMO - US,From RDC,N/A - From RDC,Air,Pre-PQ Process,28-Sep-08,28-Sep-08,28-Sep-08,ARV,Adult,"Efavirenz/Emtricitabine/Tenofovir Disoproxil Fumarate 600/200/300mg [Atripla], tablets, 30 Tabs",Tablet - FDC,30.0,1000.0,50400.0,50.4,1.68,"MSD, Haarlem, NL",Yes,108,13353.34,80.64,
83326,,FPQ-15294,,,Uganda,,,,,,N/A - From RDC,,,,,,SCMS from RDC,,Lamivudine/Zidovudine,Generic,30/60mg,,,,,,,,,,,,114-UG-T30,SO-50050,DN-4218,PMO - US,From RDC,N/A - From RDC,Truck,11/3/2014,15-Jun-15,14-May-15,15-May-15,ARV,Pediatric,"Lamivudine/Zidovudine 30/60mg, dispersible tablets, 60 Tabs",Chewable/dispersible tablet - FDC,60.0,7559.0,14513.28,1.92,0.03,"Cipla, Goa, India",Yes,21710,18500.5,17.08,
83849,103-ZW-T30,FPQ-13990,SO-48470,DN-3970,Zimbabwe,PMO - US,From RDC,N/A - From RDC,Truck,4/1/14,N/A - From RDC,31-Oct-14,30-Oct-14,7-Nov-14,ARV,Pediatric,SCMS from RDC,"Abacavir/Lamivudine 60/30mg, tablets, 60 Tabs",Abacavir/Lamivudine,Generic,60/30mg,Tablet - FDC,60.0,27847.0,109995.65,3.95,0.07,Mylan (formerly Matrix) Nashik,Yes,1153,1489.8,113.08,,,,,,,,,,,,,,,,,,,,,,,,,,
82902,151-NG-T30,FPQ-5023,SO-36510,DN-1919,Nigeria,PMO - US,From RDC,N/A - From RDC,Air,2/10/10,N/A - From RDC,15-Jul-10,28-Jun-10,28-Jun-10,ARV,Adult,SCMS from RDC,"Lamivudine/Nevirapine/Stavudine 150/200/30mg, tablets, 60 Tabs",Lamivudine/Nevirapine/Stavudine,Generic,150/200/30mg,Tablet - FDC,60.0,9000.0,52650.0,5.85,0.1,"Strides, Bangalore, India.",Yes,653,Freight Included in Commodity Cost,113.51,,,,,,,,,,,,,,,,,,,,,,,,,,
77952,,,,,Rwanda,,,,,,4/3/2014,,,,,,"SHANGHAI KEHUA BIOENGINEERING CO.,LTD.  (KHB)",,"HIV 1/2, Colloidal Gold, Diagnostic Kit, Antibody",Colloidal Gold,,,,,,,,,,,,,107-RW-T30,SCMS-232310,ASN-25541,PMO - US,Direct Drop,EXW,Air,3/12/2014,28-Apr-14,28-Apr-14,28-Apr-14,HRDT,HIV test,"HIV 1/2, SKB Colloidal Gold, Diagnostic Kit, Antibody, 50 Tests",Test kit,1.0,5994.0,146853.0,24.5,24.5,"KHB Test Kit Facility, Shanghai China",Yes,3996,53102.22,150.96,FPQ-13874
670,,Pre-PQ Process,,,Zambia,,,,,,7/31/2008,,,,,,"Orgenics, Ltd",,"HIV 1/2, Determine HIV Kit, without Lancets",Determine,,,,,,,,,,,,,110-ZM-T01,SCMS-27790,ASN-2641,PMO - US,Direct Drop,EXW,Air,Pre-PQ Process,20-Oct-08,20-Oct-08,20-Oct-08,HRDT,HIV test,"HIV 1/2, Determine HIV Kit, without Lancets, 100 Tests",Test kit,100.0,4500.0,323955.0,71.99,0.72,Inverness Japan,Yes,1053,11062.05,634.95,
85190,,FPQ-7798,,,Ethiopia,,,,,,N/A - From RDC,,,,,,SCMS from RDC,,Efavirenz,Generic,600mg,,,,,,,,,,,,117-ET-T30,SO-39770,DN-2234,PMO - US,From RDC,N/A - From RDC,Air,5/23/2011,21-Jun-11,1-Jun-11,1-Jun-11,ARV,Adult,"Efavirenz 600mg, tablets, 30 Tabs",Tablet,30.0,49142.0,207379.24,4.22,0.14,Hetero Unit III Hyderabad IN,No,See DN-2234 (ID#:82386),See DN-2234 (ID#:82386),342.18,
11018,,,,,Haiti,,,,,,N/A - From RDC,,,,,,SCMS from RDC,,Efavirenz,Generic,600mg,,,,,,,,,,,,106-HT-T01,SO-15950,DN-945,PMO - US,From RDC,N/A - From RDC,Air,Pre-PQ Process,27-Oct-08,27-Oct-08,27-Oct-08,ARV,Adult,"Efavirenz 600mg, tablets, 30 Tabs",Tablet,30.0,8192.0,90112.0,11.0,0.37,Mylan (formerly Matrix) Nashik,Yes,9516,101348.75,144.18,Pre-PQ Process
45609,,,,,Zimbabwe,,,,,,1/26/2015,,,,,,"Orgenics, Ltd",,"Chase Buffer, Determine, 100 Tests, 2.5ml x 1 Vial",Determine,,,,,,,,,,,,,113-ZW-T30,SCMS-266490,ASN-31132,PMO - US,Direct Drop,EXW,Air,11/17/2014,14-May-15,14-May-15,14-May-15,HRDT,HIV test - Ancillary,"Chase Buffer, Determine, 100 Tests, 2.5ml x 1 Vial",Test kit - Ancillary,1.0,5000.0,25000.0,5.0,5.0,"Alere Medical Co., Ltd.",No,See ASN-31132 (ID#:36641),See ASN-31132 (ID#:36641),29.42,FPQ-15380
74419,,,,,"Congo, DRC",,,,,,1/9/2012,,,,,,"Orgenics, Ltd",,"HIV 1/2, Determine Complete HIV Kit",Determine,,,,,,,,,,,,,101-CD-T30,SCMS-131070,ASN-14078,PMO - US,Direct Drop,EXW,Air,12/14/2011,18-Jun-12,18-Jun-12,18-Jun-12,HRDT,HIV test,"HIV 1/2, Determine Complete HIV Kit, 100 Tests",Test kit,100.0,1265.0,101200.0,80.0,0.8,"Alere Medical Co., Ltd.",Yes,657,15722.05,141.88,FPQ-8792
62413,,FPQ-10811,,,Vietnam,,,,,,11/7/2012,,,,,,HETERO LABS LIMITED,,Efavirenz,Generic,600mg,,,,,,,,,,,,108-VN-T30,SCMS-164580,ASN-18661,PMO - US,Direct Drop,EXW,Air,10/15/2012,1-Apr-13,1-Apr-13,1-Apr-13,ARV,Adult,"Efavirenz 600mg, tablets, 30 Tabs",Tablet,30.0,7245.0,23546.25,3.25,0.11,"Hetero, Jadcherla, unit 5, IN",Yes,622,1226.11,29.13,
53738,116-ZA-T30,FPQ-4770,SCMS-60170,ASN-5933,South Africa,PMO - US,Direct Drop,DDP,Truck,12/17/09,12/23/09,29-Dec-09,29-Dec-09,29-Dec-09,ARV,Pediatric,S. BUYS WHOLESALER,"Zidovudine 10mg/ml [Retrovir], oral solution, Bottle, 200 ml",Zidovudine,Retrovir,10mg/ml,Oral solution,200.0,120.0,866.06,7.22,0.04,GSK Mississauga (Canada),No,Weight Captured Separately,Freight Included in Commodity Cost,1.87,,,,,,,,,,,,,,,,,,,,,,,,,,
4461,,Pre-PQ Process,,,South Africa,,,,,,Date Not Captured,,,,,,S. BUYS WHOLESALER,,Didanosine,Videx,25mg,,,,,,,,,,,,116-ZA-T01,SCMS-23500,ASN-2293,PMO - US,Direct Drop,DDP,Truck,Pre-PQ Process,20-Aug-08,8-May-08,8-May-08,ARV,Pediatric,"Didanosine 25mg [Videx], chewable tablets, 60 Tabs",Chewable/dispersible tablet,60.0,4.0,52.96,13.24,0.22,"BMS Meymac, France",No,Weight Captured Separately,Freight Included in Commodity Cost,0.08,
84092,,FPQ-7692,,,Rwanda,,,,,,N/A - From RDC,,,,,,SCMS from RDC,,Lamivudine,Generic,10mg/ml,,,,,,,,,,,,107-RW-T30,SO-39560,DN-2227,PMO - US,From RDC,N/A - From RDC,Air Charter,5/4/2011,14-Aug-11,25-May-11,25-May-11,ARV,Pediatric,"Lamivudine 10mg/ml, oral solution w/syringe, Bottle, 240 ml",Oral solution,240.0,1800.0,3330.0,1.85,0.01,"Aurobindo Unit III, India",Yes,718,4370.8,5.49,
46587,,,,,South Africa,,,,,,3/19/2010,,,,,,Aurobindo Pharma Limited,,Lamivudine,Generic,150mg,,,,,,,,,,,,161-ZA-T30,SCMS-68950,ASN-7102,PMO - US,Direct Drop,DDP,Air,3/18/2010,11-Jun-10,11-Jun-10,11-Jun-10,ARV,Adult,"Lamivudine 150mg, tablets, 60 Tabs",Tablet,60.0,52379.0,132518.87,2.53,0.04,"Aurobindo Unit III, India",Yes,2512,4116.82,285.71,FPQ-5303
72263,,,,,South Africa,,,,,,3/19/2010,,,,,,Aurobindo Pharma Limited,,Efavirenz,Generic,600mg,,,,,,,,,,,,161-ZA-T30,SCMS-68910,ASN-7469,PMO - US,Direct Drop,DDP,Air,3/18/2010,24-Aug-10,24-Aug-10,24-Aug-10,ARV,Adult,"Efavirenz 600mg, tablets, 30 Tabs",Tablet,30.0,56970.0,266049.9,4.67,0.16,"Aurobindo Unit III, India",Yes,4822,5886.9,573.6,FPQ-5303
20512,107-RW-T30,FPQ-13853,SCMS-235960,ASN-27544,Rwanda,PMO - US,Direct Drop,EXW,Air,3/25/14,4/29/14,22-Aug-14,22-Aug-14,26-Aug-14,ARV,Pediatric,EMCURE PHARMACEUTICALS LTD,"Atazanavir 200mg, capsules, 60 Caps",Atazanavir,Generic,200mg,Capsule,60.0,1411.0,46563.0,33.0,0.55,"Emcure Plot No.P-2, I.T-B.T. Park, Phase II, MIDC, Hinjwadi, Pune, India",Yes,145,1950.74,47.87,,,,,,,,,,,,,,,,,,,,,,,,,,
51911,,,,,Cameroon,,,,,,8/23/2013,,,,,,Aurobindo Pharma Limited,,Lamivudine/Tenofovir Disoproxil Fumarate,Generic,300/300mg,,,,,,,,,,,,901-CM-T30,SCMS-204300,ASN-21708,PMO - US,Direct Drop,EXW,Air,8/19/2013,7-Nov-13,30-Oct-13,31-Oct-13,ARV,Adult,"Lamivudine/Tenofovir Disoproxil Fumarate 300/300mg, tablets, 30 Tabs",Tablet - FDC,30.0,32400.0,150660.0,4.65,0.16,"Aurobindo Unit VII, IN",Yes,3227,26930.79,186.37,FPQ-12837
82541,,,,,Nigeria,,,,,,N/A - From RDC,,,,,,SCMS from RDC,,Emtricitabine/Tenofovir Disoproxil Fumarate,Generic,200/300mg,,,,,,,,,,,,151-NG-T30,SO-43042,DN-2994,PMO - US,From RDC,N/A - From RDC,Air Charter,8/9/2012,11-Feb-13,11-Feb-13,11-Feb-13,ARV,Adult,"Emtricitabine/Tenofovir Disoproxil Fumarate 200/300mg, tablets, 30 Tabs",Tablet - FDC,30.0,100000.0,638000.0,6.38,0.21,Mylan (formerly Matrix) Nashik,Yes,8850,29780.5,894.48,FPQ-10477
68627,,FPQ-3596,,,South Africa,,,,,,9/22/2009,,,,,,S. BUYS WHOLESALER,,Stavudine,Generic,30mg,,,,,,,,,,,,116-ZA-T30,SCMS-50363,ASN-6113,PMO - US,Direct Drop,DDP,Truck,5/7/2009,27-Jan-10,27-Jan-10,27-Jan-10,ARV,Adult,"Stavudine 30mg, capsules, 60 Caps",Capsule,60.0,3000.0,13863.09,4.62,0.08,"Aurobindo Unit III, India",Yes,Weight Captured Separately,Freight Included in Commodity Cost,27.17,
83510,109-TZ-T30,FPQ-7675,SO-39760,DN-2265,Tanzania,PMO - US,From RDC,N/A - From RDC,Air,5/18/11,N/A - From RDC,31-Aug-11,18-Jul-11,18-Jul-11,ARV,Adult,SCMS from RDC,"Emtricitabine/Tenofovir Disoproxil Fumarate 200/300mg, tablets, 30 Tabs",Emtricitabine/Tenofovir Disoproxil Fumarate,Generic,200/300mg,Tablet - FDC,30.0,77636.0,818283.44,10.54,0.35,Mylan (formerly Matrix) Nashik,Yes,6986,26538.46,1350.17,,,,,,,,,,,,,,,,,,,,,,,,,,
76063,,,,,Haiti,,,,,,3/22/2013,,,,,,MYLAN LABORATORIES LTD (FORMERLY MATRIX LABORATORIES),,Lamivudine/Zidovudine,Generic,30/60mg,,,,,,,,,,,,106-HT-T30,SCMS-180980,ASN-20515,PMO - US,Direct Drop,EXW,Air,2/7/2013,14-Aug-13,14-Aug-13,14-Aug-13,ARV,Pediatric,"Lamivudine/Zidovudine 30/60mg, tablets, 60 Tabs",Tablet - FDC,60.0,3192.0,6703.2,2.1,0.04,Mylan (formerly Matrix) Nashik,Yes,157,2010.69,8.29,FPQ-11443
75522,108-VN-T30,FPQ-12539,SCMS-210820,ASN-23668,Vietnam,PMO - US,Direct Drop,EXW,Air,7/11/13,10/14/13,21-Jan-14,21-Jan-14,21-Jan-14,ARV,Adult,HETERO LABS LIMITED,"Efavirenz 600mg, tablets, 30 Tabs",Efavirenz,Generic,600mg,Tablet,30.0,11517.0,37315.08,3.24,0.11,Hetero Unit III Hyderabad IN,Yes,1006,3001.35,46.16,,,,,,,,,,,,,,,,,,,,,,,,,,
39208,,,,,Rwanda,,,,,,7/15/2009,,,,,,EMCURE PHARMACEUTICALS LTD,,Efavirenz,Generic,600mg,,,,,,,,,,,,107-RW-T30,SCMS-49100,ASN-6888,PMO - US,Direct Drop,CIP,Air,6/30/2009,29-May-10,29-May-10,29-May-10,ARV,Adult,"Efavirenz 600mg, tablets, 30 Tabs",Tablet,30.0,31.0,185.69,5.99,0.2,"Emcure Plot No.P-2, I.T-B.T. Park, Phase II, MIDC, Hinjwadi, Pune, India",Yes,4,889.55,0.36,FPQ-3859
80,107-RW-T01,Pre-PQ Process,SCMS-488,ASN-299,Rwanda,PMO - US,Direct Drop,EXW,Air,Pre-PQ Process,Date Not Captured,29-Mar-07,29-Mar-07,29-Mar-07,HRDT,HIV test,Premier Medical Corporation Ltd.,"HIV 1/2/O, First Response HIV 1-2.0, v.3.0 Cards Kit, 30 Tests","HIV 1/2/O, First Response HIV 1-2.0, v.3.0 Cards Kit",First Response,,Test kit,30.0,2000.0,33000.0,16.5,0.55,Premier Med. Corp Ltd. India,Yes,710,3120.7,,,,,,,,,,,,,,,,,,,,,,,,,,,
78329,,FPQ-9874,,,Côte d'Ivoire,,,,,,6/13/2012,,,,,,"CHEMBIO DIAGNOSTIC SYSTEMS, INC.",,"HIV 1/2, Stat-Pak HIV, Kit",Stat-Pak,,,,,,,,,,,,,104-CI-T30,SCMS-147580,ASN-17837,PMO - US,Direct Drop,EXW,Air,5/11/2012,20-Feb-13,20-Feb-13,20-Feb-13,HRDT,HIV test,"HIV 1/2, Stat-Pak HIV, Kit, 20 Tests",Test kit,20.0,2424.0,70296.0,29.0,1.45,Chembio Diagnostics Sys. Inc.,Yes,621,7811.66,98.55,
41162,,FPQ-7553,,,Nigeria,,,,,,5/18/2011,,,,,,"CHEMBIO DIAGNOSTIC SYSTEMS, INC.",,"HIV 1/2, Stat-Pak HIV, Kit",Stat-Pak,,,,,,,,,,,,,133-NG-T30,SCMS-108710,ASN-11147,PMO - US,Direct Drop,EXW,Air,4/28/2011,28-Jun-11,28-Jun-11,28-Jun-11,HRDT,HIV test,"HIV 1/2, Stat-Pak HIV, Kit, 20 Tests",Test kit,20.0,1286.0,37294.0,29.0,1.45,Chembio Diagnostics Sys. Inc.,Yes,482,2386.35,61.54,
10626,,,,,Nigeria,,,,,,N/A - From RDC,,,,,,SCMS from RDC,,Zidovudine,Generic,10mg/ml,,,,,,,,,,,,112-NG-T01,SO-565,DN-373,PMO - US,From RDC,N/A - From RDC,Air,Pre-PQ Process,20-Sep-07,20-Sep-07,20-Sep-07,ARV,Pediatric,"Zidovudine 10mg/ml, oral solution, Bottle, 240 ml",Oral solution,240.0,1653.0,6529.35,3.95,0.02,"Aurobindo Unit III, India",No,See DN-373 (ID#:10623),See DN-373 (ID#:10623),10.45,Pre-PQ Process
10886,,,,,Côte d'Ivoire,,,,,,N/A - From RDC,,,,,,SCMS from RDC,,Saquinavir,Invirase,200mg,,,,,,,,,,,,104-CI-T01,SO-999,DN-349,PMO - US,From RDC,N/A - From RDC,,Pre-PQ Process,12-Sep-07,12-Sep-07,12-Sep-07,ARV,Adult,"Saquinavir 200mg [Invirase], capsules, 270 Caps",Capsule,270.0,526.0,41364.64,78.64,0.29,Roche Basel,No,See DN-349 (ID#:10885),See DN-349 (ID#:10885),66.18,Pre-PQ Process
72142,107-RW-T30,FPQ-8365,SCMS-126480,ASN-15215,Rwanda,PMO - US,Direct Drop,FCA,Air,10/26/11,11/11/11,29-Jun-12,29-Jun-12,29-Jun-12,ARV,Pediatric,ABBVIE LOGISTICS (FORMERLY ABBOTT LOGISTICS BV),"Lopinavir/Ritonavir 100/25mg [Aluvia], tablets, 60 Tabs",Lopinavir/Ritonavir,Generic,100/25mg,Tablet,60.0,1575.0,12143.25,7.71,0.13,ABBVIE Ludwigshafen Germany,Yes,186,2874.03,20.04,,,,,,,,,,,,,,,,,,,,,,,,,,
78387,,FPQ-5837,,,Uganda,,,,,,8/11/2010,,,,,,ASPEN PHARMACARE,,Etravirine,Intelence,100mg,,,,,,,,,,,,114-UG-T30,SCMS-80710,ASN-7974,PMO - US,Direct Drop,DDU,Air,6/25/2010,1-Sep-10,1-Sep-10,1-Sep-10,ARV,Adult,"Etravirine 100mg [Intelence], tablets, 120 Tabs",Tablet,120.0,50.0,4199.01,83.98,0.7,"Janssen-Cilag, Latina, IT",Yes,10,435,9.05,
86420,111-MZ-T30,FPQ-7053,SO-38640,DN-2415,Mozambique,PMO - US,From RDC,N/A - From RDC,Truck,1/24/11,N/A - From RDC,15-Dec-11,14-Dec-11,14-Dec-11,ARV,Pediatric,SCMS from RDC,"Nevirapine 10mg/ml, oral suspension w/syringe, Bottle, 240 ml",Nevirapine,Generic,10mg/ml,Oral suspension,240.0,10070.0,19636.5,1.95,0.01,"Aurobindo Unit III, India",Yes,3787,2451.86,32.4,,,,,,,,,,,,,,,,,,,,,,,,,,
9352,,Pre-PQ Process,,,Tanzania,,,,,,10/23/2007,,,,,,"Standard Diagnostics, Inc.",,"HIV 1/2, Bioline 3.0 Kit, Lancets, Capillary pipets, Alcohol swabs included",Bioline,,,,,,,,,,,,,109-TZ-T01,SCMS-10350,ASN-1933,PMO - US,Direct Drop,EXW,Air,Pre-PQ Process,22-Jul-08,22-Jul-08,22-Jul-08,HRDT,HIV test,"HIV 1/2, Bioline 3.0 Kit, Lancets, Capillary pipets, Alcohol swabs included, 25 Tests",Test kit,25.0,10000.0,200000.0,20.0,0.8,"Standard Diagnostics, Korea",Yes,3110,22663.18,320.0,
12564,104-CI-T01,Pre-PQ Process,SO-21871,DN-1170,Côte d'Ivoire,PMO - US,From RDC,N/A - From RDC,Air,Pre-PQ Process,N/A - From RDC,19-Jun-09,19-Jun-09,19-Jun-09,ARV,Adult,SCMS from RDC,"Nevirapine 200mg, tablets, 60 Tabs",Nevirapine,Generic,200mg,Tablet,60.0,5259.0,15777.0,3.0,0.05,Hetero Unit III Hyderabad IN,Yes,294,5432.93,30.92,,,,,,,,,,,,,,,,,,,,,,,,,,
84276,,FPQ-11022,,,Nigeria,,,,,,N/A - From RDC,,,,,,SCMS from RDC,,Lamivudine/Stavudine,Generic,60/12mg,,,,,,,,,,,,151-NG-T30,SO-45204,DN-3240,PMO - US,From RDC,N/A - From RDC,Air Charter,11/15/2012,22-Jul-13,23-Jul-13,23-Jul-13,ARV,Pediatric,"Lamivudine/Stavudine 60/12mg, dispersible tablets, 60 Tabs",Chewable/dispersible tablet - FDC,60.0,1945.0,6418.5,3.3,0.06,"Cipla, Goa, India",Yes,165,Freight Included in Commodity Cost,7.94,
84955,,FPQ-14162,,,Zambia,,,,,,N/A - From RDC,,,,,,SCMS from RDC,,Nevirapine,Generic,200mg,,,,,,,,,,,,110-ZM-T30,SO-48671,DN-3839,PMO - US,From RDC,N/A - From RDC,Truck,4/24/2014,30-Aug-14,25-Jul-14,31-Jul-14,ARV,Adult,"Nevirapine 200mg, tablets, 60 Tabs",Tablet,60.0,39132.0,86481.72,2.21,0.04,Hetero Unit III Hyderabad IN,Yes,2426,2413.89,88.9,
57582,108-VN-T30,FPQ-15692,SCMS-274350,ASN-32776,Vietnam,PMO - US,Direct Drop,EXW,Air,1/28/15,2/17/15,27-Jul-15,27-Jul-15,27-Jul-15,ARV,Adult,MYLAN LABORATORIES LTD (FORMERLY MATRIX LABORATORIES),"Lamivudine/Nevirapine/Zidovudine 150/200/300mg, tablets, 60 Tabs",Lamivudine/Nevirapine/Zidovudine,Generic,150/300/200mg,Tablet - FDC,60.0,6437.0,52139.7,8.1,0.13,Mylan (formerly Matrix) Nashik,No,See ASN-32776 (ID#:40935),See ASN-32776 (ID#:40935),61.37,,,,,,,,,,,,,,,,,,,,,,,,,,
84022,,FPQ-5237,,,Tanzania,,,,,,N/A - From RDC,,,,,,SCMS from RDC,,Nevirapine,Generic,200mg,,,,,,,,,,,,109-TZ-T30,SO-36043,DN-1947,PMO - US,From RDC,N/A - From RDC,Air,3/1/2010,21-Jul-10,21-Jul-10,21-Jul-10,ARV,Adult,"Nevirapine 200mg, tablets, 60 Tabs",Tablet,60.0,38500.0,105105.0,2.73,0.05,"Strides, Bangalore, India.",Yes,2695,13457.25,226.61,
50078,,FPQ-4770,,,South Africa,,,,,,12/23/2009,,,,,,S. BUYS WHOLESALER,,Didanosine EC,Videx EC,400mg,,,,,,,,,,,,116-ZA-T30,SCMS-60170,ASN-5933,PMO - US,Direct Drop,DDP,Truck,12/17/2009,29-Dec-09,29-Dec-09,29-Dec-09,ARV,Adult,"Didanosine EC 400mg [Videx EC], delayed-release capsules, Blister 3 x 10 Caps",Delayed-release capsules - blister,30.0,30.0,846.07,28.2,0.94,"BMS Meymac, France",No,Weight Captured Separately,Freight Included in Commodity Cost,1.82,
82662,,FPQ-13107,,,Uganda,,,,,,N/A - From RDC,,,,,,SCMS from RDC,,Nevirapine,Generic,200mg,,,,,,,,,,,,114-UG-T30,SO-46860,DN-3605,PMO - US,From RDC,N/A - From RDC,Truck,10/16/2013,31-Mar-14,18-Apr-14,7-May-14,ARV,Adult,"Nevirapine 200mg, tablets, 60 Tabs",Tablet,60.0,21764.0,49186.64,2.26,0.04,"Aurobindo Unit III, India",Yes,2091,Freight Included in Commodity Cost,50.56,
11209,112-NG-T01,Pre-PQ Process,SO-567,DN-475,Nigeria,PMO - US,From RDC,N/A - From RDC,Air,Pre-PQ Process,N/A - From RDC,3-Dec-07,3-Dec-07,3-Dec-07,ARV,Pediatric,SCMS from RDC,"Nevirapine 10mg/ml, oral suspension, Bottle, 240 ml",Nevirapine,Generic,10mg/ml,Oral suspension,240.0,965.0,5983.0,6.2,0.03,"Aurobindo Unit III, India",No,See DN-475 (ID#:10642),See DN-475 (ID#:10642),9.57,,,,,,,,,,,,,,,,,,,,,,,,,,
11947,123-NG-T01,Pre-PQ Process,SO-2554,DN-960,Nigeria,PMO - US,From RDC,N/A - From RDC,Air,Pre-PQ Process,N/A - From RDC,30-Oct-08,30-Oct-08,30-Oct-08,ARV,Pediatric,SCMS from RDC,"Efavirenz 200mg, capsule, 90 Caps",Efavirenz,Generic,200mg,Capsule,90.0,1132.0,18112.0,16.0,0.18,"Aurobindo Unit III, India",No,See DN-960 (ID#:11945),See DN-960 (ID#:11945),35.5,,,,,,,,,,,,,,,,,,,,,,,,,,
83048,,,,,Nigeria,,,,,,N/A - From RDC,,,,,,SCMS from RDC,,Emtricitabine/Tenofovir Disoproxil Fumarate,Generic,200/300mg,,,,,,,,,,,,151-NG-T30,SO-42334,DN-2708,PMO - US,From RDC,N/A - From RDC,Air Charter,3/1/2012,2-Aug-12,3-Jun-12,3-Jun-12,ARV,Adult,"Emtricitabine/Tenofovir Disoproxil Fumarate 200/300mg, tablets, 30 Tabs",Tablet - FDC,30.0,13743.0,110493.72,8.04,0.27,"Aurobindo Unit III, India",Yes,1340,17090,154.91,FPQ-9432
46447,,,,,Uganda,,,,,,7/3/2013,,,,,,ASPEN PHARMACARE,,Darunavir,Prezista,300mg,,,,,,,,,,,,114-UG-T30,SCMS-192170,ASN-22706,PMO - US,Direct Drop,CIP,Air,5/17/2013,20-Nov-13,20-Nov-13,21-Nov-13,ARV,Adult,"Darunavir 300mg [Prezista], tablets, 120 Tabs",Tablet,120.0,841.0,56010.6,66.6,0.55,"Aspen-OSD, Port Elizabeth, SA",Yes,169,359.53,69.29,FPQ-12290
11052,,Pre-PQ Process,,,Uganda,,,,,,N/A - From RDC,,,,,,SCMS from RDC,,Zidovudine,Generic,300mg,,,,,,,,,,,,114-UG-T01,SO-31140,DN-1262,PMO - US,From RDC,N/A - From RDC,Air,Pre-PQ Process,1-Jun-09,1-Jun-09,1-Jun-09,ARV,Adult,"Zidovudine 300mg, tablets, 60 Tabs",Tablet,60.0,105.0,809.55,7.71,0.13,"Aurobindo Unit III, India",Yes,6,1053.86,1.59,
9628,,Pre-PQ Process,,,Guyana,,,,,,2/28/2008,,,,,,"Orgenics, Ltd",,"HIV 1/2, Determine HIV Kit, without Lancets",Determine,,,,,,,,,,,,,102-GY-T01,SCMS-18480,ASN-1503,PMO - US,Direct Drop,EXW,Air,Pre-PQ Process,9-Apr-08,9-Apr-08,9-Apr-08,HRDT,HIV test,"HIV 1/2, Determine HIV Kit, without Lancets, 100 Tests",Test kit,100.0,240.0,17277.6,71.99,0.72,Inverness Japan,Yes,55,1442.92,27.64,
11270,,Pre-PQ Process,,,Uganda,,,,,,N/A - From RDC,,,,,,SCMS from RDC,,Lamivudine/Zidovudine,Generic,150/300mg,,,,,,,,,,,,114-UG-T01,SO-2344,DN-818,PMO - US,From RDC,N/A - From RDC,Air,Pre-PQ Process,21-Aug-08,21-Aug-08,21-Aug-08,ARV,Adult,"Lamivudine/Zidovudine 150/300mg, tablets, 60 Tabs",Tablet - FDC,60.0,1350.0,12757.5,9.45,0.16,"Aurobindo Unit III, India",Yes,239,1277.22,20.41,
85728,,FPQ-6221,,,Zambia,,,,,,N/A - From RDC,,,,,,SCMS from RDC,,Nevirapine,Generic,200mg,,,,,,,,,,,,110-ZM-T30,SO-37340,DN-2072,PMO - US,From RDC,N/A - From RDC,Truck,8/20/2010,15-Nov-10,10-Dec-10,10-Dec-10,ARV,Adult,"Nevirapine 200mg, tablets, 60 Tabs",Tablet,60.0,10000.0,26600.0,2.66,0.04,Hetero Unit III Hyderabad IN,No,See DN-2072 (ID#:83472),See DN-2072 (ID#:83472),57.35,
85916,,FPQ-9968,,,Nigeria,,,,,,N/A - From RDC,,,,,,SCMS from RDC,,Lamivudine/Nevirapine/Zidovudine,Generic,150/300/200mg,,,,,,,,,,,,151-NG-T30,SO-43430,DN-2909,PMO - US,From RDC,N/A - From RDC,Air,5/23/2012,7-Nov-12,7-Nov-12,7-Nov-12,ARV,Adult,"Lamivudine/Nevirapine/Zidovudine 150/200/300mg, tablets, 60 Tabs",Tablet - FDC,60.0,116000.0,1115920.0,9.62,0.16,Hetero Unit III Hyderabad IN,Yes,17521,15459.09,1564.52,
7894,,Pre-PQ Process,,,Namibia,,,,,,6/5/2009,,,,,,"Orgenics, Ltd",,"HIV 1/2, Determine HIV Kit, without Lancets",Determine,,,,,,,,,,,,,119-NA-T01,SCMS-47130,ASN-4416,PMO - US,Direct Drop,EXW,Air,Pre-PQ Process,27-Jul-09,27-Jul-09,27-Jul-09,HRDT,HIV test,"HIV 1/2, Determine HIV Kit, without Lancets, 100 Tests",Test kit,100.0,24.0,1680.0,70.0,0.7,Inverness Japan,Yes,6,868.31,3.29,
12317,110-ZM-T01,Pre-PQ Process,SO-29030,DN-1407,Zambia,PMO - US,From RDC,N/A - From RDC,Truck,Date Not Captured,N/A - From RDC,19-Oct-09,19-Oct-09,19-Oct-09,ARV,Adult,SCMS from RDC,"Nevirapine 200mg, tablets, 60 Tabs",Nevirapine,Generic,200mg,Tablet,60.0,15718.0,47154.0,3.0,0.05,"Aurobindo Unit III, India",No,See DN-1407 (ID#:11681),See DN-1407 (ID#:11681),92.42,,,,,,,,,,,,,,,,,,,,,,,,,,
30186,,FPQ-5899,,,Vietnam,,,,,,6/30/2010,,,,,,MYLAN LABORATORIES LTD (FORMERLY MATRIX LABORATORIES),,Abacavir,Generic,300mg,,,,,,,,,,,,108-VN-T30,SCMS-77270,ASN-7730,PMO - US,Direct Drop,EXW,Air,6/23/2010,3-Nov-10,3-Nov-10,3-Nov-10,ARV,Adult,"Abacavir 300mg, tablets, 60 Tabs",Tablet,60.0,200.0,3148.0,15.74,0.26,Mylan (formerly Matrix) Nashik,Yes,22,3587.81,6.79,
83148,102-BI-T30,FPQ-12065,SO-45170,DN-3257,Burundi,PMO - US,From RDC,N/A - From RDC,Air,4/22/13,N/A - From RDC,24-Aug-13,26-Aug-13,26-Aug-13,ARV,Adult,SCMS from RDC,"Lopinavir/Ritonavir 200/50mg, tablets, 120 Tabs",Lopinavir/Ritonavir,Generic,200/50mg,Tablet,120.0,213.0,4639.14,21.78,0.18,"Aurobindo Unit III, India",Yes,928,4323.44,5.74,,,,,,,,,,,,,,,,,,,,,,,,,,
82330,,FPQ-5702,,,Zambia,,,,,,N/A - From RDC,,,,,,SCMS from RDC,,Efavirenz,Generic,600mg,,,,,,,,,,,,110-ZM-T30,SO-36850,DN-1875,PMO - US,From RDC,N/A - From RDC,Truck,5/20/2010,4-Nov-10,29-Jun-10,29-Jun-10,ARV,Adult,"Efavirenz 600mg, tablets, 30 Tabs",Tablet,30.0,2750.0,12650.0,4.6,0.15,Mylan (formerly Matrix) Nashik,Yes,10313,11054.59,27.27,
11655,114-UG-T01,Pre-PQ Process,SO-31360,DN-1287,Uganda,PMO - US,From RDC,N/A - From RDC,Air,Pre-PQ Process,N/A - From RDC,22-Jun-09,22-Jun-09,22-Jun-09,ARV,Adult,SCMS from RDC,"Efavirenz 600mg, tablets, 30 Tabs",Efavirenz,Generic,600mg,Tablet,30.0,7300.0,50005.0,6.85,0.23,"Aurobindo Unit III, India",No,See DN-1287 (ID#:11055),See DN-1287 (ID#:11055),98.01,,,,,,,,,,,,,,,,,,,,,,,,,,
84782,,,,,Zimbabwe,,,,,,N/A - From RDC,,,,,,SCMS from RDC,,Lamivudine/Tenofovir Disoproxil Fumarate,Generic,300/300mg,,,,,,,,,,,,113-ZW-T30,SO-43220,DN-2989,PMO - US,From RDC,N/A - From RDC,Truck,9/11/2012,11-Feb-13,11-Feb-13,11-Feb-13,ARV,Adult,"Lamivudine/Tenofovir Disoproxil Fumarate 300/300mg, tablets, 30 Tabs",Tablet - FDC,30.0,119481.0,574703.61,4.81,0.16,"Aurobindo Unit VII, IN",No,See DN-2989 (ID#:84216),See DN-2989 (ID#:84216),805.73,FPQ-10632
85188,109-TZ-T30,FPQ-6713,SO-39440,DN-2207,Tanzania,PMO - US,From RDC,N/A - From RDC,Truck,12/2/10,N/A - From RDC,28-Apr-11,1-Jun-11,1-Jun-11,ARV,Adult,SCMS from RDC,"Efavirenz/Emtricitabine/Tenofovir Disoproxil Fumarate 600/200/300mg, tablets, 30 Tabs",Efavirenz/Emtricitabine/Tenofovir Disoproxil Fumarate,Generic,600/200/300mg,Tablet - FDC,30.0,28200.0,561744.0,19.92,0.66,Mylan (formerly Matrix) Nashik,Yes,3076,3859,926.88,,,,,,,,,,,,,,,,,,,,,,,,,,
31648,,FPQ-3859,,,Rwanda,,,,,,7/15/2009,,,,,,EMCURE PHARMACEUTICALS LTD,,Efavirenz,Generic,600mg,,,,,,,,,,,,107-RW-T30,SCMS-49100,ASN-6890,PMO - US,Direct Drop,CIP,Air,6/30/2009,29-May-10,29-May-10,29-May-10,ARV,Adult,"Efavirenz 600mg, tablets, 30 Tabs",Tablet,30.0,59609.0,357057.91,5.99,0.2,"Emcure Plot No.P-2, I.T-B.T. Park, Phase II, MIDC, Hinjwadi, Pune, India",Yes,4227,33008.05,699.83,
12892,,Pre-PQ Process,,,Nigeria,,,,,,N/A - From RDC,,,,,,SCMS from RDC,,Indinavir,Crixivan,400mg,,,,,,,,,,,,123-NG-T01,SO-24480,DN-1276,PMO - US,From RDC,N/A - From RDC,Air Charter,Pre-PQ Process,16-Jun-09,16-Jun-09,16-Jun-09,ARV,Adult,"Indinavir 400mg [Crixivan], capsules, 180 Caps",Capsule,180.0,400.0,20000.0,50.0,0.28,"MSD, Haarlem, NL",Yes,89,7329.83,39.2,
4347,,Pre-PQ Process,,,South Africa,,,,,,2/20/2008,,,,,,S. BUYS WHOLESALER,,Lamivudine,Epivir,10mg/ml,,,,,,,,,,,,116-ZA-T01,SCMS-19800,ASN-1665,PMO - US,Direct Drop,DDP,Truck,Pre-PQ Process,24-Apr-08,24-Apr-08,24-Apr-08,ARV,Pediatric,"Lamivudine 10mg/ml [Epivir], oral solution, Bottle, 240 ml",Oral solution,240.0,1000.0,6410.0,6.41,0.03,GSK Mississauga (Canada),No,Weight Captured Separately,Freight Included in Commodity Cost,10.26,
84425,,FPQ-14112,,,Burundi,,,,,,N/A - From RDC,,,,,,SCMS from RDC,,Efavirenz/Lamivudine/Tenofovir Disoproxil Fumarate,Generic,600/300/300mg,,,,,,,,,,,,102-BI-T30,SO-48620,DN-4003,PMO - US,From RDC,N/A - From RDC,Air,4/18/2014,20-Nov-14,20-Nov-14,24-Nov-14,ARV,Adult,"Efavirenz/Lamivudine/Tenofovir Disoproxil Fumarate 600/300/300mg, tablets, 30 Tabs",Tablet - FDC,30.0,3240.0,33210.0,10.25,0.34,"Aurobindo Unit VII, IN",Yes,614,4373.84,34.14,
30494,,,,,Zambia,,,,,,9/19/2014,,,,,,"Orgenics, Ltd",,"HIV 1/2, Determine Complete HIV Kit",Determine,,,,,,,,,,,,,110-ZM-T30,SCMS-256510,ASN-29094,PMO - US,Direct Drop,EXW,Air,8/19/2014,11-Mar-15,26-Mar-15,1-Apr-15,HRDT,HIV test,"HIV 1/2, Determine Complete HIV Kit, 100 Tests",Test kit,100.0,6314.0,505120.0,80.0,0.8,"Alere Medical Co., Ltd.",Yes,2561,35696.95,519.26,FPQ-14827
79879,,,,,Côte d'Ivoire,,,,,,2/26/2014,,,,,,"Orgenics, Ltd",,"HIV 1/2, Determine Complete HIV Kit",Determine,,,,,,,,,,,,,104-CI-T30,SCMS-228050,ASN-26518,PMO - US,Direct Drop,EXW,Air,1/22/2014,24-Jun-14,24-Jun-14,25-Jun-14,HRDT,HIV test,"HIV 1/2, Determine Complete HIV Kit, 100 Tests",Test kit,100.0,1500.0,120000.0,80.0,0.8,"Alere Medical Co., Ltd.",Yes,606,8158.8,123.36,FPQ-13602
82921,,FPQ-5702,,,Zambia,,,,,,N/A - From RDC,,,,,,SCMS from RDC,,Lamivudine,Generic,150mg,,,,,,,,,,,,110-ZM-T30,SO-36842,DN-2032,PMO - US,From RDC,N/A - From RDC,Truck,5/20/2010,4-Nov-10,8-Nov-10,8-Nov-10,ARV,Adult,"Lamivudine 150mg, tablets, 60 Tabs",Tablet,60.0,32920.0,76703.6,2.33,0.04,Hetero Unit III Hyderabad IN,Yes,18057,16868.38,165.37,
10940,109-TZ-T01,Pre-PQ Process,SO-1648,DN-559,Tanzania,PMO - US,From RDC,N/A - From RDC,Air,Pre-PQ Process,N/A - From RDC,25-Feb-08,25-Feb-08,25-Feb-08,ARV,Pediatric,SCMS from RDC,"Didanosine 100mg, chewable/dispersible tablets, 60 Tabs",Didanosine,Generic,100mg,Chewable/dispersible tablet,60.0,2273.0,17615.75,7.75,0.13,"Aurobindo Unit III, India",Yes,2749,10654.94,28.19,,,,,,,,,,,,,,,,,,,,,,,,,,
10715,,,,,Zambia,,,,,,N/A - From RDC,,,,,,SCMS from RDC,,Nevirapine,Generic,200mg,,,,,,,,,,,,110-ZM-T01,SO-2491,DN-951,PMO - US,From RDC,N/A - From RDC,Truck,Pre-PQ Process,21-Oct-08,21-Oct-08,21-Oct-08,ARV,Adult,"Nevirapine 200mg, tablets, 60 Tabs",Tablet,60.0,29011.0,98637.4,3.4,0.06,"Aurobindo Unit III, India",Yes,2717,4060.55,193.33,Pre-PQ Process
85243,,FPQ-8476,,,Zambia,,,,,,N/A - From RDC,,,,,,SCMS from RDC,,Emtricitabine/Tenofovir Disoproxil Fumarate,Generic,200/300mg,,,,,,,,,,,,110-ZM-T30,SO-40952,DN-2587,PMO - US,From RDC,N/A - From RDC,Truck,9/27/2011,15-May-12,27-Feb-12,27-Feb-12,ARV,Adult,"Emtricitabine/Tenofovir Disoproxil Fumarate 200/300mg, tablets, 30 Tabs",Tablet - FDC,30.0,54850.0,492004.5,8.97,0.3,Mylan (formerly Matrix) Nashik,Yes,2236,5447.21,811.81,
75502,,,,,Tanzania,,,,,,10/28/2013,,,,,,Aurobindo Pharma Limited,,Efavirenz,Generic,50mg,,,,,,,,,,,,109-TZ-T30,SCMS-210910,ASN-23397,PMO - US,Direct Drop,EXW,Air,10/3/2013,28-Jan-14,28-Jan-14,28-Jan-14,ARV,Pediatric,"Efavirenz 50mg, capsule, 30 Caps",Capsule,30.0,11912.0,18582.72,1.56,0.05,"Aurobindo Unit III, India",Yes,802,5740.54,22.99,FPQ-13048
82004,102-GY-T30,FPQ-9180,SCMS-139640,ASN-14784,Guyana,PMO - US,Direct Drop,EXW,Air,1/17/12,4/9/12,23-May-12,23-May-12,23-May-12,HRDT,HIV test,"Trinity Biotech, Plc","HIV 1/2, Uni-Gold HIV Kit, 20 Tests","HIV 1/2, Uni-Gold HIV Kit",Uni-Gold,,Test kit,20.0,1513.0,48416.0,32.0,1.6,"Trinity Biotech, Plc",Yes,410,5577.13,67.88,,,,,,,,,,,,,,,,,,,,,,,,,,
13886,114-UG-T30,FPQ-12290,SCMS-192080,ASN-22594,Uganda,PMO - US,Direct Drop,CIP,Air,5/17/13,7/3/13,20-Nov-13,20-Nov-13,21-Nov-13,ARV,Adult,ASPEN PHARMACARE,"Etravirine 100mg [Intelence], tablets, 120 Tabs",Etravirine,Intelence,100mg,Tablet,120.0,108.0,3888.0,36.0,0.3,"Janssen-Cilag, Latina, IT",Yes,22,265,4.81,,,,,,,,,,,,,,,,,,,,,,,,,,
82314,110-ZM-T30,FPQ-4273,SO-35840,DN-1776,Zambia,PMO - US,From RDC,N/A - From RDC,Truck,9/17/09,N/A - From RDC,17-May-10,11-May-10,11-May-10,ARV,Pediatric,SCMS from RDC,"Didanosine 100mg, chewable/dispersible tablets, 60 Tabs",Didanosine,Generic,100mg,Chewable/dispersible tablet,60.0,2500.0,19300.0,7.72,0.13,"Aurobindo Unit III, India",Yes,526,4964.27,37.83,,,,,,,,,,,,,,,,,,,,,,,,,,
82455,151-NG-T30,FPQ-8952,SO-41266,DN-2568,Nigeria,PMO - US,From RDC,N/A - From RDC,Air Charter,12/8/11,N/A - From RDC,20-Jun-12,16-Feb-12,16-Feb-12,ARV,Adult,SCMS from RDC,"Nevirapine 200mg, tablets, 60 Tabs",Nevirapine,Generic,200mg,Tablet,60.0,100000.0,258000.0,2.58,0.04,"Strides, Bangalore, India.",Yes,18672,25231.96,361.72,,,,,,,,,,,,,,,,,,,,,,,,,,
85534,109-TZ-T30,FPQ-13566,SO-47655,DN-3964,Tanzania,PMO - US,From RDC,N/A - From RDC,Truck,1/15/14,N/A - From RDC,28-Nov-14,19-Nov-14,20-Nov-14,ARV,Pediatric,SCMS from RDC,"Lamivudine/Zidovudine 30/60mg, dispersible tablets, 60 Tabs",Lamivudine/Zidovudine,Generic,30/60mg,Chewable/dispersible tablet - FDC,60.0,34374.0,73904.1,2.15,0.04,"Cipla, Goa, India",Yes,2346,1462.81,75.97,,,,,,,,,,,,,,,,,,,,,,,,,,
9815,,Pre-PQ Process,,,Zimbabwe,,,,,,6/12/2008,,,,,,"Orgenics, Ltd",,"HIV, Lancet, Safety, for HIV Test kits, 100 Pcs",Generic,,,,,,,,,,,,,113-ZW-T01,SCMS-25300,ASN-2997,PMO - US,Direct Drop,EXW,Air,Pre-PQ Process,22-Jan-09,22-Jan-09,22-Jan-09,HRDT,HIV test - Ancillary,"HIV, Lancet, Safety, for HIV Test kits, 100 Pcs",Test kit - Ancillary,100.0,1396.0,13.96,0.01,0.0,Inverness Japan,No,See ASN-2997 (ID#:5860),See ASN-2997 (ID#:5860),0.03,
12753,111-MZ-T01,Pre-PQ Process,SO-1040,DN-487,Mozambique,PMO - US,From RDC,N/A - From RDC,Air,Pre-PQ Process,N/A - From RDC,8-Feb-08,8-Feb-08,8-Feb-08,ARV,Adult,SCMS from RDC,"Ritonavir 100mg [Norvir], capsules, cool, 84 Caps",Ritonavir,Norvir,100mg,Capsule,84.0,210.0,8055.6,38.36,0.46,ABBVIE (Abbott) Logis. UK,Yes,63,740.16,12.89,,,,,,,,,,,,,,,,,,,,,,,,,,
84304,,FPQ-13042,,,Tanzania,,,,,,N/A - From RDC,,,,,,SCMS from RDC,,Nevirapine,Generic,200mg,,,,,,,,,,,,109-TZ-T30,SO-46680,DN-3401,PMO - US,From RDC,N/A - From RDC,Truck,10/1/2013,26-Dec-13,16-Dec-13,17-Jan-14,ARV,Adult,"Nevirapine 200mg, tablets, 60 Tabs",Tablet,60.0,59498.0,134465.48,2.26,0.04,"Aurobindo Unit III, India",No,See DN-3401 (ID#:83180),See DN-3401 (ID#:83180),166.33,
83730,,,,,Nigeria,,,,,,N/A - From RDC,,,,,,SCMS from RDC,,Efavirenz/Lamivudine/Tenofovir Disoproxil Fumarate,Generic,600/300/300mg,,,,,,,,,,,,151-NG-T30,SO-45661,DN-3368,PMO - US,From RDC,N/A - From RDC,Air Charter,5/6/2013,18-Nov-13,14-Oct-13,24-Oct-13,ARV,Adult,"Efavirenz/Lamivudine/Tenofovir Disoproxil Fumarate 600/300/300mg, tablets, 30 Tabs",Tablet - FDC,30.0,70000.0,780500.0,11.15,0.37,Mylan (formerly Matrix) Nashik,Yes,21510,20225.07,965.48,FPQ-12248
11951,,,,,Côte d'Ivoire,,,,,,N/A - From RDC,,,,,,SCMS from RDC,,Stavudine,Generic,1mg/ml,,,,,,,,,,,,104-CI-T01,SO-16223,DN-1112,PMO - US,From RDC,N/A - From RDC,Air,Pre-PQ Process,5-Mar-09,5-Mar-09,5-Mar-09,ARV,Pediatric,"Stavudine 1mg/ml, powder for oral solution, 200 ml",Oral solution,200.0,800.0,1120.0,1.4,0.01,"Aurobindo Unit III, India",Yes,77,1286,2.2,Pre-PQ Process
82730,103-SS-T30,FPQ-13173,SO-47101,DN-3928,South Sudan,PMO - US,From RDC,N/A - From RDC,Air,10/28/13,N/A - From RDC,30-Sep-14,15-Oct-14,22-Oct-14,ARV,Pediatric,SCMS from RDC,"Lamivudine/Zidovudine 30/60mg, dispersible tablets, 60 Tabs",Lamivudine/Zidovudine,Generic,30/60mg,Chewable/dispersible tablet - FDC,60.0,132.0,262.68,1.99,0.03,"Cipla, Goa, India",Yes,23,1651,0.27,,,,,,,,,,,,,,,,,,,,,,,,,,
46556,116-ZA-T30,FPQ-15269,SCMS-267020,ASN-29764,South Africa,PMO - US,Direct Drop,DDP,Truck,10/29/14,12/10/14,10-Dec-14,10-Dec-14,10-Dec-14,ARV,Pediatric,S. BUYS WHOLESALER,"Lopinavir/Ritonavir 100/25mg [Aluvia], tablets, 60 Tabs",Lopinavir/Ritonavir,Generic,100/25mg,Tablet,60.0,2.0,10.34,5.17,0.09,ABBVIE Ludwigshafen Germany,No,Weight Captured Separately,Freight Included in Commodity Cost,0.01,,,,,,,,,,,,,,,,,,,,,,,,,,
12224,132-NG-T01,Pre-PQ Process,SO-2707,DN-921,Nigeria,PMO - US,From RDC,N/A - From RDC,Air,Pre-PQ Process,N/A - From RDC,28-Sep-08,28-Sep-08,28-Sep-08,ARV,Adult,SCMS from RDC,"Emtricitabine/Tenofovir Disoproxil Fumarate 200/300mg [Truvada], tablets, 30 Tabs",Emtricitabine/Tenofovir Disoproxil Fumarate,Truvada,300/200mg,Tablet - FDC,30.0,45000.0,1181250.0,26.25,0.88,"Aspen-OSD, Port Elizabeth, SA",No,See DN-921 (ID#:11917),See DN-921 (ID#:11917),1890.0,,,,,,,,,,,,,,,,,,,,,,,,,,
37140,,FPQ-7054,,,Mozambique,,,,,,2/8/2011,,,,,,Hoffmann-La Roche ltd Basel,,Saquinavir,Invirase,200mg,,,,,,,,,,,,111-MZ-T30,SCMS-98420,ASN-10816,PMO - US,Direct Drop,FCA,Air,1/21/2011,24-May-11,24-May-11,24-May-11,ARV,Adult,"Saquinavir 200mg [Invirase], capsules, 270 Caps",Capsule,270.0,448.0,46377.58,103.52,0.38,Roche Basel,No,See ASN-10816 (ID#:28664),See ASN-10816 (ID#:28664),76.52,
11531,110-ZM-T01,Pre-PQ Process,SO-1895,DN-824,Zambia,PMO - US,From RDC,N/A - From RDC,Truck,Pre-PQ Process,N/A - From RDC,23-Jul-08,23-Jul-08,23-Jul-08,ARV,Adult,SCMS from RDC,"Efavirenz 600mg, tablets, 30 Tabs",Efavirenz,Generic,600mg,Tablet,30.0,45000.0,540450.0,12.01,0.4,Mylan (formerly Matrix) Nashik,Yes,3457,1934.31,864.72,,,,,,,,,,,,,,,,,,,,,,,,,,
85639,114-UG-T30,FPQ-4470,SO-34010,DN-1548,Uganda,PMO - US,From RDC,N/A - From RDC,Air,8/17/09,N/A - From RDC,30-Nov-09,2-Dec-09,2-Dec-09,ARV,Adult,SCMS from RDC,"Nevirapine 200mg, tablets, 60 Tabs",Nevirapine,Generic,200mg,Tablet,60.0,2000.0,5800.0,2.9,0.05,"Aurobindo Unit III, India",No,See DN-1548 (ID#:85076),See DN-1548 (ID#:85076),11.37,,,,,,,,,,,,,,,,,,,,,,,,,,
10924,100-ZW-T01,Pre-PQ Process,SO-710,DN-488,Zimbabwe,PMO - US,From RDC,N/A - From RDC,Air,Pre-PQ Process,N/A - From RDC,14-Jan-08,14-Jan-08,14-Jan-08,ARV,Adult,SCMS from RDC,"Efavirenz 600mg, tablets, 30 Tabs",Efavirenz,Generic,600mg,Tablet,30.0,627.0,7787.34,12.42,0.41,"Cipla, Goa, India",No,See DN-488 (ID#:10652),See DN-488 (ID#:10652),12.46,,,,,,,,,,,,,,,,,,,,,,,,,,
37362,,,,,South Africa,,,,,,8/29/2014,,,,,,S. BUYS WHOLESALER,,Didanosine,Generic,250mg,,,,,,,,,,,,116-ZA-T30,SCMS-199289,ASN-28034,PMO - US,Direct Drop,DDP,Truck,7/11/2013,29-Aug-14,29-Aug-14,29-Aug-14,ARV,Adult,"Didanosine 250mg, delayed-release capsules, 30 Caps",Delayed-release capsules,30.0,8.0,134.55,16.82,0.56,"Aurobindo Unit III, India",No,Weight Captured Separately,Freight Included in Commodity Cost,0.17,FPQ-12522
84906,,,,,Guyana,,,,,,N/A - From RDC,,,,,,SCMS from RDC,,Efavirenz,Generic,200mg,,,,,,,,,,,,105-GY-T30,SO-46800,DN-3585,PMO - US,From RDC,N/A - From RDC,Air,10/9/2013,31-Mar-14,3-Apr-14,6-Jun-14,ARV,Pediatric,"Efavirenz 200mg, scored tablets, 90 Tabs",Tablet,90.0,48.0,446.4,9.3,0.1,"Strides, Bangalore, India.",No,See DN-3585 (ID#:83223),See DN-3585 (ID#:83223),0.46,FPQ-13071
84466,111-MZ-T30,FPQ-15229,SO-50490,DN-4247,Mozambique,PMO - US,From RDC,N/A - From RDC,Truck,10/17/14,N/A - From RDC,30-Jun-15,9-Jun-15,15-Jun-15,ARV,Adult,SCMS from RDC,"Abacavir/Lamivudine 600/300mg, tablets, 30 Tabs",Abacavir/Lamivudine,Generic,600/300mg,Tablet - FDC,30.0,5000.0,67450.0,13.49,0.45,Mylan (formerly Matrix) Nashik,Yes,517,708.23,79.39,,,,,,,,,,,,,,,,,,,,,,,,,,
67720,,,,,South Sudan,,,,,,2/20/2015,,,,,,"Orgenics, Ltd",,"Chase Buffer, Determine, 100 Tests, 2.5ml x 1 Vial",Determine,,,,,,,,,,,,,105-SS-T30,SCMS-272160,ASN-31331,PMO - US,Direct Drop,EXW,Air,12/29/2014,3-Jun-15,3-Jun-15,5-Jun-15,HRDT,HIV test - Ancillary,"Chase Buffer, Determine, 100 Tests, 2.5ml x 1 Vial",Test kit - Ancillary,1.0,50.0,250.0,5.0,5.0,"Alere Medical Co., Ltd.",No,See ASN-31331 (ID#:51668),See ASN-31331 (ID#:51668),0.29,FPQ-15569
84570,114-UG-T30,FPQ-5451,SO-36832,DN-1860,Uganda,PMO - US,From RDC,N/A - From RDC,Air,5/7/10,N/A - From RDC,30-Jun-10,22-Jun-10,22-Jun-10,ARV,Adult,SCMS from RDC,"Efavirenz 600mg, tablets, 30 Tabs",Efavirenz,Generic,600mg,Tablet,30.0,17550.0,83362.5,4.75,0.16,Mylan (formerly Matrix) Nashik,Yes,1325,4600.45,179.73,,,,,,,,,,,,,,,,,,,,,,,,,,
18673,,,,,Vietnam,,,,,,10/30/2014,,,,,,MYLAN LABORATORIES LTD (FORMERLY MATRIX LABORATORIES),,Lamivudine/Nevirapine/Zidovudine,Generic,150/300/200mg,,,,,,,,,,,,108-VN-T30,SCMS-261420,ASN-30164,PMO - US,Direct Drop,EXW,Air,10/24/2014,19-Mar-15,19-Mar-15,19-Mar-15,ARV,Adult,"Lamivudine/Nevirapine/Zidovudine 150/200/300mg, tablets, 60 Tabs",Tablet - FDC,60.0,9000.0,72900.0,8.1,0.13,Mylan (formerly Matrix) Nashik,Yes,Weight Captured Separately,Invoiced Separately,85.8,FPQ-15087
11302,,,,,Uganda,,,,,,N/A - From RDC,,,,,,SCMS from RDC,,Lamivudine/Zidovudine,Generic,150/300mg,,,,,,,,,,,,114-UG-T01,SO-17710,DN-996,PMO - US,From RDC,N/A - From RDC,Air,Pre-PQ Process,27-Nov-08,27-Nov-08,27-Nov-08,ARV,Adult,"Lamivudine/Zidovudine 150/300mg, tablets, 60 Tabs",Tablet - FDC,60.0,5377.0,50274.95,9.35,0.16,"Aurobindo Unit III, India",Yes,501,3266.38,98.54,Pre-PQ Process
61882,161-ZA-T30,FPQ-5303,SCMS-68950,ASN-7130,South Africa,PMO - US,Direct Drop,DDP,Air,3/18/10,3/19/10,11-Jun-10,11-Jun-10,11-Jun-10,ARV,Adult,Aurobindo Pharma Limited,"Lamivudine 150mg, tablets, 60 Tabs",Lamivudine,Generic,150mg,Tablet,60.0,2.0,5.06,2.53,0.04,"Aurobindo Unit III, India",Yes,1,4116.81,0.01,,,,,,,,,,,,,,,,,,,,,,,,,,
84717,113-ZW-T30,FPQ-8464,SO-40860,DN-2621,Zimbabwe,PMO - US,From RDC,N/A - From RDC,Truck,10/4/11,N/A - From RDC,17-Apr-12,7-May-12,7-May-12,ARV,Adult,SCMS from RDC,"Lamivudine/Zidovudine 150/300mg, tablets, 60 Tabs",Lamivudine/Zidovudine,Generic,150/300mg,Tablet - FDC,60.0,3345.0,27629.7,8.26,0.14,"Cipla, Goa, India",No,See DN-2621 (ID#:83583),See DN-2621 (ID#:83583),45.59,,,,,,,,,,,,,,,,,,,,,,,,,,
48690,106-HT-T30,FPQ-11442,SCMS-177181,ASN-18922,Haiti,PMO - US,Direct Drop,EXW,Air,1/30/13,3/11/13,25-Apr-13,25-Apr-13,25-Apr-13,ARV,Pediatric,Aurobindo Pharma Limited,"Lamivudine 10mg/ml, oral solution w/syringe, Bottle, 240 ml",Lamivudine,Generic,10mg/ml,Oral solution,240.0,2064.0,2951.52,1.43,0.01,"Aurobindo Unit III, India",Yes,751,5754.16,3.65,,,,,,,,,,,,,,,,,,,,,,,,,,
21997,,FPQ-14895,,,Haiti,,,,,,11/14/2014,,,,,,CIPLA LIMITED,,Efavirenz/Lamivudine/Tenofovir Disoproxil Fumarate,Generic,600/300/300mg,,,,,,,,,,,,106-HT-T30,SCMS-258610,ASN-30989,PMO - US,Direct Drop,EXW,Ocean,9/24/2014,25-May-15,25-May-15,26-May-15,ARV,Adult,"Efavirenz/Lamivudine/Tenofovir Disoproxil Fumarate 600/300/300mg, tablets, 30 Tabs",Tablet - FDC,30.0,38530.0,394932.5,10.25,0.34,Cipla Ltd A-42 MIDC Mahar. IN,Yes,5640,9481.92,405.99,
28992,,FPQ-10752,,,Rwanda,,,,,,10/16/2012,,,,,,Aurobindo Pharma Limited,,Didanosine,Generic,400mg,,,,,,,,,,,,107-RW-T30,SCMS-162520,ASN-17004,PMO - US,Direct Drop,EXW,Air,10/3/2012,29-Nov-12,29-Nov-12,29-Nov-12,ARV,Adult,"Didanosine 400mg, delayed-release capsules, 30 Caps",Delayed-release capsules,30.0,1680.0,33600.0,20.0,0.67,"Aurobindo Unit III, India",Yes,131,2004.44,47.11,
31146,,,,,Vietnam,,,,,,7/8/2011,,,,,,STRIDES ARCOLAB LIMITED,,Lamivudine/Nevirapine/Zidovudine,Generic,150/300/200mg,,,,,,,,,,,,108-VN-T30,SCMS-113610,ASN-13013,PMO - US,Direct Drop,EXW,Air,6/27/2011,20-Dec-11,20-Dec-11,20-Dec-11,ARV,Adult,"Lamivudine/Nevirapine/Zidovudine 150/200/300mg, tablets, 60 Tabs",Tablet - FDC,60.0,9030.0,95718.0,10.6,0.18,"Strides, Bangalore, India.",Yes,1054,5726.24,157.93,FPQ-7898
59189,108-VN-T30,FPQ-13034,SCMS-210100,ASN-25785,Vietnam,PMO - US,Direct Drop,EXW,Air,10/4/13,10/7/13,7-Jun-14,7-Jun-14,7-Jun-14,ARV,Adult,EMCURE PHARMACEUTICALS LTD,"Nevirapine 200mg, tablets, 60 Tabs",Nevirapine,Generic,200mg,Tablet,60.0,7063.0,16244.9,2.3,0.04,"Emcure Plot No.P-2, I.T-B.T. Park, Phase II, MIDC, Hinjwadi, Pune, India",Yes,412,1769.68,20.09,,,,,,,,,,,,,,,,,,,,,,,,,,
82460,151-NG-T30,FPQ-8952,SO-41268,DN-2582,Nigeria,PMO - US,From RDC,N/A - From RDC,Air Charter,12/8/11,N/A - From RDC,20-Jun-12,16-Feb-12,16-Feb-12,ARV,Adult,SCMS from RDC,"Emtricitabine/Tenofovir Disoproxil Fumarate 200/300mg, tablets, 30 Tabs",Emtricitabine/Tenofovir Disoproxil Fumarate,Generic,200/300mg,Tablet - FDC,30.0,50000.0,448500.0,8.97,0.3,Mylan (formerly Matrix) Nashik,No,See DN-2582 (ID#:82459),See DN-2582 (ID#:82459),628.8,,,,,,,,,,,,,,,,,,,,,,,,,,
85323,,FPQ-11054,,,"Congo, DRC",,,,,,N/A - From RDC,,,,,,SCMS from RDC,,Abacavir,Generic,300mg,,,,,,,,,,,,101-CD-T30,SO-43680,DN-2981,PMO - US,From RDC,N/A - From RDC,Air,11/16/2012,11-Sep-13,11-Sep-13,11-Sep-13,ARV,Adult,"Abacavir 300mg, tablets, 60 Tabs",Tablet,60.0,155.0,2008.8,12.96,0.22,Mylan (formerly Matrix) Nashik,No,See DN-2981 (ID#:82538),See DN-2981 (ID#:82538),2.48,
76136,,FPQ-14827,,,Zambia,,,,,,9/19/2014,,,,,,"Orgenics, Ltd",,"HIV 1/2, Determine Complete HIV Kit",Determine,,,,,,,,,,,,,110-ZM-T30,SCMS-256510,ASN-29093,PMO - US,Direct Drop,EXW,Air,8/19/2014,11-Mar-15,11-Mar-15,31-Mar-15,HRDT,HIV test,"HIV 1/2, Determine Complete HIV Kit, 100 Tests",Test kit,100.0,6322.0,505760.0,80.0,0.8,"Alere Medical Co., Ltd.",Yes,2564,37444.1,519.92,
3808,102-KE-T01,Pre-PQ Process,SCMS-42961,ASN-4648,Kenya,PMO - US,Direct Drop,EXW,Air,Pre-PQ Process,5/14/09,7-Aug-09,28-Aug-09,28-Aug-09,HRDT,HIV test,"Orgenics, Ltd","HIV 1/2, Determine Complete HIV Kit, 100 Tests","HIV 1/2, Determine Complete HIV Kit",Determine,,Test kit,100.0,7500.0,600000.0,80.0,0.8,Inverness Japan,Yes,2215,17974.65,1176.0,,,,,,,,,,,,,,,,,,,,,,,,,,
19080,,,,,Haiti,,,,,,11/14/2014,,,,,,ABBVIE LOGISTICS (FORMERLY ABBOTT LOGISTICS BV),,Lopinavir/Ritonavir,Aluvia,200/50mg,,,,,,,,,,,,106-HT-T30,SCMS-258570,ASN-30652,PMO - US,Direct Drop,FCA,Air,9/24/2014,11-Mar-15,11-Mar-15,16-Mar-15,ARV,Adult,"Lopinavir/Ritonavir 200/50mg [Aluvia], tablets, 120 Tabs",Tablet,120.0,15560.0,287393.2,18.47,0.15,ABBVIE Ludwigshafen Germany,Yes,3834,16386.12,295.44,FPQ-14895
83228,,FPQ-13107,,,Uganda,,,,,,N/A - From RDC,,,,,,SCMS from RDC,,Efavirenz/Lamivudine/Tenofovir Disoproxil Fumarate,Generic,600/300/300mg,,,,,,,,,,,,114-UG-T30,SO-46861,DN-3608,PMO - US,From RDC,N/A - From RDC,Truck,10/16/2013,4-Jul-14,15-Jul-14,16-Jul-14,ARV,Adult,"Efavirenz/Lamivudine/Tenofovir Disoproxil Fumarate 600/300/300mg, tablets, 30 Tabs",Tablet - FDC,30.0,30874.0,344245.1,11.15,0.37,Hetero Unit III Hyderabad IN,Yes,4133,24362.92,353.88,
11109,,,,,Mozambique,,,,,,N/A - From RDC,,,,,,SCMS from RDC,,Abacavir,Generic,20mg/ml,,,,,,,,,,,,111-MZ-T01,SO-293,DN-44,PMO - US,From RDC,N/A - From RDC,Air,Pre-PQ Process,17-Apr-07,17-Apr-07,17-Apr-07,ARV,Pediatric,"Abacavir 20mg/ml, oral solution, Bottle, 240 ml",Oral solution,240.0,460.0,9683.0,21.05,0.09,"Aurobindo Unit III, India",No,See DN-44 (ID#:10549),See DN-44 (ID#:10549),,Pre-PQ Process
83700,,,,,Uganda,,,,,,N/A - From RDC,,,,,,SCMS from RDC,,Lamivudine/Nevirapine/Zidovudine,Generic,150/300/200mg,,,,,,,,,,,,114-UG-T30,SO-43910,DN-3237,PMO - US,From RDC,N/A - From RDC,Truck,12/13/2012,31-Jul-13,26-Aug-13,26-Aug-13,ARV,Adult,"Lamivudine/Nevirapine/Zidovudine 150/200/300mg, tablets, 60 Tabs",Tablet - FDC,60.0,15117.0,124866.42,8.26,0.14,"Strides, Bangalore, India.",Yes,8057,10734.13,154.46,FPQ-11133
43045,,,,,Tanzania,,,,,,3/23/2011,,,,,,"Standard Diagnostics, Inc.",,"HIV 1/2, Bioline 3.0 Kit, Lancets, Capillary pipets, Alcohol swabs included",Bioline,,,,,,,,,,,,,109-TZ-T30,SCMS-102030,ASN-10560,PMO - US,Direct Drop,EXW,Air,2/25/2011,6-Jun-11,6-Jun-11,6-Jun-11,HRDT,HIV test,"HIV 1/2, Bioline 3.0 Kit, Lancets, Capillary pipets, Alcohol swabs included, 25 Tests",Test kit,25.0,3399.0,67980.0,20.0,0.8,"Standard Diagnostics, Korea",Yes,1133,8509.57,112.17,FPQ-7239
55238,,,,,Vietnam,,,,,,1/16/2012,,,,,,MYLAN LABORATORIES LTD (FORMERLY MATRIX LABORATORIES),,Abacavir,Generic,300mg,,,,,,,,,,,,108-VN-T30,SCMS-131690,ASN-14517,PMO - US,Direct Drop,EXW,Air,12/15/2011,16-May-12,16-May-12,16-May-12,ARV,Adult,"Abacavir 300mg, tablets, 60 Tabs",Tablet,60.0,368.0,4784.0,13.0,0.22,Mylan (formerly Matrix) Nashik,No,See ASN-14517 (ID#:44737),See ASN-14517 (ID#:44737),6.71,FPQ-9001
38596,110-ZM-T30,FPQ-4691,SCMS-60711,ASN-6612,Zambia,PMO - US,Direct Drop,EXW,Air,12/16/09,12/22/09,3-May-10,3-May-10,3-May-10,HRDT,HIV test,"Orgenics, Ltd","HIV 1/2, Determine Complete HIV Kit, 100 Tests","HIV 1/2, Determine Complete HIV Kit",Determine,,Test kit,100.0,2807.0,202104.0,72.0,0.72,Inverness Japan,Yes,1360,20067.34,435.74,,,,,,,,,,,,,,,,,,,,,,,,,,
84837,151-NG-T30,FPQ-11771,SO-44757,DN-3251,Nigeria,PMO - US,From RDC,N/A - From RDC,Air Charter,2/28/13,N/A - From RDC,21-Aug-13,30-Jul-13,30-Jul-13,ARV,Adult,SCMS from RDC,"Lopinavir/Ritonavir 200/50mg, tablets, 120 Tabs",Lopinavir/Ritonavir,Generic,200/50mg,Tablet,120.0,43169.0,906549.0,21.0,0.18,"Aurobindo Unit III, India",No,Weight Captured Separately,Freight Included in Commodity Cost,1121.4,,,,,,,,,,,,,,,,,,,,,,,,,,
35252,,FPQ-4720,,,Vietnam,,,,,,1/12/2010,,,,,,MYLAN LABORATORIES LTD (FORMERLY MATRIX LABORATORIES),,Lamivudine,Generic,150mg,,,,,,,,,,,,108-VN-T30,SCMS-62460,ASN-6355,PMO - US,Direct Drop,EXW,Air,1/4/2009,29-Mar-10,29-Mar-10,29-Mar-10,ARV,Adult,"Lamivudine 150mg, tablets, 60 Tabs",Tablet,60.0,19152.0,49795.2,2.6,0.04,Mylan (formerly Matrix) Nashik,No,See ASN-6355 (ID#:16828),See ASN-6355 (ID#:16828),107.36,
84796,,FPQ-11002,,,Zimbabwe,,,,,,N/A - From RDC,,,,,,SCMS from RDC,,Nevirapine,Generic,200mg,,,,,,,,,,,,113-ZW-T30,SO-43701,DN-3049,PMO - US,From RDC,N/A - From RDC,Truck,11/16/2012,30-Apr-13,23-Mar-13,23-Mar-13,ARV,Adult,"Nevirapine 200mg, tablets, 60 Tabs",Tablet,60.0,40869.0,92363.94,2.26,0.04,Hetero Unit III Hyderabad IN,Yes,2520,15000,114.25,
78767,102-BI-T30,FPQ-12580,SCMS-199591,ASN-22168,Burundi,PMO - US,Direct Drop,EXW,Air,7/9/13,7/31/13,20-Nov-13,20-Nov-13,22-Nov-13,HRDT,HIV test,"Orgenics, Ltd","HIV 1/2, Determine Complete HIV Kit, 100 Tests","HIV 1/2, Determine Complete HIV Kit",Determine,,Test kit,100.0,1268.0,101440.0,80.0,0.8,"Alere Medical Co., Ltd.",Yes,516,9802.95,125.48,,,,,,,,,,,,,,,,,,,,,,,,,,
83377,,,,,Côte d'Ivoire,,,,,,N/A - From RDC,,,,,,SCMS from RDC,,Lamivudine/Nevirapine/Zidovudine,Generic,150/300/200mg,,,,,,,,,,,,104-CI-T30,SO-34510,DN-1514,PMO - US,From RDC,N/A - From RDC,Air,7/24/2009,26-Nov-09,13-Nov-09,13-Nov-09,ARV,Adult,"Lamivudine/Nevirapine/Zidovudine 150/200/300mg, tablets, 60 Tabs",Tablet - FDC,60.0,42750.0,485212.5,11.35,0.19,"Aurobindo Unit III, India",Yes,4814,7100.04,951.02,FPQ-3964
11346,151-NG-T01,Pre-PQ Process,SO-27817,DN-1367,Nigeria,PMO - US,From RDC,N/A - From RDC,Air Charter,Date Not Captured,N/A - From RDC,4-Aug-09,4-Aug-09,4-Aug-09,ARV,Adult,SCMS from RDC,"Emtricitabine/Tenofovir Disoproxil Fumarate 200/300mg [Truvada], tablets, 30 Tabs",Emtricitabine/Tenofovir Disoproxil Fumarate,Truvada,300/200mg,Tablet - FDC,30.0,8462.0,222127.5,26.25,0.88,"Aspen-OSD, Port Elizabeth, SA",Yes,1225,7445.71,435.37,,,,,,,,,,,,,,,,,,,,,,,,,,
80767,,FPQ-6262,,,South Africa,,,,,,9/21/2010,,,,,,CIPLA LIMITED,,Tenofovir Disoproxil Fumarate,Generic,300mg,,,,,,,,,,,,161-ZA-T30,SCMS-84200,ASN-9692,PMO - US,Direct Drop,DDP,Ocean,8/31/2010,23-Feb-11,11-Mar-11,11-Mar-11,ARV,Adult,"Tenofovir Disoproxil Fumarate 300mg, tablets, 30 Tabs",Tablet,30.0,12722.0,89435.66,7.03,0.23,"Cipla, Goa, India",Yes,875,6038.22,192.82,
86061,,FPQ-13608,,,Haiti,,,,,,N/A - From RDC,,,,,,SCMS from RDC,,Lamivudine/Nevirapine/Zidovudine,Generic,150/300/200mg,,,,,,,,,,,,106-HT-T30,SO-47690,DN-3586,PMO - US,From RDC,N/A - From RDC,Air,1/22/2014,30-Mar-14,24-Mar-14,6-May-14,ARV,Adult,"Lamivudine/Nevirapine/Zidovudine 150/200/300mg, tablets, 60 Tabs",Tablet - FDC,60.0,30000.0,247800.0,8.26,0.14,Mylan (formerly Matrix) Nashik,No,See DN-3586 (ID#:83224),See DN-3586 (ID#:83224),254.74,
6546,,,,,Vietnam,,,,,,5/27/2009,,,,,,BRISTOL-MYERS SQUIBB,,Didanosine,Videx,25mg,,,,,,,,,,,,108-VN-T01,SCMS-46550,ASN-4488,PMO - US,Direct Drop,CIP,Air,Pre-PQ Process,28-Jul-09,28-Jul-09,28-Jul-09,ARV,Pediatric,"Didanosine 25mg [Videx], chewable tablets, 60 Tabs",Chewable/dispersible tablet,60.0,320.0,2240.0,7.0,0.12,"BMS Meymac, France",No,See ASN-4488 (ID#:1213),See ASN-4488 (ID#:1213),4.39,Pre-PQ Process
65370,,FPQ-4770,,,South Africa,,,,,,12/23/2009,,,,,,S. BUYS WHOLESALER,,Nevirapine,Generic,200mg,,,,,,,,,,,,116-ZA-T30,SCMS-60170,ASN-5933,PMO - US,Direct Drop,DDP,Truck,12/17/2009,29-Dec-09,29-Dec-09,29-Dec-09,ARV,Adult,"Nevirapine 200mg, tablets, 60 Tabs",Tablet,60.0,300.0,6676.17,22.25,0.37,"Cipla, Goa, India",No,Weight Captured Separately,Freight Included in Commodity Cost,14.39,
83544,,FPQ-7812,,,Nigeria,,,,,,N/A - From RDC,,,,,,SCMS from RDC,,Lamivudine/Nevirapine/Zidovudine,Generic,150/300/200mg,,,,,,,,,,,,151-NG-T30,SO-40723,DN-2395,PMO - US,From RDC,N/A - From RDC,Air Charter,6/6/2011,5-Dec-11,13-Oct-11,13-Oct-11,ARV,Adult,"Lamivudine/Nevirapine/Zidovudine 150/200/300mg, tablets, 60 Tabs",Tablet - FDC,60.0,94848.0,1064194.56,11.22,0.19,Mylan (formerly Matrix) Nashik,No,See DN-2395 (ID#:82415),See DN-2395 (ID#:82415),1755.92,
54828,,FPQ-9168,,,Rwanda,,,,,,5/31/2012,,,,,,MYLAN LABORATORIES LTD (FORMERLY MATRIX LABORATORIES),,Lamivudine/Tenofovir Disoproxil Fumarate,Generic,300/300mg,,,,,,,,,,,,107-RW-T30,SCMS-137551,ASN-15765,PMO - US,Direct Drop,EXW,Air,1/13/2012,16-Aug-12,16-Aug-12,16-Aug-12,ARV,Adult,"Lamivudine/Tenofovir Disoproxil Fumarate 300/300mg, tablets, 30 Tabs",Tablet - FDC,30.0,131704.0,683543.76,5.19,0.17,Mylan (formerly Matrix) Nashik,Yes,10818,119695.66,958.33,
411,,Pre-PQ Process,,,Nigeria,,,,,,3/13/2008,,,,,,"CHEMBIO DIAGNOSTIC SYSTEMS, INC.",,"HIV 1/2, Stat-Pak HIV, Kit",Stat-Pak,,,,,,,,,,,,,123-NG-T01,SCMS-18940,ASN-1467,PMO - US,Direct Drop,EXW,Air,Pre-PQ Process,17-Apr-08,17-Apr-08,17-Apr-08,HRDT,HIV test,"HIV 1/2, Stat-Pak HIV, Kit, 20 Tests",Test kit,20.0,1425.0,38475.0,27.0,1.35,Chembio Diagnostics Sys. Inc.,Yes,483,5468.88,61.56,
26917,,FPQ-6608,,,Ethiopia,,,,,,11/24/2010,,,,,,"SHANGHAI KEHUA BIOENGINEERING CO.,LTD.  (KHB)",,"HIV 1/2, Colloidal Gold, Diagnostic Kit, Antibody",Colloidal Gold,,,,,,,,,,,,,117-ET-T30,SCMS-92100,ASN-9295,PMO - US,Direct Drop,EXW,Air,11/9/2010,13-Jan-11,13-Jan-11,13-Jan-11,HRDT,HIV test,"HIV 1/2, SKB Colloidal Gold, Diagnostic Kit, Antibody, 50 Tests",Test kit,1.0,990.0,22770.0,23.0,23.0,"KHB Test Kit Facility, Shanghai China",Yes,718,6161.42,37.57,
73804,,,,,Vietnam,,,,,,5/13/2015,,,,,,HETERO LABS LIMITED,,Efavirenz/Lamivudine/Tenofovir Disoproxil Fumarate,Generic,600/300/300mg,,,,,,,,,,,,108-VN-T30,SCMS-285500,ASN-33268,PMO - US,Direct Drop,EXW,Air,4/14/2015,3-Sep-15,3-Sep-15,3-Sep-15,ARV,Adult,"Efavirenz/Lamivudine/Tenofovir Disoproxil Fumarate 600/300/300mg, tablets, 30 Tabs",Tablet - FDC,30.0,17760.0,168720.0,9.5,0.32,Hetero Unit III Hyderabad IN,Yes,Weight Captured Separately,Invoiced Separately,198.58,FPQ-16194
83465,,,,,Zambia,,,,,,N/A - From RDC,,,,,,SCMS from RDC,,Lamivudine/Nevirapine/Stavudine,Generic,150/200/30mg,,,,,,,,,,,,110-ZM-T30,SO-37320,DN-2054,PMO - US,From RDC,N/A - From RDC,Truck,8/20/2010,31-Dec-10,25-Nov-10,25-Nov-10,ARV,Adult,"Lamivudine/Nevirapine/Stavudine 150/200/30mg, tablets, 60 Tabs",Tablet - FDC,60.0,56430.0,306414.9,5.43,0.09,"Strides, Bangalore, India.",Yes,15358,16606.55,660.63,FPQ-6221
70714,133-NG-T30,FPQ-14305,SCMS-240830,ASN-27467,Nigeria,PMO - US,Direct Drop,EXW,Air,5/16/14,6/2/14,19-Aug-14,19-Aug-14,17-Sep-14,HRDT,HIV test,"Orgenics, Ltd","HIV 1/2, Determine Complete HIV Kit, 100 Tests","HIV 1/2, Determine Complete HIV Kit",Determine,,Test kit,100.0,6101.0,542989.0,89.0,0.89,"Alere Medical Co., Ltd.",Yes,2471,35912.43,558.19,,,,,,,,,,,,,,,,,,,,,,,,,,
11303,,,,,Ethiopia,,,,,,N/A - From RDC,,,,,,SCMS from RDC,,Lamivudine/Nevirapine/Zidovudine,Generic,150/300/200mg,,,,,,,,,,,,117-ET-T01,SO-22050,DN-1105,PMO - US,From RDC,N/A - From RDC,Air,Pre-PQ Process,20-Mar-09,20-Mar-09,20-Mar-09,ARV,Adult,"Lamivudine/Nevirapine/Zidovudine 150/200/300mg, tablets, 60 Tabs",Tablet - FDC,60.0,11188.0,132018.4,11.8,0.2,Mylan (formerly Matrix) Nashik,Yes,1435,9138,258.76,Pre-PQ Process
36661,,,,,South Africa,,,,,,12/2/2013,,,,,,S. BUYS WHOLESALER,,Abacavir,Generic,20mg/ml,,,,,,,,,,,,116-ZA-T30,SCMS-215370,ASN-24415,PMO - US,Direct Drop,DDP,Truck,10/8/2013,6-Feb-14,6-Feb-14,6-Feb-14,ARV,Pediatric,"Abacavir 20mg/ml, oral solution w/syringe, Bottle, 240 ml",Oral solution,240.0,210.0,5097.32,24.27,0.1,"Aurobindo Unit III, India",No,Weight Captured Separately,Freight Included in Commodity Cost,6.31,FPQ-13035
85657,,,,,Haiti,,,,,,N/A - From RDC,,,,,,SCMS from RDC,,Zidovudine,Generic,300mg,,,,,,,,,,,,106-HT-T30,SO-35930,DN-1668,PMO - US,From RDC,N/A - From RDC,Air,10/23/2009,7-Apr-10,3-Mar-10,3-Mar-10,ARV,Adult,"Zidovudine 300mg, tablets, 60 Tabs",Tablet,60.0,1680.0,12650.4,7.53,0.13,Mylan (formerly Matrix) Nashik,No,See DN-1668 (ID#:83403),See DN-1668 (ID#:83403),27.27,FPQ-4384
6599,,Pre-PQ Process,,,Haiti,,,,,,Date Not Captured,,,,,,PLURIPHARM S.A.,,"HIV 1/2, Capillus HIV Kit",Capillus,,,,,,,,,,,,,106-HT-T01,SCMS-76,ASN-76,PMO - US,Direct Drop,CIP,Air,Pre-PQ Process,15-Sep-06,15-Sep-06,15-Sep-06,HRDT,HIV test,"HIV 1/2, Capillus HIV Kit, 100 Tests",Test kit,100.0,12.0,3240.0,270.0,2.7,Not Applicable,Yes,Weight Captured Separately,Freight Included in Commodity Cost,,
11138,,Pre-PQ Process,,,Tanzania,,,,,,N/A - From RDC,,,,,,SCMS from RDC,,Lopinavir/Ritonavir,Aluvia,200/50mg,,,,,,,,,,,,109-TZ-T01,SO-441,DN-246,PMO - US,From RDC,N/A - From RDC,Air,Pre-PQ Process,13-Aug-07,13-Aug-07,13-Aug-07,ARV,Adult,"Lopinavir/Ritonavir 200/50mg [Aluvia], tablets, 120 Tabs",Tablet,120.0,3000.0,123300.0,41.1,0.34,ABBVIE Ludwigshafen Germany,Yes,1422,4198,197.28,
12618,,Pre-PQ Process,,,Mozambique,,,,,,N/A - From RDC,,,,,,SCMS from RDC,,Stavudine,Generic,30mg,,,,,,,,,,,,111-MZ-T01,SO-33340,DN-1485,PMO - US,From RDC,N/A - From RDC,Air,Date Not Captured,13-Nov-09,13-Nov-09,13-Nov-09,ARV,Adult,"Stavudine 30mg, capsules, 60 Caps",Capsule,60.0,945.0,1408.05,1.49,0.02,"Aurobindo Unit III, India",Yes,62,1074.8,3.04,
4854,102-GY-T01,Pre-PQ Process,SCMS-35550,ASN-3190,Guyana,PMO - US,Direct Drop,EXW,Air,Pre-PQ Process,12/12/08,30-Jan-09,23-Jan-09,23-Jan-09,HRDT,HIV test,"Orgenics, Ltd","HIV 1/2, Determine Complete HIV Kit, 100 Tests","HIV 1/2, Determine Complete HIV Kit",Determine,,Test kit,100.0,351.0,25272.0,72.0,0.72,Inverness Japan,Yes,60,1097.78,49.53,,,,,,,,,,,,,,,,,,,,,,,,,,
7868,109-TZ-T01,Pre-PQ Process,SCMS-46510,ASN-4696,Tanzania,PMO - US,Direct Drop,FCA,Air,Pre-PQ Process,5/28/09,25-Sep-09,25-Sep-09,25-Sep-09,ARV,Adult,Hoffmann-La Roche ltd Basel,"Saquinavir 200mg [Invirase], capsules, 270 Caps",Saquinavir,Invirase,200mg,Capsule,270.0,5178.0,461436.41,89.11,0.33,Roche Basel,Yes,2666,16751.58,904.42,,,,,,,,,,,,,,,,,,,,,,,,,,
82882,,FPQ-5238,,,Uganda,,,,,,N/A - From RDC,,,,,,SCMS from RDC,,Lamivudine/Zidovudine,Generic,150/300mg,,,,,,,,,,,,114-UG-T30,SO-36060,DN-1818,PMO - US,From RDC,N/A - From RDC,Air,3/2/2010,2-Jun-10,3-May-10,3-May-10,ARV,Adult,"Lamivudine/Zidovudine 150/300mg, tablets, 60 Tabs",Tablet - FDC,60.0,4000.0,35040.0,8.76,0.15,Hetero Unit III Hyderabad IN,Yes,263,2458.26,75.55,
1285,,,,,Guyana,,,,,,Date Not Captured,,,,,,"Trinity Biotech, Plc",,"HIV 1/2, Uni-Gold HIV Kit",Uni-Gold,,,,,,,,,,,,,102-GY-T01,SCMS-177,ASN-136,PMO - US,Direct Drop,EXW,Air,Pre-PQ Process,29-Dec-06,29-Dec-06,29-Dec-06,HRDT,HIV test,"HIV 1/2, Uni-Gold HIV Kit, 20 Tests",Test kit,20.0,900.0,36000.0,40.0,2.0,"Trinity Biotech, Plc",Yes,316,4989.87,,Pre-PQ Process
79471,,,,,South Africa,,,,,,12/2/2013,,,,,,S. BUYS WHOLESALER,,Lopinavir/Ritonavir,Aluvia,200/50mg,,,,,,,,,,,,116-ZA-T30,SCMS-215370,ASN-24415,PMO - US,Direct Drop,DDP,Truck,10/8/2013,6-Feb-14,6-Feb-14,6-Feb-14,ARV,Adult,"Lopinavir/Ritonavir 200/50mg [Aluvia], tablets, 120 Tabs",Tablet,120.0,344.0,7955.07,23.13,0.19,ABBVIE Ludwigshafen Germany,No,Weight Captured Separately,Freight Included in Commodity Cost,9.84,FPQ-13035
85641,,,,,Zambia,,,,,,N/A - From RDC,,,,,,SCMS from RDC,,Efavirenz,Generic,600mg,,,,,,,,,,,,110-ZM-T30,SO-34800,DN-1567,PMO - US,From RDC,N/A - From RDC,Truck,8/5/2009,15-Jan-10,26-Nov-09,26-Nov-09,ARV,Adult,"Efavirenz 600mg, tablets, 30 Tabs",Tablet,30.0,6714.0,38806.92,5.78,0.19,"Aurobindo Unit III, India",Yes,574,5837.94,76.06,FPQ-4035
61864,104-CI-T30,FPQ-5208,SCMS-75371,ASN-7630,Côte d'Ivoire,PMO - US,Direct Drop,EXW,Air,2/25/10,6/7/10,17-Aug-10,17-Aug-10,17-Aug-10,HRDT,HIV test,"Standard Diagnostics, Inc.","HIV 1/2, Bioline 3.0 Kit, (no accessories), 30 Tests","HIV 1/2, Bioline 3.0 Kit (no accessories)",Bioline,,Test kit,30.0,900.0,21600.0,24.0,0.8,"Standard Diagnostics, Korea",Yes,300,3489.46,46.57,,,,,,,,,,,,,,,,,,,,,,,,,,
86606,,FPQ-12602,,,Burundi,,,,,,N/A - From RDC,,,,,,SCMS from RDC,,Efavirenz,Generic,600mg,,,,,,,,,,,,102-BI-T30,SO-46040,DN-3336,PMO - US,From RDC,N/A - From RDC,Air,7/9/2013,27-Oct-13,5-Nov-13,12-Nov-13,ARV,Adult,"Efavirenz 600mg, tablets, 30 Tabs",Tablet,30.0,5568.0,18541.44,3.33,0.11,"Strides, Bangalore, India.",Yes,342,3325.77,22.94,
54545,,,,,South Africa,,,,,,3/19/2010,,,,,,Aurobindo Pharma Limited,,Nevirapine,Generic,200mg,,,,,,,,,,,,161-ZA-T30,SCMS-68950,ASN-7077,PMO - US,Direct Drop,DDP,Air,3/18/2010,9-Jun-10,9-Jun-10,9-Jun-10,ARV,Adult,"Nevirapine 200mg, tablets, 60 Tabs",Tablet,60.0,38400.0,112128.0,2.92,0.05,"Aurobindo Unit III, India",Yes,4528,6369.79,241.75,FPQ-5303
23791,116-ZA-T30,FPQ-13973,SCMS-238554,ASN-28626,South Africa,PMO - US,Direct Drop,DDP,Truck,4/30/14,10/3/14,3-Oct-14,3-Oct-14,3-Oct-14,ARV,Adult,PHARMACY DIRECT,"Raltegravir 400mg [Isentress], tablets, 60 Tabs",Raltegravir,Isentress,400mg,Tablet,60.0,6.0,507.86,84.64,1.41,"MSD, Haarlem, NL",Yes,Weight Captured Separately,Freight Included in Commodity Cost,0.52,,,,,,,,,,,,,,,,,,,,,,,,,,
82970,,,,,Mozambique,,,,,,N/A - From RDC,,,,,,SCMS from RDC,,Zidovudine,Generic,10mg/ml,,,,,,,,,,,,111-MZ-T30,SO-38690,DN-2308,PMO - US,From RDC,N/A - From RDC,Truck,1/24/2011,12-Aug-11,15-Sep-11,15-Sep-11,ARV,Pediatric,"Zidovudine 10mg/ml, oral solution w/syringe, Bottle, 240 ml",Oral solution,240.0,5625.0,11362.5,2.02,0.01,"Aurobindo Unit III, India",Yes,2157,2166.21,18.75,FPQ-7053
85201,,FPQ-8024,,,Guyana,,,,,,N/A - From RDC,,,,,,SCMS from RDC,,Nevirapine,Generic,10mg/ml,,,,,,,,,,,,105-GY-T30,SO-40450,DN-2361,PMO - US,From RDC,N/A - From RDC,Air,8/19/2011,15-Dec-11,28-Sep-11,28-Sep-11,ARV,Pediatric,"Nevirapine 10mg/ml, oral suspension w/syringe, Bottle, 240 ml",Oral suspension,240.0,659.0,1285.05,1.95,0.01,"Aurobindo Unit III, India",No,See DN-2361 (ID#:84673),See DN-2361 (ID#:84673),2.12,
19712,,FPQ-13034,,,Vietnam,,,,,,10/10/2013,,,,,,HETERO LABS LIMITED,,Efavirenz,Generic,600mg,,,,,,,,,,,,108-VN-T30,SCMS-210120,ASN-24394,PMO - US,Direct Drop,EXW,Air,10/4/2013,23-Apr-14,23-Apr-14,23-Apr-14,ARV,Adult,"Efavirenz 600mg, tablets, 30 Tabs",Tablet,30.0,2516.0,8151.84,3.24,0.11,Hetero Unit III Hyderabad IN,No,See ASN-24394 (ID#:16053),See ASN-24394 (ID#:16053),10.08,
86494,,,,,Tanzania,,,,,,N/A - From RDC,,,,,,SCMS from RDC,,Efavirenz/Emtricitabine/Tenofovir Disoproxil Fumarate,Generic,600/200/300mg,,,,,,,,,,,,109-TZ-T30,SO-41580,DN-2761,PMO - US,From RDC,N/A - From RDC,Truck,1/31/2012,31-Aug-12,22-Aug-12,22-Aug-12,ARV,Adult,"Efavirenz/Emtricitabine/Tenofovir Disoproxil Fumarate 600/200/300mg, tablets, 30 Tabs",Tablet - FDC,30.0,153642.0,2310775.68,15.04,0.5,Mylan (formerly Matrix) Nashik,No,See DN-2761 (ID#:83606),See DN-2761 (ID#:83606),3239.71,FPQ-9271
56106,,,,,Tanzania,,,,,,2/17/2012,,,,,,"Orgenics, Ltd",,"HIV 1/2, Determine Complete HIV Kit",Determine,,,,,,,,,,,,,109-TZ-T30,SCMS-136930,ASN-14646,PMO - US,Direct Drop,EXW,Air,1/25/2012,25-May-12,25-May-12,25-May-12,HRDT,HIV test,"HIV 1/2, Determine Complete HIV Kit, 100 Tests",Test kit,100.0,2737.0,218960.0,80.0,0.8,"Alere Medical Co., Ltd.",Yes,1300,23269.06,306.98,FPQ-9211
35031,,FPQ-14942,,,South Africa,,,,,,1/26/2015,,,,,,PHARMACY DIRECT,,Abacavir,Generic,20mg/ml,,,,,,,,,,,,116-ZA-T30,SCMS-259072,ASN-30377,PMO - US,Direct Drop,DDP,Truck,9/11/2014,26-Jan-15,26-Jan-15,26-Jan-15,ARV,Pediatric,"Abacavir 20mg/ml, oral solution, Bottle, 240 ml",Oral solution,240.0,27.0,478.2,17.71,0.07,"Aurobindo Unit III, India",No,Weight Captured Separately,Freight Included in Commodity Cost,0.49,
44330,,FPQ-12522,,,South Africa,,,,,,8/27/2014,,,,,,S. BUYS WHOLESALER,,Lamivudine,Generic,10mg/ml,,,,,,,,,,,,116-ZA-T30,SCMS-199283,ASN-27979,PMO - US,Direct Drop,DDP,Truck,7/11/2013,27-Aug-14,27-Aug-14,27-Aug-14,ARV,Pediatric,"Lamivudine 10mg/ml, oral solution w/syringe, Bottle, 240 ml",Oral solution,240.0,14.0,111.95,8.0,0.03,"Aurobindo Unit III, India",No,Weight Captured Separately,Freight Included in Commodity Cost,0.14,
39053,,,,,South Sudan,,,,,,2/15/2012,,,,,,"Orgenics, Ltd",,"HIV, Capillary Tubes, for Determine, EDTA, 50uL,100 Pcs",Determine,,,,,,,,,,,,,102-SS-T30,SCMS-137190,ASN-14092,PMO - US,Direct Drop,EXW,Air,1/17/2012,18-Apr-12,18-Apr-12,18-Apr-12,HRDT,HIV test - Ancillary,"Capillary Tubes, for Determine, EDTA, 50uL,100 Pcs",Test kit - Ancillary,100.0,339.0,2712.0,8.0,0.08,"Alere Medical Co., Ltd.",Yes,175,4803.06,3.8,FPQ-9038
83649,,FPQ-10477,,,Nigeria,,,,,,N/A - From RDC,,,,,,SCMS from RDC,,Tenofovir Disoproxil Fumarate,Generic,300mg,,,,,,,,,,,,151-NG-T30,SO-43046,DN-2998,PMO - US,From RDC,N/A - From RDC,Air Charter,8/9/2012,11-Feb-13,11-Feb-13,11-Feb-13,ARV,Adult,"Tenofovir Disoproxil Fumarate 300mg, tablets, 30 Tabs",Tablet,30.0,7395.0,29875.8,4.04,0.13,Mylan (formerly Matrix) Nashik,Yes,779,29780.5,41.89,
12270,104-CI-T01,Pre-PQ Process,SO-970,DN-1163,Côte d'Ivoire,PMO - US,From RDC,N/A - From RDC,Air,Pre-PQ Process,N/A - From RDC,23-Mar-09,23-Mar-09,23-Mar-09,ARV,Pediatric,SCMS from RDC,"Lopinavir/Ritonavir 80/20mg/ml [Kaletra], oral solution, cool, Bottle 5 x 60 ml",Lopinavir/Ritonavir,Kaletra,80/20mg/ml,Oral solution,300.0,126.0,5178.6,41.1,0.14,ABBVIE (Abbott) Logis. UK,No,See DN-1163 (ID#:11030),See DN-1163 (ID#:11030),10.15,,,,,,,,,,,,,,,,,,,,,,,,,,
84329,114-UG-T30,FPQ-12253,SO-45520,DN-3516,Uganda,PMO - US,From RDC,N/A - From RDC,Air,5/8/13,N/A - From RDC,31-Jan-14,17-Feb-14,4-Mar-14,ARV,Pediatric,SCMS from RDC,"Abacavir/Lamivudine 60/30mg, tablets, 60 Tabs",Abacavir/Lamivudine,Generic,60/30mg,Tablet - FDC,60.0,1864.0,7456.0,4.0,0.07,"Aurobindo Unit III, India",Yes,89,790.29,9.22,,,,,,,,,,,,,,,,,,,,,,,,,,
47837,,FPQ-3859,,,Rwanda,,,,,,7/16/2009,,,,,,HETERO LABS LIMITED,,Nevirapine,Generic,200mg,,,,,,,,,,,,107-RW-T30,SCMS-48850,ASN-4656,PMO - US,Direct Drop,CIP,Air,6/30/2009,10-Aug-09,10-Aug-09,10-Aug-09,ARV,Adult,"Nevirapine 200mg, tablets, 60 Tabs",Tablet,60.0,9300.0,28737.0,3.09,0.05,Hetero Unit III Hyderabad IN,Yes,550,3054.13,56.32,
61550,,,,,Haiti,,,,,,10/25/2013,,,,,,MYLAN LABORATORIES LTD (FORMERLY MATRIX LABORATORIES),,Lamivudine/Zidovudine,Generic,150/300mg,,,,,,,,,,,,106-HT-T30,SCMS-210540,ASN-24368,PMO - US,Direct Drop,EXW,Air,8/21/2013,17-Jun-14,17-Jun-14,20-Jun-14,ARV,Adult,"Lamivudine/Zidovudine 150/300mg, tablets, 60 Tabs",Tablet - FDC,60.0,24024.0,155915.76,6.49,0.11,Mylan (formerly Matrix) Nashik,Yes,2082,16574.55,192.87,FPQ-12590
84189,,,,,Uganda,,,,,,N/A - From RDC,,,,,,SCMS from RDC,,Lopinavir/Ritonavir,Generic,200/50mg,,,,,,,,,,,,900-UG-T30,SO-42630,DN-2838,PMO - US,From RDC,N/A - From RDC,Truck,6/7/2012,28-Sep-12,6-Oct-12,6-Oct-12,ARV,Adult,"Lopinavir/Ritonavir 200/50mg, tablets, 120 Tabs",Tablet,120.0,5000.0,148400.0,29.68,0.25,Mylan (formerly Matrix) Nashik,No,See DN-2838 (ID#:84188),See DN-2838 (ID#:84188),208.06,FPQ-10084
81020,,,,,Nigeria,,,,,,3/9/2010,,,,,,ABBVIE LOGISTICS (FORMERLY ABBOTT LOGISTICS BV),,Ritonavir,Norvir,100mg,,,,,,,,,,,,151-NG-T30,SCMS-67010,ASN-6723,PMO - US,Direct Drop,FCA,Air,2/15/2010,17-May-10,17-May-10,17-May-10,ARV,Adult,"Ritonavir 100mg [Norvir], capsules, cool, 4 x 84 Caps",Capsule,336.0,50.0,1918.0,38.36,0.11,ABBVIE (Abbott) Logis. UK,Yes,154,1176.03,4.14,FPQ-5035
14571,133-NG-T30,FPQ-10349,SCMS-155321,ASN-17168,Nigeria,PMO - US,Direct Drop,EXW,Air,7/17/12,8/13/12,28-Nov-12,27-Nov-12,27-Nov-12,HRDT,HIV test,"Orgenics, Ltd","HIV 1/2, Determine Complete HIV Kit, 100 Tests","HIV 1/2, Determine Complete HIV Kit",Determine,,Test kit,100.0,2744.0,244216.0,89.0,0.89,"Alere Medical Co., Ltd.",Yes,1303,28734.43,342.39,,,,,,,,,,,,,,,,,,,,,,,,,,
14286,,FPQ-12134,,,Côte d'Ivoire,,,,,,5/21/2013,,,,,,"CHEMBIO DIAGNOSTIC SYSTEMS, INC.",,"HIV 1/2, Stat-Pak HIV, Kit",Stat-Pak,,,,,,,,,,,,,104-CI-T30,SCMS-190721,ASN-22462,PMO - US,Direct Drop,EXW,Air,4/23/2013,27-Nov-13,27-Nov-13,2-Dec-13,HRDT,HIV test,"HIV 1/2, Stat-Pak HIV, Kit, 20 Tests",Test kit,20.0,1900.0,55100.0,29.0,1.45,Chembio Diagnostics Sys. Inc.,Yes,550,8263.16,68.16,
22869,,FPQ-14942,,,South Africa,,,,,,10/9/2014,,,,,,PHARMACY DIRECT,,Etravirine,Intelence,100mg,,,,,,,,,,,,116-ZA-T30,SCMS-259078,ASN-33473,PMO - US,Direct Drop,DDP,Truck,9/11/2014,24-Jul-15,24-Jul-15,24-Jul-15,ARV,Adult,"Etravirine 100mg [Intelence], tablets, 120 Tabs",Tablet,120.0,27.0,742.84,27.51,0.23,"Janssen-Cilag, Latina, IT",No,Weight Captured Separately,Freight Included in Commodity Cost,0.76,
28844,116-ZA-T30,FPQ-14942,SCMS-259077,ASN-33477,South Africa,PMO - US,Direct Drop,DDP,Truck,9/11/14,10/9/14,24-Jul-15,24-Jul-15,24-Jul-15,ARV,Pediatric,PHARMACY DIRECT,"Efavirenz 200mg, capsule, 90 Caps",Efavirenz,Generic,200mg,Capsule,90.0,10.0,170.44,17.04,0.19,"Aurobindo Unit III, India",No,Weight Captured Separately,Freight Included in Commodity Cost,0.18,,,,,,,,,,,,,,,,,,,,,,,,,,
17349,,FPQ-12518,,,Rwanda,,,,,,8/12/2013,,,,,,"SHANGHAI KEHUA BIOENGINEERING CO.,LTD.  (KHB)",,"HIV 1/2, Colloidal Gold, Diagnostic Kit, Antibody",Colloidal Gold,,,,,,,,,,,,,107-RW-T30,SCMS-198222,ASN-24720,PMO - US,Direct Drop,EXW,Air,6/21/2013,27-Mar-14,27-Mar-14,27-Mar-14,HRDT,HIV test,"HIV 1/2, SKB Colloidal Gold, Diagnostic Kit, Antibody, 50 Tests",Test kit,1.0,2072.0,50764.0,24.5,24.5,"KHB Test Kit Facility, Shanghai China",Yes,1383,18323.97,62.8,
10645,,,,,Côte d'Ivoire,,,,,,N/A - From RDC,,,,,,SCMS from RDC,,Nevirapine,Generic,200mg,,,,,,,,,,,,104-CI-T01,SO-1408,DN-478,PMO - US,From RDC,N/A - From RDC,Air,Pre-PQ Process,10-Dec-07,10-Dec-07,10-Dec-07,ARV,Adult,"Nevirapine 200mg, tablets, 60 Tabs",Tablet,60.0,8000.0,27200.0,3.4,0.06,"Strides, Bangalore, India.",Yes,1013,3646,43.52,Pre-PQ Process
22511,110-ZM-T30,FPQ-14790,SCMS-253023,ASN-31631,Zambia,PMO - US,Direct Drop,FCA,Air,8/13/14,8/20/14,23-Apr-15,23-Apr-15,23-Apr-15,ARV,Pediatric,ABBVIE LOGISTICS (FORMERLY ABBOTT LOGISTICS BV),"Lopinavir/Ritonavir 80/20mg/ml [Kaletra], oral solution, cool, Bottle 5 x 60 ml",Lopinavir/Ritonavir,Kaletra,80/20mg/ml,Oral solution,300.0,2266.0,69838.12,30.82,0.1,ABBVIE (Abbott) Logis. UK,Yes,2272,13949.95,71.79,,,,,,,,,,,,,,,,,,,,,,,,,,
12408,110-ZM-T01,Pre-PQ Process,SO-1066,DN-368,Zambia,PMO - US,From RDC,N/A - From RDC,,Pre-PQ Process,N/A - From RDC,2-Oct-07,2-Oct-07,2-Oct-07,ARV,Pediatric,SCMS from RDC,"Efavirenz 200mg, capsule, 90 Caps",Efavirenz,Generic,200mg,Capsule,90.0,604.0,9664.0,16.0,0.18,"Aurobindo Unit III, India",Yes,72,723.59,15.46,,,,,,,,,,,,,,,,,,,,,,,,,,
81579,,FPQ-10018,,,Kenya,,,,,,6/14/2012,,,,,,"Orgenics, Ltd",,"HIV 1/2, Determine Complete HIV Kit",Determine,,,,,,,,,,,,,103-KE-T30,SCMS-149610,ASN-15670,PMO - US,Direct Drop,EXW,Air,6/5/2012,9-Jul-12,30-Jul-12,30-Jul-12,HRDT,HIV test,"HIV 1/2, Determine Complete HIV Kit, 100 Tests",Test kit,100.0,4.0,356.0,89.0,0.89,"Alere Medical Co., Ltd.",Yes,1413,15387.63,0.5,
11663,,,,,Mozambique,,,,,,N/A - From RDC,,,,,,SCMS from RDC,,Lamivudine/Zidovudine,Generic,150/300mg,,,,,,,,,,,,111-MZ-T01,SO-26423,DN-1332,PMO - US,From RDC,N/A - From RDC,Truck,Date Not Captured,27-Aug-09,27-Aug-09,27-Aug-09,ARV,Adult,"Lamivudine/Zidovudine 150/300mg, tablets, 60 Tabs",Tablet - FDC,60.0,2484.0,21759.84,8.76,0.15,"Aurobindo Unit III, India",Yes,2078,2400.25,42.65,Pre-PQ Process
57819,,,,,Vietnam,,,,,,3/10/2014,,,,,,HETERO LABS LIMITED,,Efavirenz,Generic,600mg,,,,,,,,,,,,108-VN-T30,SCMS-226260,ASN-26927,PMO - US,Direct Drop,EXW,Air,2/6/2014,13-Aug-14,13-Aug-14,25-Aug-14,ARV,Adult,"Efavirenz 600mg, tablets, 30 Tabs",Tablet,30.0,12700.0,44450.0,3.5,0.12,Hetero Unit III Hyderabad IN,No,See ASN-26927 (ID#:26612),See ASN-26927 (ID#:26612),45.69,FPQ-13524
84630,,FPQ-6144,,,Côte d'Ivoire,,,,,,N/A - From RDC,,,,,,SCMS from RDC,,Didanosine,Generic,200mg,,,,,,,,,,,,104-CI-T30,SO-38480,DN-2138,PMO - US,From RDC,N/A - From RDC,Air,8/3/2010,15-Mar-11,29-Mar-11,29-Mar-11,ARV,Pediatric,"Didanosine 200mg, chewable/dispersible tablets, 60 Tabs",Chewable/dispersible tablet,60.0,3008.0,46624.0,15.5,0.26,"Aurobindo Unit III, India",No,See DN-2138 (ID#:83491),See DN-2138 (ID#:83491),100.52,
85414,,,,,Burundi,,,,,,N/A - From RDC,,,,,,SCMS from RDC,,Efavirenz/Lamivudine/Tenofovir Disoproxil Fumarate,Generic,600/300/300mg,,,,,,,,,,,,102-BI-T30,SO-46050,DN-3383,PMO - US,From RDC,N/A - From RDC,Air,7/9/2013,29-Dec-13,20-Nov-13,27-Nov-13,ARV,Adult,"Efavirenz/Lamivudine/Tenofovir Disoproxil Fumarate 600/300/300mg, tablets, 30 Tabs",Tablet - FDC,30.0,6120.0,68238.0,11.15,0.37,Hetero Unit III Hyderabad IN,Yes,820,4581.26,84.41,FPQ-12602
11663,111-MZ-T01,Pre-PQ Process,SO-26423,DN-1332,Mozambique,PMO - US,From RDC,N/A - From RDC,Truck,Date Not Captured,N/A - From RDC,27-Aug-09,27-Aug-09,27-Aug-09,ARV,Adult,SCMS from RDC,"Lamivudine/Zidovudine 150/300mg, tablets, 60 Tabs",Lamivudine/Zidovudine,Generic,150/300mg,Tablet - FDC,60.0,2484.0,21759.84,8.76,0.15,"Aurobindo Unit III, India",Yes,2078,2400.25,42.65,,,,,,,,,,,,,,,,,,,,,,,,,,
31694,,,,,Rwanda,,,,,,3/30/2010,,,,,,MYLAN LABORATORIES LTD (FORMERLY MATRIX LABORATORIES),,Lamivudine/Nevirapine/Zidovudine,Generic,150/300/200mg,,,,,,,,,,,,107-RW-T30,SCMS-66060,ASN-8011,PMO - US,Direct Drop,CIP,Air,2/24/2010,27-Sep-10,27-Sep-10,27-Sep-10,ARV,Adult,"Lamivudine/Nevirapine/Zidovudine 150/200/300mg, tablets, 60 Tabs",Tablet - FDC,60.0,61290.0,698706.0,11.4,0.19,Mylan (formerly Matrix) Nashik,Yes,7965,65851.29,1506.41,FPQ-5228
646,,Pre-PQ Process,,,South Africa,,,,,,Date Not Captured,,,,,,S. BUYS WHOLESALER,,Nevirapine,Viramune,10mg/ml,,,,,,,,,,,,116-ZA-T01,SCMS-26820,ASN-2488,PMO - US,Direct Drop,DDP,Truck,Pre-PQ Process,10-Jul-08,8-Jul-08,8-Jul-08,ARV,Pediatric,"Nevirapine 10mg/ml [Viramune], oral suspension, Bottle, 240 ml",Oral suspension,240.0,50.0,696.5,13.93,0.06,"BI, Ingelheim, Germany",Yes,Weight Captured Separately,Freight Included in Commodity Cost,1.11,
83952,112-NG-T30,FPQ-4040,SO-32980,DN-1456,Nigeria,PMO - US,From RDC,N/A - From RDC,Air Charter,7/29/09,N/A - From RDC,15-Oct-09,20-Oct-09,20-Oct-09,ARV,Adult,SCMS from RDC,"Lamivudine 150mg, tablets, 60 Tabs",Lamivudine,Generic,150mg,Tablet,60.0,5500.0,13420.0,2.44,0.04,Mylan (formerly Matrix) Nashik,Yes,836,9341.49,26.3,,,,,,,,,,,,,,,,,,,,,,,,,,
84388,107-RW-T30,FPQ-14111,SO-48811,DN-3814,Rwanda,PMO - US,From RDC,N/A - From RDC,Truck,4/22/14,N/A - From RDC,31-Dec-14,14-Aug-14,15-Aug-14,ARV,Pediatric,SCMS from RDC,"Abacavir 20mg/ml, oral solution w/syringe, Bottle, 240 ml",Abacavir,Generic,20mg/ml,Oral solution,240.0,800.0,6800.0,8.5,0.04,"Aurobindo Unit III, India",Yes,297,2282.79,6.99,,,,,,,,,,,,,,,,,,,,,,,,,,
11948,,,,,Zambia,,,,,,N/A - From RDC,,,,,,SCMS from RDC,,Emtricitabine/Tenofovir Disoproxil Fumarate,Truvada,300/200mg,,,,,,,,,,,,110-ZM-T01,SO-2543,DN-975,PMO - US,From RDC,N/A - From RDC,Truck,Pre-PQ Process,25-Nov-08,25-Nov-08,25-Nov-08,ARV,Adult,"Emtricitabine/Tenofovir Disoproxil Fumarate 200/300mg [Truvada], tablets, 30 Tabs",Tablet - FDC,30.0,100000.0,2625000.0,26.25,0.88,"Aspen-OSD, Port Elizabeth, SA",Yes,88190,11519.94,5145.0,Pre-PQ Process
86500,,,,,Rwanda,,,,,,N/A - From RDC,,,,,,SCMS from RDC,,Abacavir,Generic,300mg,,,,,,,,,,,,107-RW-T30,SO-42132,DN-2779,PMO - US,From RDC,N/A - From RDC,Air,5/11/2012,24-Aug-12,31-Jul-12,31-Jul-12,ARV,Adult,"Abacavir 300mg, tablets, 60 Tabs",Tablet,60.0,12548.0,165006.2,13.15,0.22,Mylan (formerly Matrix) Nashik,Yes,1297,21520.66,231.34,FPQ-9888
83387,,FPQ-4469,,,Haiti,,,,,,N/A - From RDC,,,,,,SCMS from RDC,,Efavirenz,Generic,600mg,,,,,,,,,,,,106-HT-T30,SO-34210,DN-1582,PMO - US,From RDC,N/A - From RDC,Air,9/23/2009,21-Dec-09,16-Dec-09,16-Dec-09,ARV,Adult,"Efavirenz 600mg, tablets, 30 Tabs",Tablet,30.0,5323.0,30766.94,5.78,0.19,"Aurobindo Unit III, India",Yes,456,5338.55,66.33,
84838,900-SS-T30,FPQ-11637,SO-44701,DN-3259,South Sudan,PMO - US,From RDC,N/A - From RDC,Truck,2/27/13,N/A - From RDC,26-Aug-13,26-Aug-13,26-Aug-13,ARV,Adult,SCMS from RDC,"Nevirapine 200mg, tablets, 60 Tabs",Nevirapine,Generic,200mg,Tablet,60.0,225.0,508.5,2.26,0.04,Hetero Unit III Hyderabad IN,Yes,81,1641,0.63,,,,,,,,,,,,,,,,,,,,,,,,,,
82654,101-CD-T30,FPQ-13554,SO-47630,DN-3561,"Congo, DRC",PMO - US,From RDC,N/A - From RDC,Air,1/15/14,N/A - From RDC,30-May-14,19-May-14,26-Jun-14,ARV,Adult,SCMS from RDC,"Abacavir 300mg, tablets, 60 Tabs",Abacavir,Generic,300mg,Tablet,60.0,489.0,5555.04,11.36,0.19,"Aurobindo Unit III, India",Yes,2045,16083.32,5.71,,,,,,,,,,,,,,,,,,,,,,,,,,
83859,103-ZW-T30,FPQ-14459,SO-49182,DN-4004,Zimbabwe,PMO - US,From RDC,N/A - From RDC,Truck,6/13/14,N/A - From RDC,24-Nov-14,11-Nov-14,18-Nov-14,ARV,Pediatric,SCMS from RDC,"Lamivudine/Zidovudine 30/60mg, dispersible tablets, 60 Tabs",Lamivudine/Zidovudine,Generic,30/60mg,Chewable/dispersible tablet - FDC,60.0,10893.0,21677.07,1.99,0.03,"Cipla, Goa, India",Yes,735,6331.93,22.28,,,,,,,,,,,,,,,,,,,,,,,,,,
53106,,,,,Haiti,,,,,,3/22/2013,,,,,,Aurobindo Pharma Limited,,Abacavir/Lamivudine,Generic,60/30mg,,,,,,,,,,,,106-HT-T30,SCMS-180940,ASN-19819,PMO - US,Direct Drop,EXW,Ocean,2/7/2013,2-Sep-13,2-Sep-13,2-Sep-13,ARV,Pediatric,"Abacavir/Lamivudine 60/30mg, tablets, 60 Tabs",Tablet - FDC,60.0,1393.0,6407.8,4.6,0.08,"Aurobindo Unit III, India",No,See ASN-19819 (ID#:13739),See ASN-19819 (ID#:13739),7.93,FPQ-11443
45505,,FPQ-10504,,,South Sudan,,,,,,8/21/2012,,,,,,"Trinity Biotech, Plc",,"HIV 1/2, Uni-Gold HIV Kit",Uni-Gold,,,,,,,,,,,,,900-SS-T30,SCMS-157870,ASN-16323,PMO - US,Direct Drop,EXW,Air,8/15/2012,18-Oct-12,18-Oct-12,18-Oct-12,HRDT,HIV test,"HIV 1/2, Uni-Gold HIV Kit, 20 Tests",Test kit,20.0,47.0,1504.0,32.0,1.6,"Trinity Biotech, Plc",Yes,15,870.22,2.11,
84226,,,,,"Congo, DRC",,,,,,N/A - From RDC,,,,,,SCMS from RDC,,Efavirenz,Generic,200mg,,,,,,,,,,,,101-CD-T30,SO-43750,DN-3017,PMO - US,From RDC,N/A - From RDC,Air,11/20/2012,18-Mar-13,8-Aug-13,8-Aug-13,ARV,Pediatric,"Efavirenz 200mg, scored tablets, 90 Tabs",Tablet,90.0,228.0,1664.4,7.3,0.08,"Strides, Bangalore, India.",No,See DN-3017 (ID#:83108),See DN-3017 (ID#:83108),2.06,FPQ-11096
77138,,FPQ-3596,,,South Africa,,,,,,9/22/2009,,,,,,S. BUYS WHOLESALER,,Efavirenz,Generic,600mg,,,,,,,,,,,,116-ZA-T30,SCMS-50360,ASN-5454,PMO - US,Direct Drop,DDP,Truck,5/7/2009,27-Oct-09,27-Oct-09,27-Oct-09,ARV,Adult,"Efavirenz 600mg, tablets, 30 Tabs",Tablet,30.0,1000.0,16453.48,16.45,0.55,"Aurobindo Unit III, India",No,Weight Captured Separately,Freight Included in Commodity Cost,32.25,
5303,,,,,Zimbabwe,,,,,,1/19/2007,,,,,,BRISTOL-MYERS SQUIBB,,Didanosine,Videx,50mg,,,,,,,,,,,,113-ZW-T01,SCMS-348,ASN-286,PMO - US,Direct Drop,CIP,Air,Pre-PQ Process,19-Mar-07,19-Mar-07,19-Mar-07,ARV,Pediatric,"Didanosine 50mg [Videx], chewable tablets, 60 Tabs",Chewable/dispersible tablet,60.0,54.0,513.0,9.5,0.16,"BMS Meymac, France",Yes,Weight Captured Separately,Freight Included in Commodity Cost,,Pre-PQ Process
49587,,,,,South Africa,,,,,,8/27/2014,,,,,,S. BUYS WHOLESALER,,Abacavir,Generic,300mg,,,,,,,,,,,,116-ZA-T30,SCMS-199283,ASN-27976,PMO - US,Direct Drop,DDP,Truck,7/11/2013,27-Aug-14,27-Aug-14,27-Aug-14,ARV,Adult,"Abacavir 300mg, tablets, 60 Tabs",Tablet,60.0,50.0,3857.34,77.15,1.29,"Aurobindo Unit III, India",No,Weight Captured Separately,Freight Included in Commodity Cost,4.77,FPQ-12522
25782,108-VN-T30,FPQ-13976,SCMS-236120,ASN-27809,Vietnam,PMO - US,Direct Drop,EXW,Air,4/8/14,4/30/14,16-Sep-14,16-Sep-14,1-Oct-14,ARV,Adult,HETERO LABS LIMITED,"Abacavir 300mg, tablets, 60 Tabs",Abacavir,Generic,300mg,Tablet,60.0,600.0,6870.0,11.45,0.19,Hetero Unit III Hyderabad IN,No,See ASN-27809 (ID#:13106),See ASN-27809 (ID#:13106),7.06,,,,,,,,,,,,,,,,,,,,,,,,,,
85412,,FPQ-11253,,,Côte d'Ivoire,,,,,,N/A - From RDC,,,,,,SCMS from RDC,,Zidovudine,Generic,10mg/ml,,,,,,,,,,,,104-CI-T30,SO-44210,DN-3371,PMO - US,From RDC,N/A - From RDC,Truck,12/14/2012,31-Oct-13,22-Oct-13,19-Nov-13,ARV,Pediatric,"Zidovudine 10mg/ml, oral solution w/syringe, Bottle, 240 ml",Oral solution,240.0,2000.0,4200.0,2.1,0.01,"Aurobindo Unit III, India",No,See DN-3371 (ID#:83174),See DN-3371 (ID#:83174),5.2,
35300,108-VN-T30,FPQ-6818,SCMS-97840,ASN-10792,Vietnam,PMO - US,Direct Drop,EXW,Air,1/17/11,2/9/11,6-Jun-11,6-Jun-11,6-Jun-11,ARV,Adult,HETERO LABS LIMITED,"Stavudine 30mg, capsules, 60 Caps",Stavudine,Generic,30mg,Capsule,60.0,21000.0,30450.0,1.45,0.02,Hetero Unit III Hyderabad IN,Yes,1516,11915.51,50.24,,,,,,,,,,,,,,,,,,,,,,,,,,
83576,,,,,Mozambique,,,,,,N/A - From RDC,,,,,,SCMS from RDC,,Lamivudine/Nevirapine/Zidovudine,Generic,150/300/200mg,,,,,,,,,,,,111-MZ-T30,SO-40381,DN-2590,PMO - US,From RDC,N/A - From RDC,Truck,8/4/2011,7-May-12,24-May-12,24-May-12,ARV,Adult,"Lamivudine/Nevirapine/Zidovudine 150/200/300mg, tablets, 60 Tabs",Tablet - FDC,60.0,20000.0,224400.0,11.22,0.19,Mylan (formerly Matrix) Nashik,No,See DN-2590 (ID#:83019),See DN-2590 (ID#:83019),370.26,FPQ-8157
1519,,,,,Vietnam,,,,,,11/21/2007,,,,,,ABBVIE LOGISTICS (FORMERLY ABBOTT LOGISTICS BV),,Ritonavir,Norvir,100mg,,,,,,,,,,,,108-VN-T01,SCMS-14170,ASN-1439,PMO - US,Direct Drop,FCA,Air,Pre-PQ Process,28-Mar-08,28-Mar-08,28-Mar-08,ARV,Adult,"Ritonavir 100mg [Norvir], capsules, cool, 4 x 84 Caps",Capsule,336.0,100.0,18333.0,183.33,0.55,ABBVIE (Abbott) Logis. UK,Yes,337,2535.4,29.33,Pre-PQ Process
17861,,,,,Vietnam,,,,,,1/12/2010,,,,,,CIPLA LIMITED,,Lamivudine/Nevirapine/Stavudine,Generic,150/200/30mg,,,,,,,,,,,,108-VN-T30,SCMS-62490,ASN-6190,PMO - US,Direct Drop,EXW,Air,1/4/2009,15-Mar-10,15-Mar-10,15-Mar-10,ARV,Adult,"Lamivudine/Nevirapine/Stavudine 150/200/30mg, tablets, 60 Tabs",Tablet - FDC,60.0,19920.0,114340.8,5.74,0.1,"Cipla, Goa, India",Yes,1936,5314.56,246.52,FPQ-4720
60964,,,,,South Africa,,,,,,12/23/2009,,,,,,S. BUYS WHOLESALER,,Nevirapine,Viramune,10mg/ml,,,,,,,,,,,,116-ZA-T30,SCMS-60171,ASN-5931,PMO - US,Direct Drop,DDP,Truck,12/17/2009,12-Jan-10,12-Jan-10,12-Jan-10,ARV,Pediatric,"Nevirapine 10mg/ml [Viramune], oral suspension, Bottle, 240 ml",Oral suspension,240.0,40.0,625.57,15.64,0.07,Boehringer Ingelheim Roxane US,Yes,Weight Captured Separately,Freight Included in Commodity Cost,1.35,FPQ-4770
64660,105-GY-T30,FPQ-12057,SCMS-189030,ASN-20003,Guyana,PMO - US,Direct Drop,EXW,Air,4/15/13,5/23/13,1-Jul-13,1-Jul-13,1-Jul-13,ARV,Pediatric,Aurobindo Pharma Limited,"Efavirenz 50mg, capsule, 30 Caps",Efavirenz,Generic,50mg,Capsule,30.0,69.0,154.56,2.24,0.07,"Aurobindo Unit III, India",No,See ASN-20003 (ID#:38247),See ASN-20003 (ID#:38247),0.19,,,,,,,,,,,,,,,,,,,,,,,,,,
22620,901-NA-T30,FPQ-14728,SCMS-252640,ASN-28481,Namibia,PMO - US,Direct Drop,EXW,Air,7/30/14,8/14/14,22-Oct-14,22-Oct-14,22-Oct-14,ARV,Adult,HETERO LABS LIMITED,"Lamivudine/Tenofovir Disoproxil Fumarate 300/300mg, tablets, 30 Tabs",Lamivudine/Tenofovir Disoproxil Fumarate,Generic,300/300mg,Tablet - FDC,30.0,24096.0,111323.52,4.62,0.15,Hetero Unit III Hyderabad IN,Yes,2630,12463.74,114.44,,,,,,,,,,,,,,,,,,,,,,,,,,
82005,,,,,South Africa,,,,,,6/17/2010,,,,,,Aurobindo Pharma Limited,,Lamivudine,Generic,150mg,,,,,,,,,,,,161-ZA-T30,SCMS-75460,ASN-8262,PMO - US,Direct Drop,DDP,Ocean,6/2/2010,4-Mar-11,4-Mar-11,4-Mar-11,ARV,Adult,"Lamivudine 150mg, tablets, 60 Tabs",Tablet,60.0,130828.0,316603.76,2.42,0.04,"Aurobindo Unit III, India",Yes,6525,10984.82,682.6,FPQ-5648
14097,,,,,Burundi,,,,,,8/6/2014,,,,,,"Orgenics, Ltd",,"HIV 1/2, Determine Complete HIV Kit",Determine,,,,,,,,,,,,,102-BI-T30,SCMS-250110,ASN-28194,PMO - US,Direct Drop,EXW,Air,7/17/2014,6-Oct-14,6-Oct-14,6-Oct-14,HRDT,HIV test,"HIV 1/2, Determine Complete HIV Kit, 100 Tests",Test kit,100.0,3484.0,278720.0,80.0,0.8,"Alere Medical Co., Ltd.",Yes,1415,33228.68,286.52,FPQ-14594
45640,,,,,South Africa,,,,,,8/13/2013,,,,,,"RAININ INSTRUMENT, LLC.",,Lopinavir/Ritonavir,Kaletra,80/20mg/ml,,,,,,,,,,,,116-ZA-T30,SCMS-199281,ASN-24455,PMO - US,Direct Drop,DDP,Truck,7/11/2013,10-Feb-14,10-Feb-14,10-Feb-14,ARV,Pediatric,"Lopinavir/Ritonavir 80/20mg/ml [Kaletra], oral solution, cool, Bottle 5 x 60 ml",Oral solution,300.0,2.0,46.9,23.45,0.08,ABBVIE (Abbott) Logis. UK,Yes,Weight Captured Separately,Freight Included in Commodity Cost,0.06,FPQ-12522
44121,,FPQ-12624,,,Swaziland,,,,,,9/4/2013,,,,,,"Trinity Biotech, Plc",,"HIV 1/2, Uni-Gold HIV Kit",Uni-Gold,,,,,,,,,,,,,102-SZ-T30,SCMS-200930,ASN-21890,PMO - US,Direct Drop,EXW,Air,7/18/2013,30-Nov-13,30-Nov-13,27-Mar-14,HRDT,HIV test,"HIV 1/2, Uni-Gold HIV Kit, 20 Tests",Test kit,20.0,200.0,6400.0,32.0,1.6,"Trinity Biotech, Plc",Yes,Weight Captured Separately,Invoiced Separately,7.92,
11960,,Pre-PQ Process,,,Côte d'Ivoire,,,,,,N/A - From RDC,,,,,,SCMS from RDC,,Lopinavir/Ritonavir,Kaletra,80/20mg/ml,,,,,,,,,,,,104-CI-T01,SO-970,DN-1163,PMO - US,From RDC,N/A - From RDC,Air,Pre-PQ Process,23-Mar-09,23-Mar-09,23-Mar-09,ARV,Pediatric,"Lopinavir/Ritonavir 80/20mg/ml [Kaletra], oral solution, cool, Bottle 5 x 60 ml",Oral solution,300.0,1500.0,61650.0,41.1,0.14,ABBVIE (Abbott) Logis. UK,No,See DN-1163 (ID#:11030),See DN-1163 (ID#:11030),120.83,
85695,106-HT-T30,FPQ-5523,SO-36760,DN-1964,Haiti,PMO - US,From RDC,N/A - From RDC,Air,4/19/10,N/A - From RDC,10-Aug-10,23-Aug-10,23-Aug-10,ARV,Pediatric,SCMS from RDC,"Lamivudine 10mg/ml, oral solution, Bottle, 240 ml",Lamivudine,Generic,10mg/ml,Oral solution,240.0,3584.0,6917.12,1.93,0.01,"Cipla, Goa, India",No,See DN-1964 (ID#:82908),See DN-1964 (ID#:82908),14.91,,,,,,,,,,,,,,,,,,,,,,,,,,
86516,,,,,Zambia,,,,,,N/A - From RDC,,,,,,SCMS from RDC,,Efavirenz/Emtricitabine/Tenofovir Disoproxil Fumarate,Generic,600/200/300mg,,,,,,,,,,,,110-ZM-T30,SO-41992,DN-2865,PMO - US,From RDC,N/A - From RDC,Truck,4/27/2012,10-Oct-12,5-Oct-12,5-Oct-12,ARV,Adult,"Efavirenz/Emtricitabine/Tenofovir Disoproxil Fumarate 600/200/300mg, tablets, 30 Tabs",Tablet - FDC,30.0,60000.0,862800.0,14.38,0.48,Mylan (formerly Matrix) Nashik,No,See DN-2865 (ID#:82514),See DN-2865 (ID#:82514),1209.65,FPQ-9773
81083,,,,,Côte d'Ivoire,,,,,,8/24/2009,,,,,,ABBVIE LOGISTICS (FORMERLY ABBOTT LOGISTICS BV),,Lopinavir/Ritonavir,Aluvia,200/50mg,,,,,,,,,,,,104-CI-T30,SCMS-51810,ASN-4979,PMO - US,Direct Drop,FCA,Air,7/24/2009,8-Oct-09,8-Oct-09,8-Oct-09,ARV,Adult,"Lopinavir/Ritonavir 200/50mg [Aluvia], tablets, 120 Tabs",Tablet,120.0,7600.0,274816.0,36.16,0.3,ABBVIE Ludwigshafen Germany,No,See ASN-4979 (ID#:21174),See ASN-4979 (ID#:21174),538.64,FPQ-3882
82367,,,,,Ethiopia,,,,,,N/A - From RDC,,,,,,SCMS from RDC,,Tenofovir Disoproxil Fumarate,Generic,300mg,,,,,,,,,,,,117-ET-T30,SO-38450,DN-2104,PMO - US,From RDC,N/A - From RDC,Air,1/6/2011,14-Feb-11,28-Jan-11,28-Jan-11,ARV,Adult,"Tenofovir Disoproxil Fumarate 300mg, tablets, 30 Tabs",Tablet,30.0,1467.0,9638.19,6.57,0.22,Mylan (formerly Matrix) Nashik,Yes,9,1401.76,15.9,FPQ-7001
11878,,Pre-PQ Process,,,Zambia,,,,,,N/A - From RDC,,,,,,SCMS from RDC,,Lamivudine/Zidovudine,Generic,150/300mg,,,,,,,,,,,,110-ZM-T01,SO-1806,DN-625,PMO - US,From RDC,N/A - From RDC,,Pre-PQ Process,28-Mar-08,28-Mar-08,28-Mar-08,ARV,Adult,"Lamivudine/Zidovudine 150/300mg, tablets, 60 Tabs",Tablet - FDC,60.0,50000.0,472500.0,9.45,0.16,"Aurobindo Unit III, India",No,See DN-625 (ID#:10956),See DN-625 (ID#:10956),756.0,
56880,,,,,Nigeria,,,,,,10/16/2012,,,,,,"Orgenics, Ltd",,"HIV 1/2, Determine Complete HIV Kit",Determine,,,,,,,,,,,,,133-NG-T30,SCMS-162440,ASN-17648,PMO - US,Direct Drop,EXW,Air,10/5/2012,9-Jan-13,17-Jan-13,17-Jan-13,HRDT,HIV test,"HIV 1/2, Determine Complete HIV Kit, 100 Tests",Test kit,100.0,2744.0,244216.0,89.0,0.89,"Alere Medical Co., Ltd.",Yes,1235,25577.2,342.39,FPQ-10765
22079,161-ZA-T30,FPQ-6262,SCMS-83820,ASN-9484,South Africa,PMO - US,Direct Drop,DDP,Ocean,8/31/10,9/24/10,10-Mar-11,4-Mar-11,4-Mar-11,ARV,Adult,Aurobindo Pharma Limited,"Efavirenz 600mg, tablets, 30 Tabs",Efavirenz,Generic,600mg,Tablet,30.0,63967.0,289770.51,4.53,0.15,"Aurobindo Unit III, India",Yes,5491,15331.49,624.75,,,,,,,,,,,,,,,,,,,,,,,,,,
32358,161-ZA-T30,FPQ-5303,SCMS-69030,ASN-7804,South Africa,PMO - US,Direct Drop,DDP,Air,3/18/10,3/19/10,20-Sep-10,20-Sep-10,20-Sep-10,ARV,Adult,Aurobindo Pharma Limited,"Zidovudine 300mg, tablets, 60 Tabs",Zidovudine,Generic,300mg,Tablet,60.0,29402.0,218456.86,7.43,0.12,"Aurobindo Unit III, India",Yes,1577,1697.9,470.99,,,,,,,,,,,,,,,,,,,,,,,,,,
84765,,,,,Uganda,,,,,,N/A - From RDC,,,,,,SCMS from RDC,,Lamivudine/Tenofovir Disoproxil Fumarate,Generic,300/300mg,,,,,,,,,,,,114-UG-T30,SO-42900,DN-2921,PMO - US,From RDC,N/A - From RDC,Truck,7/18/2012,10-Dec-12,19-Nov-12,19-Nov-12,ARV,Adult,"Lamivudine/Tenofovir Disoproxil Fumarate 300/300mg, tablets, 30 Tabs",Tablet - FDC,30.0,22783.0,122116.88,5.36,0.18,Hetero Unit III Hyderabad IN,No,See DN-2921 (ID#:82527),See DN-2921 (ID#:82527),171.21,FPQ-10357
85821,,FPQ-8840,,,"Congo, DRC",,,,,,N/A - From RDC,,,,,,SCMS from RDC,,Zidovudine,Generic,300mg,,,,,,,,,,,,101-CD-T30,SO-41144,DN-2508,PMO - US,From RDC,N/A - From RDC,Air,11/21/2011,16-Mar-12,14-Mar-12,14-Mar-12,ARV,Adult,"Zidovudine 300mg, tablets, 60 Tabs",Tablet,60.0,187.0,1312.74,7.02,0.12,Hetero Unit III Hyderabad IN,Yes,125,1554.64,1.84,
62968,108-VN-T30,FPQ-3896,SCMS-48260,ASN-5132,Vietnam,PMO - US,Direct Drop,EXW,Air,6/25/09,6/26/09,23-Oct-09,23-Oct-09,23-Oct-09,ARV,Adult,Aurobindo Pharma Limited,"Lamivudine 150mg, tablets, 60 Tabs",Lamivudine,Generic,150mg,Tablet,60.0,2520.0,6048.0,2.4,0.04,"Aurobindo Unit III, India",No,See ASN-5132 (ID#:22186),See ASN-5132 (ID#:22186),11.85,,,,,,,,,,,,,,,,,,,,,,,,,,
86529,114-UG-T30,FPQ-10556,SO-43200,DN-2922,Uganda,PMO - US,From RDC,N/A - From RDC,Truck,8/30/12,N/A - From RDC,6-Dec-12,20-Nov-12,20-Nov-12,ARV,Adult,SCMS from RDC,"Zidovudine 300mg, tablets, 60 Tabs",Zidovudine,Generic,300mg,Tablet,60.0,25.0,169.0,6.76,0.11,Hetero Unit III Hyderabad IN,Yes,1,5220.79,0.24,,,,,,,,,,,,,,,,,,,,,,,,,,
84893,104-CI-T30,FPQ-12800,SO-46422,DN-3546,Côte d'Ivoire,PMO - US,From RDC,N/A - From RDC,Air,8/9/13,N/A - From RDC,28-Feb-14,18-Feb-14,4-Mar-14,ARV,Pediatric,SCMS from RDC,"Lamivudine/Nevirapine/Zidovudine 30/50/60mg, dispersible tablets, 60 Tabs",Lamivudine/Nevirapine/Zidovudine,Generic,30/50/60mg,Chewable/dispersible tablet - FDC,60.0,8201.0,30753.75,3.75,0.06,"Strides, Bangalore, India.",No,See DN-3546 (ID#:82651),See DN-3546 (ID#:82651),38.04,,,,,,,,,,,,,,,,,,,,,,,,,,
85496,,FPQ-13293,,,Nigeria,,,,,,N/A - From RDC,,,,,,SCMS from RDC,,Abacavir/Lamivudine,Generic,600/300mg,,,,,,,,,,,,151-NG-T30,SO-47285,DN-3791,PMO - US,From RDC,N/A - From RDC,Air Charter,11/19/2013,30-Jun-14,20-Jun-14,25-Jun-14,ARV,Adult,"Abacavir/Lamivudine 600/300mg, tablets, 30 Tabs",Tablet - FDC,30.0,19573.0,264626.96,13.52,0.45,"Cipla, Patalganga, India",Yes,1947,28812.57,272.04,
43998,,FPQ-7175,,,South Africa,,,,,,3/24/2011,,,,,,Aurobindo Pharma Limited,,Efavirenz,Generic,50mg,,,,,,,,,,,,161-ZA-T30,SCMS-103410,ASN-11587,PMO - US,Direct Drop,DDP,Ocean,3/10/2011,14-Sep-11,14-Sep-11,14-Sep-11,ARV,Pediatric,"Efavirenz 50mg, capsule, 30 Caps",Capsule,30.0,45232.0,110366.08,2.44,0.08,"Aurobindo Unit III, India",Yes,2674,5301.65,182.1,
86114,110-ZM-T30,FPQ-13692,SO-48000,DN-3819,Zambia,PMO - US,From RDC,N/A - From RDC,Truck,2/6/14,N/A - From RDC,31-Jul-14,23-Jul-14,28-Aug-14,ARV,Adult,SCMS from RDC,"Efavirenz/Lamivudine/Tenofovir Disoproxil Fumarate 600/300/300mg, tablets, 30 Tabs",Efavirenz/Lamivudine/Tenofovir Disoproxil Fumarate,Generic,600/300/300mg,Tablet - FDC,30.0,175000.0,1886500.0,10.78,0.36,Mylan (formerly Matrix) Nashik,No,See DN-3819 (ID#:85506),See DN-3819 (ID#:85506),1939.32,,,,,,,,,,,,,,,,,,,,,,,,,,
10642,,,,,Nigeria,,,,,,N/A - From RDC,,,,,,SCMS from RDC,,Lamivudine/Nevirapine/Zidovudine,Generic,150/300/200mg,,,,,,,,,,,,112-NG-T01,SO-567,DN-475,PMO - US,From RDC,N/A - From RDC,Air,Pre-PQ Process,3-Dec-07,3-Dec-07,3-Dec-07,ARV,Adult,"Lamivudine/Nevirapine/Zidovudine 150/200/300mg, tablets, 60 Tabs",Tablet - FDC,60.0,12984.0,266172.0,20.5,0.34,"Aurobindo Unit III, India",Yes,3286,18208,425.88,Pre-PQ Process
83825,,FPQ-14252,,,"Congo, DRC",,,,,,N/A - From RDC,,,,,,SCMS from RDC,,Nevirapine,Generic,10mg/ml,,,,,,,,,,,,101-CD-T30,SO-48860,DN-3836,PMO - US,From RDC,N/A - From RDC,Air,5/7/2014,24-Sep-14,28-Oct-14,4-Dec-14,ARV,Pediatric,"Nevirapine 10mg/ml, oral suspension w/syringe, Bottle, 100 ml",Oral suspension,100.0,1330.0,1729.0,1.3,0.01,"Aurobindo Unit III, India",Yes,416,5347.37,1.78,
84282,104-CI-T30,FPQ-10633,SO-43371,DN-3294,Côte d'Ivoire,PMO - US,From RDC,N/A - From RDC,Truck,9/11/12,N/A - From RDC,30-Sep-13,28-Aug-13,28-Aug-13,ARV,Pediatric,SCMS from RDC,"Lamivudine/Nevirapine/Zidovudine 30/50/60mg, dispersible tablets, 60 Tabs",Lamivudine/Nevirapine/Zidovudine,Generic,30/50/60mg,Chewable/dispersible tablet - FDC,60.0,7600.0,29564.0,3.89,0.06,Mylan (formerly Matrix) Nashik,Yes,415,2751.09,41.45,,,,,,,,,,,,,,,,,,,,,,,,,,
29427,108-VN-T30,FPQ-6384,SCMS-87760,ASN-9568,Vietnam,PMO - US,Direct Drop,EXW,Air,9/30/10,10/14/10,28-Feb-11,28-Feb-11,28-Feb-11,ARV,Adult,MYLAN LABORATORIES LTD (FORMERLY MATRIX LABORATORIES),"Tenofovir Disoproxil Fumarate 300mg, tablets, 30 Tabs",Tenofovir Disoproxil Fumarate,Generic,300mg,Tablet,30.0,3696.0,24948.0,6.75,0.22,Mylan (formerly Matrix) Nashik,Yes,314,4885.33,53.79,,,,,,,,,,,,,,,,,,,,,,,,,,
85410,,FPQ-11864,,,Nigeria,,,,,,N/A - From RDC,,,,,,SCMS from RDC,,Lamivudine/Nevirapine/Zidovudine,Generic,150/300/200mg,,,,,,,,,,,,151-NG-T30,SO-44933,DN-3369,PMO - US,From RDC,N/A - From RDC,Air Charter,3/14/2013,31-Oct-13,14-Oct-13,24-Oct-13,ARV,Adult,"Lamivudine/Nevirapine/Zidovudine 150/200/300mg, tablets, 60 Tabs",Tablet - FDC,60.0,123700.0,1061346.0,8.58,0.14,"Cipla, Goa, India",Yes,18882,20225.07,1312.89,
28282,103-CM-T30,FPQ-16210,SCMS-289290,ASN-33318,Cameroon,PMO - US,Direct Drop,FCA,Air,4/28/15,5/29/15,22-Jul-15,22-Jul-15,22-Jul-15,ARV,Pediatric,ABBVIE LOGISTICS (FORMERLY ABBOTT LOGISTICS BV),"Lopinavir/Ritonavir 100/25mg [Aluvia], tablets, 60 Tabs",Lopinavir/Ritonavir,Generic,100/25mg,Tablet,60.0,8800.0,52272.0,5.94,0.1,ABBVIE Ludwigshafen Germany,Yes,1485,10334.23,61.52,,,,,,,,,,,,,,,,,,,,,,,,,,
8603,,Pre-PQ Process,,,Vietnam,,,,,,7/24/2008,,,,,,ABBVIE LOGISTICS (FORMERLY ABBOTT LOGISTICS BV),,Lopinavir/Ritonavir,Aluvia,200/50mg,,,,,,,,,,,,108-VN-T01,SCMS-27300,ASN-2855,PMO - US,Direct Drop,FCA,Air,Pre-PQ Process,3-Dec-08,3-Dec-08,3-Dec-08,ARV,Adult,"Lopinavir/Ritonavir 200/50mg [Aluvia], tablets, 120 Tabs",Tablet,120.0,1080.0,88776.0,82.2,0.68,ABBVIE Ludwigshafen Germany,Yes,259,2985.93,174.0,
1300,,Pre-PQ Process,,,Rwanda,,,,,,12/22/2006,,,,,,CIPLA LIMITED,,Abacavir,Generic,300mg,,,,,,,,,,,,107-RW-T01,SCMS-268,ASN-242,PMO - US,Direct Drop,EXW,Air,Pre-PQ Process,27-Feb-07,27-Feb-07,27-Feb-07,ARV,Adult,"Abacavir 300mg, tablets, 60 Tabs",Tablet,60.0,5605.0,202340.5,36.1,0.6,"Cipla, Patalganga, India",No,See ASN-242 (ID#:64),See ASN-242 (ID#:64),,
11578,113-ZW-T01,Pre-PQ Process,SO-2503,DN-900,Zimbabwe,PMO - US,From RDC,N/A - From RDC,Truck,Pre-PQ Process,N/A - From RDC,12-Sep-08,12-Sep-08,12-Sep-08,ARV,Adult,SCMS from RDC,"Lamivudine/Nevirapine/Stavudine 150/200/30mg, tablets, 60 Tabs",Lamivudine/Nevirapine/Stavudine,Generic,150/200/30mg,Tablet - FDC,60.0,76000.0,562400.0,7.4,0.12,"Cipla, Goa, India",No,See DN-900 (ID#:11284),See DN-900 (ID#:11284),899.84,,,,,,,,,,,,,,,,,,,,,,,,,,
37835,,FPQ-12518,,,Rwanda,,,,,,8/9/2013,,,,,,"SHANGHAI KEHUA BIOENGINEERING CO.,LTD.  (KHB)",,"HIV 1/2, Colloidal Gold, Diagnostic Kit, Antibody",Colloidal Gold,,,,,,,,,,,,,107-RW-T30,SCMS-198220,ASN-21423,PMO - US,Direct Drop,EXW,Air,6/21/2013,20-Sep-13,20-Sep-13,20-Sep-13,HRDT,HIV test,"HIV 1/2, SKB Colloidal Gold, Diagnostic Kit, Antibody, 50 Tests",Test kit,1.0,28000.0,686000.0,24.5,24.5,"KHB Test Kit Facility, Shanghai China",Yes,18667,289653.2,848.58,
63308,,,,,South Africa,,,,,,8/13/2013,,,,,,S. BUYS WHOLESALER,,Efavirenz,Generic,50mg,,,,,,,,,,,,116-ZA-T30,SCMS-199280,ASN-24433,PMO - US,Direct Drop,DDP,Truck,7/11/2013,7-Feb-14,7-Feb-14,7-Feb-14,ARV,Pediatric,"Efavirenz 50mg, capsule, 30 Caps",Capsule,30.0,71.0,235.46,3.32,0.11,"Aurobindo Unit III, India",No,Weight Captured Separately,Freight Included in Commodity Cost,0.29,FPQ-12522
53683,116-ZA-T30,FPQ-4359,SCMS-54980,ASN-5373,South Africa,PMO - US,Direct Drop,DDP,Truck,10/8/09,10/15/09,19-Oct-09,19-Oct-09,19-Oct-09,ARV,Adult,S. BUYS WHOLESALER,"Didanosine EC 400mg [Videx EC], delayed-release capsules, Blister 3 x 10 Caps",Didanosine EC,Videx EC,400mg,Delayed-release capsules - blister,30.0,140.0,3996.98,28.55,0.95,"BMS Meymac, France",No,Weight Captured Separately,Freight Included in Commodity Cost,7.83,,,,,,,,,,,,,,,,,,,,,,,,,,
38510,,,,,Haiti,,,,,,5/27/2015,,,,,,HETERO LABS LIMITED,,Lamivudine/Nevirapine/Zidovudine,Generic,150/300/200mg,,,,,,,,,,,,106-HT-T30,SCMS-288890,ASN-32682,PMO - US,Direct Drop,EXW,Ocean,5/5/2015,13-Aug-15,13-Aug-15,14-Aug-15,ARV,Adult,"Lamivudine/Nevirapine/Zidovudine 150/200/300mg, tablets, 60 Tabs",Tablet - FDC,60.0,55536.0,449841.6,8.1,0.13,"Hetero, Jadcherla, unit 5, IN",Yes,Weight Captured Separately,Invoiced Separately,529.46,FPQ-16241
11492,125-HT-T01,Pre-PQ Process,SO-1290,DN-444,Haiti,PMO - US,From RDC,N/A - From RDC,Air,Pre-PQ Process,N/A - From RDC,31-Dec-07,31-Dec-07,31-Dec-07,HRDT,HIV test,SCMS from RDC,"HIV 1/2, Determine HIV Kit, without Lancets, 100 Tests","HIV 1/2, Determine HIV Kit, without Lancets",Determine,,Test kit,100.0,25.0,1800.0,72.0,0.72,Inverness Japan,No,See DN-444 (ID#:10639),See DN-444 (ID#:10639),2.88,,,,,,,,,,,,,,,,,,,,,,,,,,
19289,,FPQ-12590,,,Haiti,,,,,,10/22/2013,,,,,,ABBVIE LOGISTICS (FORMERLY ABBOTT LOGISTICS BV),,Lopinavir/Ritonavir,Aluvia,200/50mg,,,,,,,,,,,,106-HT-T30,SCMS-210440,ASN-23016,PMO - US,Direct Drop,FCA,Air,8/21/2013,23-Jan-14,23-Jan-14,24-Jan-14,ARV,Adult,"Lopinavir/Ritonavir 200/50mg [Aluvia], tablets, 120 Tabs",Tablet,120.0,646.0,12480.72,19.32,0.16,ABBVIE Ludwigshafen Germany,Yes,166,737.11,15.44,
1162,104-CI-T01,Pre-PQ Process,SCMS-44130,ASN-4791,Côte d'Ivoire,PMO - US,Direct Drop,EXW,Air,Pre-PQ Process,4/15/09,15-Sep-09,15-Sep-09,15-Sep-09,HRDT,HIV test,BIO-RAD LABORATORIES (FRANCE),"#108853** HIV, Genie II HIV-1/HIV-2 Kit, 40 Tests","HIV, Genie II HIV-1/HIV-2 Kit",Genie,,Test kit,40.0,1000.0,110000.0,110.0,2.75,Bio-Rad Laboratories,Yes,1101,8074.03,215.6,,,,,,,,,,,,,,,,,,,,,,,,,,
86626,104-CI-T30,FPQ-11253,SO-44211,DN-3397,Côte d'Ivoire,PMO - US,From RDC,N/A - From RDC,Truck,12/14/12,N/A - From RDC,29-Nov-13,9-Dec-13,20-Dec-13,ARV,Adult,SCMS from RDC,"Lamivudine/Nevirapine/Zidovudine 150/200/300mg, tablets, 60 Tabs",Lamivudine/Nevirapine/Zidovudine,Generic,150/300/200mg,Tablet - FDC,60.0,41700.0,344442.0,8.26,0.14,"Aurobindo Unit III, India",Yes,4873,18002.87,426.07,,,,,,,,,,,,,,,,,,,,,,,,,,
161,,Pre-PQ Process,,,Ethiopia,,,,,,10/3/2007,,,,,,Aurobindo Pharma Limited,,Stavudine,Generic,30mg,,,,,,,,,,,,117-ET-T01,SCMS-11070,ASN-916,PMO - US,Direct Drop,EXW,Air,Pre-PQ Process,20-Nov-07,20-Nov-07,20-Nov-07,ARV,Adult,"Stavudine 30mg, capsules, 60 Caps",Capsule,60.0,64000.0,99200.0,1.55,0.03,"Aurobindo Unit III, India",Yes,4228,12237.61,158.72,
55238,108-VN-T30,FPQ-9001,SCMS-131690,ASN-14517,Vietnam,PMO - US,Direct Drop,EXW,Air,12/15/11,1/16/12,16-May-12,16-May-12,16-May-12,ARV,Adult,MYLAN LABORATORIES LTD (FORMERLY MATRIX LABORATORIES),"Abacavir 300mg, tablets, 60 Tabs",Abacavir,Generic,300mg,Tablet,60.0,368.0,4784.0,13.0,0.22,Mylan (formerly Matrix) Nashik,No,See ASN-14517 (ID#:44737),See ASN-14517 (ID#:44737),6.71,,,,,,,,,,,,,,,,,,,,,,,,,,
38793,113-ZW-T30,FPQ-7521,SCMS-108000,ASN-12242,Zimbabwe,PMO - US,Direct Drop,EXW,Air,4/7/11,5/5/11,19-Oct-11,19-Oct-11,19-Oct-11,HRDT,HIV test,"Orgenics, Ltd","HIV 1/2, Determine Complete HIV Kit, 100 Tests","HIV 1/2, Determine Complete HIV Kit",Determine,,Test kit,100.0,2856.0,228480.0,80.0,0.8,Inverness Japan,Yes,1102,26846.59,376.99,,,,,,,,,,,,,,,,,,,,,,,,,,
72425,,,,,South Africa,,,,,,4/28/2015,,,,,,PHARMACY DIRECT,,Emtricitabine/Tenofovir Disoproxil Fumarate,Generic,200/300mg,,,,,,,,,,,,116-ZA-T30,SCMS-238556,ASN-31854,PMO - US,Direct Drop,DDP,Truck,4/30/2014,28-Apr-15,28-Apr-15,28-Apr-15,ARV,Adult,"Emtricitabine/Tenofovir Disoproxil Fumarate 200/300mg, tablets, 30 Tabs",Tablet - FDC,30.0,2.0,60.42,30.21,1.01,"Aurobindo Unit III, India",No,Weight Captured Separately,Freight Included in Commodity Cost,0.06,FPQ-13973
28322,,,,,Tanzania,,,,,,7/16/2013,,,,,,CIPLA LIMITED,,Lamivudine/Nevirapine/Zidovudine,Generic,150/300/200mg,,,,,,,,,,,,109-TZ-T30,SCMS-198770,ASN-21559,PMO - US,Direct Drop,EXW,Air,7/3/2013,4-Oct-13,4-Oct-13,4-Oct-13,ARV,Adult,"Lamivudine/Nevirapine/Zidovudine 150/200/300mg, tablets, 60 Tabs",Tablet - FDC,60.0,150000.0,1215000.0,8.1,0.13,"Cipla, Goa, India",Yes,21674,90677.04,1502.96,FPQ-12540
59046,161-ZA-T30,FPQ-5648,SCMS-75830,ASN-9489,South Africa,PMO - US,Direct Drop,DDP,Ocean,6/2/10,6/17/10,29-Mar-11,29-Mar-11,29-Mar-11,ARV,Pediatric,Aurobindo Pharma Limited,"Lamivudine 10mg/ml, oral solution w/syringe, Bottle, 240 ml",Lamivudine,Generic,10mg/ml,Oral solution,240.0,45000.0,95400.0,2.12,0.01,"Aurobindo Unit III, India",Yes,16260,17060.14,205.68,,,,,,,,,,,,,,,,,,,,,,,,,,
36507,108-VN-T30,FPQ-6384,SCMS-87770,ASN-9407,Vietnam,PMO - US,Direct Drop,EXW,Air,9/30/10,10/18/10,9-Feb-11,9-Feb-11,9-Feb-11,ARV,Adult,HETERO LABS LIMITED,"Zidovudine 300mg, tablets, 60 Tabs",Zidovudine,Generic,300mg,Tablet,60.0,504.0,3502.8,6.95,0.12,Hetero Unit III Hyderabad IN,No,See ASN-9407 (ID#:17697),See ASN-9407 (ID#:17697),7.55,,,,,,,,,,,,,,,,,,,,,,,,,,
69301,,,,,Vietnam,,,,,,3/4/2015,,,,,,ABBVIE LOGISTICS (FORMERLY ABBOTT LOGISTICS BV),,Lopinavir/Ritonavir,Aluvia,200/50mg,,,,,,,,,,,,108-VN-T30,SCMS-277270,ASN-33526,PMO - US,Direct Drop,FCA,Air,2/13/2015,14-Sep-15,14-Sep-15,14-Sep-15,ARV,Adult,"Lopinavir/Ritonavir 200/50mg [Aluvia], tablets, 120 Tabs",Tablet,120.0,4500.0,273600.0,60.8,0.51,ABBVIE Ludwigshafen Germany,No,See ASN-33526 (ID#:32150),See ASN-33526 (ID#:32150),322.03,FPQ-15823
11862,,,,,Nigeria,,,,,,N/A - From RDC,,,,,,SCMS from RDC,,Emtricitabine/Tenofovir Disoproxil Fumarate,Truvada,300/200mg,,,,,,,,,,,,131-NG-T01,SO-2578,DN-739,PMO - US,From RDC,N/A - From RDC,Air,Pre-PQ Process,14-May-08,14-May-08,14-May-08,ARV,Adult,"Emtricitabine/Tenofovir Disoproxil Fumarate 200/300mg [Truvada], tablets, 30 Tabs",Tablet - FDC,30.0,3359.0,88173.75,26.25,0.88,"Aspen-OSD, Port Elizabeth, SA",Yes,300,2204,141.08,Pre-PQ Process
21199,,,,,Haiti,,,,,,4/28/2014,,,,,,ABBVIE LOGISTICS (FORMERLY ABBOTT LOGISTICS BV),,Lopinavir/Ritonavir,Kaletra,80/20mg/ml,,,,,,,,,,,,106-HT-T30,SCMS-233920,ASN-27200,PMO - US,Direct Drop,FCA,Air,3/20/2014,29-Aug-14,29-Aug-14,3-Sep-14,ARV,Pediatric,"Lopinavir/Ritonavir 80/20mg/ml [Kaletra], oral solution, cool, Bottle 5 x 60 ml",Oral solution,300.0,40.0,1232.8,30.82,0.1,ABBVIE (Abbott) Logis. UK,Yes,61,1257.16,1.27,FPQ-13797
3763,,Pre-PQ Process,,,South Africa,,,,,,3/18/2009,,,,,,S. BUYS WHOLESALER,,Zidovudine,Retrovir,10mg/ml,,,,,,,,,,,,116-ZA-T01,SCMS-41461,ASN-4360,PMO - US,Direct Drop,DDP,Air,Pre-PQ Process,25-Jun-09,20-Apr-09,20-Apr-09,ARV,Pediatric,"Zidovudine 10mg/ml [Retrovir], solution for IV infusion injection, Vial 5 x 20 ml",Injection,5.0,334.0,4559.1,13.65,2.73,GSK Ware (UK),Yes,Weight Captured Separately,Freight Included in Commodity Cost,8.94,
79871,133-NG-T30,FPQ-10349,SCMS-155301,ASN-17317,Nigeria,PMO - US,Direct Drop,EXW,Air,7/17/12,8/10/12,21-Dec-12,21-Dec-12,21-Dec-12,HRDT,HIV test,"Trinity Biotech, Plc","HIV 1/2, Uni-Gold HIV Kit, 20 Tests","HIV 1/2, Uni-Gold HIV Kit",Uni-Gold,,Test kit,20.0,6042.0,193344.0,32.0,1.6,"Trinity Biotech, Plc",Yes,1990,23396.04,271.07,,,,,,,,,,,,,,,,,,,,,,,,,,
12612,,Pre-PQ Process,,,Mozambique,,,,,,N/A - From RDC,,,,,,SCMS from RDC,,Lamivudine/Nevirapine/Stavudine,Generic,150/200/30mg,,,,,,,,,,,,111-MZ-T01,SO-26421,DN-1413,PMO - US,From RDC,N/A - From RDC,Air,Date Not Captured,27-Aug-09,27-Aug-09,27-Aug-09,ARV,Adult,"Lamivudine/Nevirapine/Stavudine 150/200/30mg, tablets, 60 Tabs",Tablet - FDC,60.0,98396.0,700579.52,7.12,0.12,"Strides, Bangalore, India.",Yes,7426,2400.25,1373.14,
12865,,Pre-PQ Process,,,Nigeria,,,,,,N/A - From RDC,,,,,,SCMS from RDC,,Lamivudine/Zidovudine,Generic,150/300mg,,,,,,,,,,,,112-NG-T01,SO-20960,DN-1124,PMO - US,From RDC,N/A - From RDC,Air Charter,Pre-PQ Process,19-Mar-09,19-Mar-09,19-Mar-09,ARV,Adult,"Lamivudine/Zidovudine 150/300mg, tablets, 60 Tabs",Tablet - FDC,60.0,3231.0,28303.56,8.76,0.15,"Aurobindo Unit III, India",No,See DN-1124 (ID#:11620),See DN-1124 (ID#:11620),55.47,
61271,,,,,Uganda,,,,,,8/9/2013,,,,,,Aurobindo Pharma Limited,,Nevirapine,Generic,10mg/ml,,,,,,,,,,,,114-UG-T30,SCMS-202560,ASN-22983,PMO - US,Direct Drop,EXW,Air,8/5/2013,10-Dec-13,12-Dec-13,13-Dec-13,ARV,Pediatric,"Nevirapine 10mg/ml, oral suspension w/syringe, Bottle, 100 ml",Oral suspension,100.0,11036.0,14346.8,1.3,0.01,"Aurobindo Unit III, India",Yes,2385,10898.12,17.75,FPQ-12777
7093,,,,,Botswana,,,,,,4/28/2008,,,,,,"Trinity Biotech, Plc",,"HIV 1/2, Uni-Gold HIV Kit",Uni-Gold,,,,,,,,,,,,,102-BW-T01,SCMS-22710,ASN-1833,PMO - US,Direct Drop,EXW,Air,Pre-PQ Process,3-Jul-08,3-Jul-08,3-Jul-08,HRDT,HIV test,"HIV 1/2, Uni-Gold HIV Kit, 20 Tests",Test kit,20.0,500.0,16000.0,32.0,1.6,"Trinity Biotech, Plc",Yes,500,2442.32,25.6,Pre-PQ Process
81061,,,,,South Africa,,,,,,10/3/2014,,,,,,PHARMACY DIRECT,,Saquinavir,Invirase,200mg,,,,,,,,,,,,116-ZA-T30,SCMS-238554,ASN-28626,PMO - US,Direct Drop,DDP,Truck,4/30/2014,3-Oct-14,3-Oct-14,3-Oct-14,ARV,Adult,"Saquinavir 200mg [Invirase], capsules, 270 Caps",Capsule,270.0,30.0,2304.67,76.82,0.28,Roche Basel,No,Weight Captured Separately,Freight Included in Commodity Cost,2.37,FPQ-13973
84793,106-HT-T30,FPQ-11281,SO-44400,DN-3015,Haiti,PMO - US,From RDC,N/A - From RDC,Air,1/16/13,N/A - From RDC,9-Apr-13,14-Mar-13,14-Mar-13,ARV,Adult,SCMS from RDC,"Lamivudine 150mg, tablets, 60 Tabs",Lamivudine,Generic,150mg,Tablet,60.0,1980.0,3940.2,1.99,0.03,Hetero Unit III Hyderabad IN,No,See DN-3015 (ID#:82554),See DN-3015 (ID#:82554),4.87,,,,,,,,,,,,,,,,,,,,,,,,,,
21491,114-UG-T30,FPQ-11098,SCMS-171680,ASN-18883,Uganda,PMO - US,Direct Drop,EXW,Air,12/13/12,1/2/13,29-Apr-13,29-Apr-13,29-Apr-13,HRDT,HIV test,"Orgenics, Ltd","HIV 1/2, Determine Complete HIV Kit, 100 Tests","HIV 1/2, Determine Complete HIV Kit",Determine,,Test kit,100.0,2957.0,236560.0,80.0,0.8,"Alere Medical Co., Ltd.",Yes,1313,31917.19,292.62,,,,,,,,,,,,,,,,,,,,,,,,,,
11956,,Pre-PQ Process,,,Nigeria,,,,,,N/A - From RDC,,,,,,SCMS from RDC,,Lamivudine/Nevirapine/Zidovudine,Generic,150/300/200mg,,,,,,,,,,,,151-NG-T01,SO-21808,DN-1142,PMO - US,From RDC,N/A - From RDC,Air Charter,Pre-PQ Process,19-Mar-09,19-Mar-09,19-Mar-09,ARV,Adult,"Lamivudine/Nevirapine/Zidovudine 150/200/300mg, tablets, 60 Tabs",Tablet - FDC,60.0,4314.0,49179.6,11.4,0.19,"Aurobindo Unit III, India",Yes,485,22985.73,96.39,
9173,,,,,Namibia,,,,,,5/8/2009,,,,,,Aurobindo Pharma Limited,,Stavudine,Generic,1mg/ml,,,,,,,,,,,,119-NA-T01,SCMS-45630,ASN-4079,PMO - US,Direct Drop,EXW,Air,Pre-PQ Process,8-Jun-09,8-Jun-09,8-Jun-09,ARV,Pediatric,"Stavudine 1mg/ml, powder for oral solution, 200 ml",Oral solution,200.0,800.0,1072.0,1.34,0.01,"Aurobindo Unit III, India",Yes,98,1770.43,2.1,Pre-PQ Process
84245,,,,,Mozambique,,,,,,N/A - From RDC,,,,,,SCMS from RDC,,Tenofovir Disoproxil Fumarate,Generic,300mg,,,,,,,,,,,,111-MZ-T30,SO-44820,DN-3109,PMO - US,From RDC,N/A - From RDC,Air,3/19/2013,4-Jul-13,4-Jul-13,4-Jul-13,ARV,Adult,"Tenofovir Disoproxil Fumarate 300mg, tablets, 30 Tabs",Tablet,30.0,1800.0,7272.0,4.04,0.13,Mylan (formerly Matrix) Nashik,Yes,108,832.5,9.0,FPQ-11882
85394,,,,,Uganda,,,,,,N/A - From RDC,,,,,,SCMS from RDC,,Lamivudine/Nevirapine/Zidovudine,Generic,150/300/200mg,,,,,,,,,,,,114-UG-T30,SO-45460,DN-3271,PMO - US,From RDC,N/A - From RDC,Air,5/8/2013,2-Sep-13,2-Sep-13,2-Sep-13,ARV,Adult,"Lamivudine/Nevirapine/Zidovudine 150/200/300mg, tablets, 60 Tabs",Tablet - FDC,60.0,59680.0,512054.4,8.58,0.14,Hetero Unit III Hyderabad IN,Yes,9886,58707,633.41,FPQ-12253
5199,141-NA-T01,Pre-PQ Process,SCMS-47160,ASN-4663,Namibia,PMO - US,Direct Drop,EXW,Air,Pre-PQ Process,6/4/09,1-Sep-09,1-Sep-09,1-Sep-09,HRDT,HIV test,"Orgenics, Ltd","HIV 1/2, Clearview Complete Kit, 25 Tests","HIV 1/2, Clearview Complete Kit",Clearview,,Test kit,25.0,4.0,300.0,75.0,3.0,Chembio Diagnostics Sys. Inc.,Yes,4,133.25,0.59,,,,,,,,,,,,,,,,,,,,,,,,,,
3753,116-ZA-T01,Pre-PQ Process,SCMS-41210,ASN-3737,South Africa,PMO - US,Direct Drop,DDP,Air,Pre-PQ Process,Date Not Captured,30-Mar-09,23-Jan-09,23-Jan-09,ARV,Adult,S. BUYS WHOLESALER,"Saquinavir 200mg [Invirase], capsules, 270 Caps",Saquinavir,Invirase,200mg,Capsule,270.0,2.0,114.9,57.45,0.21,Roche Basel,Yes,Weight Captured Separately,Freight Included in Commodity Cost,0.23,,,,,,,,,,,,,,,,,,,,,,,,,,
12251,,Pre-PQ Process,,,Nigeria,,,,,,N/A - From RDC,,,,,,SCMS from RDC,,Lamivudine/Nevirapine/Zidovudine,Generic,150/300/200mg,,,,,,,,,,,,151-NG-T01,SO-21809,DN-1156,PMO - US,From RDC,N/A - From RDC,Air Charter,Pre-PQ Process,8-May-09,8-May-09,8-May-09,ARV,Adult,"Lamivudine/Nevirapine/Zidovudine 150/200/300mg, tablets, 60 Tabs",Tablet - FDC,60.0,26616.0,303422.4,11.4,0.19,"Aurobindo Unit III, India",Yes,2993,15128.37,594.71,
15772,,FPQ-8428,,,Vietnam,,,,,,10/4/2011,,,,,,Aurobindo Pharma Limited,,Lamivudine/Nevirapine/Zidovudine,Generic,150/300/200mg,,,,,,,,,,,,108-VN-T30,SCMS-123520,ASN-13475,PMO - US,Direct Drop,EXW,Air,9/21/2011,1-Mar-12,1-Mar-12,1-Mar-12,ARV,Adult,"Lamivudine/Nevirapine/Zidovudine 150/200/300mg, tablets, 60 Tabs",Tablet - FDC,60.0,30000.0,313500.0,10.45,0.17,"Aurobindo Unit III, India",Yes,10210,17392.05,517.28,
84248,110-ZM-T30,FPQ-11969,SO-44910,DN-3116,Zambia,PMO - US,From RDC,N/A - From RDC,Air,3/26/13,N/A - From RDC,28-Jun-13,13-May-13,13-May-13,ARV,Adult,SCMS from RDC,"Emtricitabine/Tenofovir Disoproxil Fumarate 200/300mg, tablets, 30 Tabs",Emtricitabine/Tenofovir Disoproxil Fumarate,Generic,200/300mg,Tablet - FDC,30.0,69811.0,423752.77,6.07,0.2,Mylan (formerly Matrix) Nashik,Yes,7632,50626.6,524.18,,,,,,,,,,,,,,,,,,,,,,,,,,
85596,151-NG-T30,FPQ-14989,SO-49935,DN-4260,Nigeria,PMO - US,From RDC,N/A - From RDC,Air Charter,9/19/14,N/A - From RDC,30-Jun-15,28-Apr-15,29-Apr-15,ARV,Adult,SCMS from RDC,"Lamivudine/Nevirapine/Zidovudine 150/200/300mg, tablets, 60 Tabs",Lamivudine/Nevirapine/Zidovudine,Generic,150/300/200mg,Tablet - FDC,60.0,234519.0,1810486.68,7.72,0.13,"Cipla, Goa, India",Yes,51833,107573.94,1861.18,,,,,,,,,,,,,,,,,,,,,,,,,,
86467,,,,,Zambia,,,,,,N/A - From RDC,,,,,,SCMS from RDC,,Emtricitabine/Tenofovir Disoproxil Fumarate,Generic,200/300mg,,,,,,,,,,,,110-ZM-T30,SO-40953,DN-2608,PMO - US,From RDC,N/A - From RDC,Truck,9/27/2011,15-May-12,16-Apr-12,16-Apr-12,ARV,Adult,"Emtricitabine/Tenofovir Disoproxil Fumarate 200/300mg, tablets, 30 Tabs",Tablet - FDC,30.0,79075.0,709302.75,8.97,0.3,Mylan (formerly Matrix) Nashik,No,See DN-2608 (ID#:83579),See DN-2608 (ID#:83579),1170.35,FPQ-8476
84429,,FPQ-14396,,,Uganda,,,,,,N/A - From RDC,,,,,,SCMS from RDC,,Efavirenz,Generic,600mg,,,,,,,,,,,,114-UG-T30,SO-48973,DN-4019,PMO - US,From RDC,N/A - From RDC,Truck,6/4/2014,15-Jan-15,17-Dec-14,22-Dec-14,ARV,Adult,"Efavirenz 600mg, tablets, 30 Tabs",Tablet,30.0,52500.0,168525.0,3.21,0.11,"Strides, Bangalore, India.",Yes,10119,6852.08,173.24,
86159,111-MZ-T30,FPQ-13575,SO-47705,DN-4081,Mozambique,PMO - US,From RDC,N/A - From RDC,Truck,1/17/14,N/A - From RDC,27-Feb-15,3-Mar-15,9-Mar-15,ARV,Adult,SCMS from RDC,"Lamivudine/Zidovudine 150/300mg, tablets, 60 Tabs",Lamivudine/Zidovudine,Generic,150/300mg,Tablet - FDC,60.0,43334.0,291637.82,6.73,0.11,Hetero Unit III Hyderabad IN,No,See DN-4081 (ID#:83872),See DN-4081 (ID#:83872),299.8,,,,,,,,,,,,,,,,,,,,,,,,,,
85012,,FPQ-14766,,,Nigeria,,,,,,N/A - From RDC,,,,,,SCMS from RDC,,Lamivudine/Nevirapine/Zidovudine,Generic,150/300/200mg,,,,,,,,,,,,151-NG-T30,SO-49682,DN-4122,PMO - US,From RDC,N/A - From RDC,Air Charter,8/13/2014,28-Feb-15,5-Feb-15,10-Feb-15,ARV,Adult,"Lamivudine/Nevirapine/Zidovudine 150/200/300mg, tablets, 60 Tabs",Tablet - FDC,60.0,3194.0,24657.68,7.72,0.13,Hetero Unit III Hyderabad IN,Yes,23220,51645.79,25.35,
83828,,,,,"Congo, DRC",,,,,,N/A - From RDC,,,,,,SCMS from RDC,,Lamivudine/Nevirapine/Zidovudine,Generic,30/50/60mg,,,,,,,,,,,,101-CD-T30,SO-48850,DN-3843,PMO - US,From RDC,N/A - From RDC,Air,5/7/2014,13-Aug-14,24-Sep-14,6-Nov-14,ARV,Pediatric,"Lamivudine/Nevirapine/Zidovudine 30/50/60mg, dispersible tablets, 60 Tabs",Chewable/dispersible tablet - FDC,60.0,2825.0,10537.25,3.73,0.06,"Strides, Bangalore, India.",No,See DN-3843 (ID#:82707),See DN-3843 (ID#:82707),10.83,FPQ-14252
28471,,FPQ-10349,,,Nigeria,,,,,,8/13/2012,,,,,,"Orgenics, Ltd",,"HIV 1/2, Determine Complete HIV Kit",Determine,,,,,,,,,,,,,133-NG-T30,SCMS-155320,ASN-16928,PMO - US,Direct Drop,EXW,Air,7/17/2012,6-Nov-12,9-Nov-12,9-Nov-12,HRDT,HIV test,"HIV 1/2, Determine Complete HIV Kit, 100 Tests",Test kit,100.0,2835.0,252315.0,89.0,0.89,"Alere Medical Co., Ltd.",Yes,1352,31284.02,353.75,
12579,104-CI-T01,Pre-PQ Process,SO-27520,DN-1234,Côte d'Ivoire,PMO - US,From RDC,N/A - From RDC,Air,Pre-PQ Process,N/A - From RDC,11-Jun-09,11-Jun-09,11-Jun-09,ARV,Adult,SCMS from RDC,"Lamivudine 150mg, tablets, 60 Tabs",Lamivudine,Generic,150mg,Tablet,60.0,17100.0,41724.0,2.44,0.04,"Aurobindo Unit III, India",No,See DN-1234 (ID#:11970),See DN-1234 (ID#:11970),81.78,,,,,,,,,,,,,,,,,,,,,,,,,,
36277,,,,,Haiti,,,,,,7/30/2010,,,,,,Orasure Technologies Inc.,,"HIV 1/2, OraQuick Advance HIV Rapid Antibody Kit",OraQuick,,,,,,,,,,,,,106-HT-T30,SCMS-80640,ASN-8012,PMO - US,Direct Drop,EXW,Air,7/19/2010,1-Oct-10,1-Oct-10,1-Oct-10,HRDT,HIV test,"HIV 1/2, OraQuick Advance HIV Rapid Antibody Kit, 100 Tests",Test kit,100.0,100.0,35000.0,350.0,3.5,"Orasure Technologies, Inc",Yes,240,4355.7,75.46,FPQ-6086
11740,,Pre-PQ Process,,,Tanzania,,,,,,N/A - From RDC,,,,,,SCMS from RDC,,"HIV 1/2, Capillus HIV Kit",Capillus,,,,,,,,,,,,,109-TZ-T01,SO-757,DN-237,PMO - US,From RDC,N/A - From RDC,,Pre-PQ Process,19-Jul-07,19-Jul-07,19-Jul-07,HRDT,HIV test,"HIV 1/2, Capillus HIV Kit, 100 Tests",Test kit,100.0,300.0,41700.0,139.0,1.39,"Trinity Biotech, Plc",Yes,176,2102,66.72,
84359,,,,,Rwanda,,,,,,N/A - From RDC,,,,,,SCMS from RDC,,Efavirenz/Lamivudine/Tenofovir Disoproxil Fumarate,Generic,600/300/300mg,,,,,,,,,,,,107-RW-T30,SO-46485,DN-3642,PMO - US,From RDC,N/A - From RDC,Truck,8/2/2013,5-May-14,6-Jun-14,20-Jun-14,ARV,Adult,"Efavirenz/Lamivudine/Tenofovir Disoproxil Fumarate 600/300/300mg, tablets, 30 Tabs",Tablet - FDC,30.0,30205.0,325609.9,10.78,0.36,Mylan (formerly Matrix) Nashik,No,See DN-3642 (ID#:82668),See DN-3642 (ID#:82668),402.78,FPQ-12766
4283,106-HT-T01,Pre-PQ Process,SCMS-17670,ASN-1519,Haiti,PMO - US,Direct Drop,FCA,Air,Pre-PQ Process,2/15/08,11-Apr-08,11-Apr-08,11-Apr-08,ARV,Pediatric,ABBVIE LOGISTICS (FORMERLY ABBOTT LOGISTICS BV),"Lopinavir/Ritonavir 100/25mg [Aluvia], tablets, 60 Tabs",Lopinavir/Ritonavir,Generic,100/25mg,Tablet,60.0,180.0,1850.4,10.28,0.17,ABBVIE Ludwigshafen Germany,Yes,31,910.86,2.96,,,,,,,,,,,,,,,,,,,,,,,,,,
84455,,,,,Zimbabwe,,,,,,N/A - From RDC,,,,,,SCMS from RDC,,Efavirenz/Lamivudine/Tenofovir Disoproxil Fumarate,Generic,600/300/300mg,,,,,,,,,,,,102-ZW-T30,SO-50000,DN-4156,PMO - US,From RDC,N/A - From RDC,Truck,10/16/2014,30-Apr-15,17-Mar-15,18-Mar-15,ARV,Adult,"Efavirenz/Lamivudine/Tenofovir Disoproxil Fumarate 600/300/300mg, tablets, 30 Tabs",Tablet - FDC,30.0,94661.0,908745.6,9.6,0.32,Mylan (formerly Matrix) Nashik,No,See DN-4156 (ID#:83893),See DN-4156 (ID#:83893),1069.59,FPQ-15196
69009,,,,,South Africa,,,,,,10/9/2014,,,,,,PHARMACY DIRECT,,Efavirenz,Generic,200mg,,,,,,,,,,,,116-ZA-T30,SCMS-259079,ASN-33852,PMO - US,Direct Drop,DDP,Truck,9/11/2014,24-Aug-15,24-Aug-15,24-Aug-15,ARV,Pediatric,"Efavirenz 200mg, capsule, 90 Caps",Capsule,90.0,41.0,748.24,18.25,0.2,"Aurobindo Unit III, India",No,Weight Captured Separately,Freight Included in Commodity Cost,0.77,FPQ-14942
1618,111-MZ-T01,Pre-PQ Process,SCMS-17800,ASN-1368,Mozambique,PMO - US,Direct Drop,EXW,Air,Pre-PQ Process,2/19/08,27-Mar-08,27-Mar-08,27-Mar-08,HRDT,HIV test,"Trinity Biotech, Plc","HIV 1/2, Uni-Gold HIV Kit, 20 Tests","HIV 1/2, Uni-Gold HIV Kit",Uni-Gold,,Test kit,20.0,9000.0,288000.0,32.0,1.6,"Trinity Biotech, Plc",Yes,9000,55746.59,460.8,,,,,,,,,,,,,,,,,,,,,,,,,,
18373,,FPQ-8428,,,Vietnam,,,,,,10/4/2011,,,,,,Aurobindo Pharma Limited,,Efavirenz,Generic,600mg,,,,,,,,,,,,108-VN-T30,SCMS-123600,ASN-13410,PMO - US,Direct Drop,EXW,Air,9/21/2011,18-Feb-12,18-Feb-12,18-Feb-12,ARV,Adult,"Efavirenz 600mg, tablets, 30 Tabs",Tablet,30.0,3548.0,14369.4,4.05,0.13,"Aurobindo Unit III, India",No,See ASN-13410 (ID#:16901),See ASN-13410 (ID#:16901),23.71,
86543,114-UG-T30,FPQ-11143,SO-43930,DN-2986,Uganda,PMO - US,From RDC,N/A - From RDC,Air,12/13/12,N/A - From RDC,22-Feb-13,25-Feb-13,25-Feb-13,ARV,Adult,SCMS from RDC,"Zidovudine 300mg, tablets, 60 Tabs",Zidovudine,Generic,300mg,Tablet,60.0,2250.0,15210.0,6.76,0.11,"Cipla, Goa, India",No,See DN-2986 (ID#:85927),See DN-2986 (ID#:85927),18.81,,,,,,,,,,,,,,,,,,,,,,,,,,
11023,,Pre-PQ Process,,,Nigeria,,,,,,N/A - From RDC,,,,,,SCMS from RDC,,Emtricitabine/Tenofovir Disoproxil Fumarate,Truvada,300/200mg,,,,,,,,,,,,151-NG-T01,SO-21780,DN-1129,PMO - US,From RDC,N/A - From RDC,Air,Pre-PQ Process,24-Mar-09,24-Mar-09,24-Mar-09,ARV,Adult,"Emtricitabine/Tenofovir Disoproxil Fumarate 200/300mg [Truvada], tablets, 30 Tabs",Tablet - FDC,30.0,2871.0,75363.75,26.25,0.88,"Aspen-OSD, Port Elizabeth, SA",Yes,249,6443.61,147.71,
36350,105-GY-T30,FPQ-6308,SCMS-85581,ASN-8445,Guyana,PMO - US,Direct Drop,EXW,Air,9/13/10,9/17/10,24-Nov-10,24-Nov-10,24-Nov-10,ARV,Adult,Aurobindo Pharma Limited,"Lopinavir/Ritonavir 200/50mg, tablets, 120 Tabs",Lopinavir/Ritonavir,Generic,200/50mg,Tablet,120.0,3796.0,136656.0,36.0,0.3,"Aurobindo Unit III, India",Yes,1028,12609.89,294.63,,,,,,,,,,,,,,,,,,,,,,,,,,
10736,,Pre-PQ Process,,,Nigeria,,,,,,N/A - From RDC,,,,,,SCMS from RDC,,Lamivudine/Zidovudine,Generic,150/300mg,,,,,,,,,,,,112-NG-T01,SO-22530,DN-1081,PMO - US,From RDC,N/A - From RDC,Air,Pre-PQ Process,16-Feb-09,16-Feb-09,16-Feb-09,ARV,Adult,"Lamivudine/Zidovudine 150/300mg, tablets, 60 Tabs",Tablet - FDC,60.0,1116.0,10434.6,9.35,0.16,"Aurobindo Unit III, India",Yes,102,3680.33,20.45,
10906,,,,,Uganda,,,,,,N/A - From RDC,,,,,,SCMS from RDC,,Lamivudine/Nevirapine/Zidovudine,Generic,150/300/200mg,,,,,,,,,,,,114-UG-T01,SO-1085,DN-430,PMO - US,From RDC,N/A - From RDC,Air,Pre-PQ Process,10-Dec-07,10-Dec-07,10-Dec-07,ARV,Adult,"Lamivudine/Nevirapine/Zidovudine 150/200/300mg, tablets, 60 Tabs",Tablet - FDC,60.0,1650.0,22275.0,13.5,0.22,"Aurobindo Unit III, India",Yes,197,1637,35.64,Pre-PQ Process
6397,,,,,South Africa,,,,,,Date Not Captured,,,,,,S. BUYS WHOLESALER,,Stavudine,Zerit,30mg,,,,,,,,,,,,116-ZA-T01,SCMS-40820,ASN-3609,PMO - US,Direct Drop,DDP,Air,Pre-PQ Process,14-Apr-09,4-Dec-08,4-Dec-08,ARV,Adult,"Stavudine 30mg [Zerit], capsules, 60 Caps",Capsule,60.0,10260.0,39193.2,3.82,0.06,"BMS Meymac, France",No,Weight Captured Separately,Freight Included in Commodity Cost,76.82,Pre-PQ Process
29281,127-KE-T30,FPQ-8155,SCMS-119190,ASN-12470,Kenya,PMO - US,Direct Drop,EXW,Air,8/5/11,8/28/11,4-Nov-11,4-Nov-11,4-Nov-11,HRDT,HIV test,"Orgenics, Ltd","HIV 1/2, Determine Complete HIV Kit, 100 Tests","HIV 1/2, Determine Complete HIV Kit",Determine,,Test kit,100.0,8657.0,770473.0,89.0,0.89,"Alere Medical Co., Ltd.",Yes,4203,44128.81,1271.28,,,,,,,,,,,,,,,,,,,,,,,,,,
29979,,,,,Vietnam,,,,,,10/14/2010,,,,,,MYLAN LABORATORIES LTD (FORMERLY MATRIX LABORATORIES),,Abacavir,Generic,300mg,,,,,,,,,,,,108-VN-T30,SCMS-87750,ASN-9090,PMO - US,Direct Drop,EXW,Air,9/30/2010,21-Dec-10,21-Dec-10,21-Dec-10,ARV,Adult,"Abacavir 300mg, tablets, 60 Tabs",Tablet,60.0,270.0,4050.0,15.0,0.25,Mylan (formerly Matrix) Nashik,Yes,358,5294.24,8.73,FPQ-6384
25767,,,,,Malawi,,,,,,3/14/2013,,,,,,"Orgenics, Ltd",,"HIV 1/2, Determine Complete HIV Kit",Determine,,,,,,,,,,,,,102-MW-T30,SCMS-179350,ASN-19144,PMO - US,Direct Drop,EXW,Air,2/22/2013,30-Apr-13,30-Apr-13,30-Apr-13,HRDT,HIV test,"HIV 1/2, Determine Complete HIV Kit, 100 Tests",Test kit,100.0,461.0,36880.0,80.0,0.8,"Alere Medical Co., Ltd.",Yes,207,5248.93,45.62,FPQ-11638
48906,116-ZA-T30,FPQ-14942,SCMS-259076,ASN-32524,South Africa,PMO - US,Direct Drop,DDP,Truck,9/11/14,6/2/15,2-Jun-15,2-Jun-15,2-Jun-15,ARV,Adult,PHARMACY DIRECT,"Emtricitabine/Tenofovir Disoproxil Fumarate 200/300mg, tablets, 30 Tabs",Emtricitabine/Tenofovir Disoproxil Fumarate,Generic,200/300mg,Tablet - FDC,30.0,13.0,283.8,21.83,0.73,"Aurobindo Unit III, India",No,Weight Captured Separately,Freight Included in Commodity Cost,0.29,,,,,,,,,,,,,,,,,,,,,,,,,,
37925,,,,,South Africa,,,,,,3/19/2010,,,,,,Aurobindo Pharma Limited,,Efavirenz,Generic,600mg,,,,,,,,,,,,161-ZA-T30,SCMS-68910,ASN-7468,PMO - US,Direct Drop,DDP,Air,3/18/2010,24-Aug-10,4-Aug-10,4-Aug-10,ARV,Adult,"Efavirenz 600mg, tablets, 30 Tabs",Tablet,30.0,25190.0,117637.3,4.67,0.16,"Aurobindo Unit III, India",Yes,2131,5886.9,253.63,FPQ-5303
11983,,Pre-PQ Process,,,Nigeria,,,,,,N/A - From RDC,,,,,,SCMS from RDC,,Zidovudine,Generic,300mg,,,,,,,,,,,,153-NG-T01,SO-31170,DN-1261,PMO - US,From RDC,N/A - From RDC,Air Charter,Pre-PQ Process,16-Jun-09,16-Jun-09,16-Jun-09,ARV,Adult,"Zidovudine 300mg, tablets, 60 Tabs",Tablet,60.0,306.0,2359.26,7.71,0.13,"Aurobindo Unit III, India",No,See DN-1261 (ID#:11647),See DN-1261 (ID#:11647),4.62,
83995,,,,,Rwanda,,,,,,N/A - From RDC,,,,,,SCMS from RDC,,Lamivudine/Nevirapine/Zidovudine,Generic,150/300/200mg,,,,,,,,,,,,107-RW-T30,SO-36390,DN-1773,PMO - US,From RDC,N/A - From RDC,Air,3/23/2010,15-Jun-10,19-Apr-10,19-Apr-10,ARV,Adult,"Lamivudine/Nevirapine/Zidovudine 150/200/300mg, tablets, 60 Tabs",Tablet - FDC,60.0,25000.0,280500.0,11.22,0.19,"Aurobindo Unit III, India",Yes,2930,42573.95,604.76,FPQ-5393
82669,111-MZ-T30,FPQ-13165,SO-47591,DN-3651,Mozambique,PMO - US,From RDC,N/A - From RDC,Truck,10/21/13,N/A - From RDC,4-Jul-14,3-Jun-14,19-Jun-14,ARV,Adult,SCMS from RDC,"Lamivudine 150mg, tablets, 60 Tabs",Lamivudine,Generic,150mg,Tablet,60.0,440.0,765.6,1.74,0.03,"Micro labs, Verna, Goa, India",Yes,27,800,0.79,,,,,,,,,,,,,,,,,,,,,,,,,,
56016,,FPQ-15569,,,South Sudan,,,,,,2/20/2015,,,,,,"Orgenics, Ltd",,"HIV, Capillary Tubes, for Determine, EDTA, 50uL,100 Pcs",Determine,,,,,,,,,,,,,105-SS-T30,SCMS-272160,ASN-31321,PMO - US,Direct Drop,EXW,Air,12/29/2014,3-Jun-15,3-Jun-15,5-Jun-15,HRDT,HIV test - Ancillary,"Capillary Tubes, for Determine, EDTA, 50uL,100 Pcs",Test kit - Ancillary,100.0,45.0,360.0,8.0,0.08,"Alere Medical Co., Ltd.",No,See ASN-31321 (ID#:30363),See ASN-31321 (ID#:30363),0.42,
6768,102-GY-T01,Pre-PQ Process,SCMS-12680,ASN-968,Guyana,PMO - US,Direct Drop,CIF,,Pre-PQ Process,10/2/07,7-Nov-07,7-Nov-07,7-Nov-07,MRDT,Malaria,ZEPHYR BIOMEDICALS,"Malaria Paramax-3 Kit, 25 Tests",Malaria Paramax-3 Kit,Paramax,,Test kit,25.0,390.0,14625.0,37.5,1.5,Not Applicable,Yes,145,186.25,23.4,,,,,,,,,,,,,,,,,,,,,,,,,,
84202,,,,,Zimbabwe,,,,,,N/A - From RDC,,,,,,SCMS from RDC,,Lamivudine/Stavudine,Generic,30/6mg,,,,,,,,,,,,103-ZW-T30,SO-42190,DN-2920,PMO - US,From RDC,N/A - From RDC,Truck,5/15/2012,14-Dec-12,13-Dec-12,13-Dec-12,ARV,Pediatric,"Lamivudine/Stavudine 30/6mg, dispersible tablets, 60 Tabs",Chewable/dispersible tablet - FDC,60.0,19425.0,36907.5,1.9,0.03,"Cipla, Goa, India",Yes,1043,8043.57,51.74,FPQ-9907
11247,102-KE-T01,Pre-PQ Process,SO-1975,DN-675,Kenya,PMO - US,From RDC,N/A - From RDC,Truck,Pre-PQ Process,N/A - From RDC,5-Mar-08,5-Mar-08,5-Mar-08,HRDT,HIV test,SCMS from RDC,"HIV 1/2, Determine HIV Kit, without Lancets, 100 Tests","HIV 1/2, Determine HIV Kit, without Lancets",Determine,,Test kit,100.0,1550.0,123984.5,79.99,0.8,Inverness Japan,Yes,Weight Captured Separately,Invoiced Separately,198.38,,,,,,,,,,,,,,,,,,,,,,,,,,
86301,151-NG-T30,FPQ-4537,SO-36009,DN-1808,Nigeria,PMO - US,From RDC,N/A - From RDC,Air Charter,11/6/09,N/A - From RDC,31-May-10,18-May-10,18-May-10,ARV,Adult,SCMS from RDC,"Emtricitabine/Tenofovir Disoproxil Fumarate 200/300mg, tablets, 30 Tabs",Emtricitabine/Tenofovir Disoproxil Fumarate,Generic,200/300mg,Tablet - FDC,30.0,109140.0,1282395.0,11.75,0.39,Mylan (formerly Matrix) Nashik,Yes,8735,9736.1,2764.84,,,,,,,,,,,,,,,,,,,,,,,,,,
85350,114-UG-T30,FPQ-11902,SO-44790,DN-3105,Uganda,PMO - US,From RDC,N/A - From RDC,Truck,3/16/13,N/A - From RDC,16-Apr-13,25-Apr-13,25-Apr-13,ARV,Pediatric,SCMS from RDC,"Nevirapine 10mg/ml, oral suspension w/syringe, Bottle, 240 ml",Nevirapine,Generic,10mg/ml,Oral suspension,240.0,36229.0,70646.55,1.95,0.01,"Aurobindo Unit III, India",Yes,13310,12203.29,87.39,,,,,,,,,,,,,,,,,,,,,,,,,,
23404,,,,,South Sudan,,,,,,2/20/2015,,,,,,"Orgenics, Ltd",,"Chase Buffer, Determine, 100 Tests, 2.5ml x 1 Vial",Determine,,,,,,,,,,,,,105-SS-T30,SCMS-272160,ASN-31323,PMO - US,Direct Drop,EXW,Air,12/29/2014,3-Jun-15,3-Jun-15,5-Jun-15,HRDT,HIV test - Ancillary,"Chase Buffer, Determine, 100 Tests, 2.5ml x 1 Vial",Test kit - Ancillary,1.0,20.0,100.0,5.0,5.0,"Alere Medical Co., Ltd.",No,See ASN-31323 (ID#:14240),See ASN-31323 (ID#:14240),0.12,FPQ-15569
12147,100-ZW-T01,Pre-PQ Process,SO-710,DN-488,Zimbabwe,PMO - US,From RDC,N/A - From RDC,Air,Pre-PQ Process,N/A - From RDC,14-Jan-08,14-Jan-08,14-Jan-08,ARV,Adult,SCMS from RDC,"Efavirenz 600mg, tablets, 30 Tabs",Efavirenz,Generic,600mg,Tablet,30.0,1860.0,23101.2,12.42,0.41,"Cipla, Goa, India",No,See DN-488 (ID#:10652),See DN-488 (ID#:10652),36.96,,,,,,,,,,,,,,,,,,,,,,,,,,
86367,,FPQ-5925,,,Côte d'Ivoire,,,,,,N/A - From RDC,,,,,,SCMS from RDC,,Nevirapine,Generic,10mg/ml,,,,,,,,,,,,104-CI-T30,SO-38090,DN-2105,PMO - US,From RDC,N/A - From RDC,Air,6/23/2010,16-Feb-11,22-Feb-11,22-Feb-11,ARV,Pediatric,"Nevirapine 10mg/ml, oral suspension w/syringe, Bottle, 240 ml",Oral suspension,240.0,2084.0,4063.8,1.95,0.01,"Aurobindo Unit III, India",Yes,794,8758.36,8.76,
58252,105-SS-T30,FPQ-9807,SCMS-147640,ASN-15985,South Sudan,PMO - US,Direct Drop,EXW,Air,5/18/12,6/20/12,20-Sep-12,20-Sep-12,20-Sep-12,HRDT,HIV test - Ancillary,"Orgenics, Ltd","Capillary Tubes, for Determine, EDTA, 50uL,100 Pcs","HIV, Capillary Tubes, for Determine, EDTA, 50uL,100 Pcs",Determine,,Test kit - Ancillary,100.0,326.0,2608.0,8.0,0.08,"Alere Medical Co., Ltd.",No,See ASN-15985 (ID#:30320),See ASN-15985 (ID#:30320),3.66,,,,,,,,,,,,,,,,,,,,,,,,,,
11908,,Pre-PQ Process,,,Haiti,,,,,,N/A - From RDC,,,,,,SCMS from RDC,,Zidovudine,Generic,10mg/ml,,,,,,,,,,,,106-HT-T01,SO-12150,DN-859,PMO - US,From RDC,N/A - From RDC,Air,Pre-PQ Process,7-Aug-08,7-Aug-08,7-Aug-08,ARV,Pediatric,"Zidovudine 10mg/ml, oral solution, Bottle, 240 ml",Oral solution,240.0,1760.0,3696.0,2.1,0.01,"Aurobindo Unit III, India",No,See DN-859 (ID#:11907),See DN-859 (ID#:11907),5.91,
82470,,FPQ-8952,,,Nigeria,,,,,,N/A - From RDC,,,,,,SCMS from RDC,,Lamivudine/Zidovudine,Generic,150/300mg,,,,,,,,,,,,151-NG-T30,SO-41920,DN-2645,PMO - US,From RDC,N/A - From RDC,Air Charter,12/8/2011,20-Jun-12,30-Apr-12,30-Apr-12,ARV,Adult,"Lamivudine/Zidovudine 150/300mg, tablets, 60 Tabs",Tablet - FDC,60.0,29980.0,233244.4,7.78,0.13,Mylan (formerly Matrix) Nashik,Yes,2721,27441.22,327.01,
83455,,,,,Nigeria,,,,,,N/A - From RDC,,,,,,SCMS from RDC,,Emtricitabine/Tenofovir Disoproxil Fumarate,Generic,200/300mg,,,,,,,,,,,,151-NG-T30,SO-36915,DN-1973,PMO - US,From RDC,N/A - From RDC,Air Charter,5/27/2010,31-Aug-10,17-Aug-10,17-Aug-10,ARV,Adult,"Emtricitabine/Tenofovir Disoproxil Fumarate 200/300mg, tablets, 30 Tabs",Tablet - FDC,30.0,1328.0,15604.0,11.75,0.39,Mylan (formerly Matrix) Nashik,Yes,122,6147.18,33.64,FPQ-5688
82448,110-ZM-T30,FPQ-8759,SO-41121,DN-2532,Zambia,PMO - US,From RDC,N/A - From RDC,Truck,11/6/11,N/A - From RDC,27-Apr-12,17-Feb-12,17-Feb-12,ARV,Adult,SCMS from RDC,"Abacavir 300mg, tablets, 60 Tabs",Abacavir,Generic,300mg,Tablet,60.0,7548.0,110427.24,14.63,0.24,Mylan (formerly Matrix) Nashik,Yes,13472,11292.05,154.82,,,,,,,,,,,,,,,,,,,,,,,,,,
85958,111-MZ-T30,FPQ-11882,SO-44830,DN-3110,Mozambique,PMO - US,From RDC,N/A - From RDC,Truck,3/19/13,N/A - From RDC,6-Jun-13,20-Jun-13,20-Jun-13,ARV,Adult,SCMS from RDC,"Zidovudine 300mg, tablets, 60 Tabs",Zidovudine,Generic,300mg,Tablet,60.0,2151.0,14067.54,6.54,0.11,"Aurobindo Unit III, India",No,See DN-3110 (ID#:84809),See DN-3110 (ID#:84809),17.4,,,,,,,,,,,,,,,,,,,,,,,,,,
78362,,,,,"Congo, DRC",,,,,,1/3/2013,,,,,,ABBVIE LOGISTICS (FORMERLY ABBOTT LOGISTICS BV),,Lopinavir/Ritonavir,Generic,100/25mg,,,,,,,,,,,,101-CD-T30,SCMS-170610,ASN-18066,PMO - US,Direct Drop,FCA,Air,12/7/2012,15-Mar-13,15-Mar-13,15-Mar-13,ARV,Pediatric,"Lopinavir/Ritonavir 100/25mg [Aluvia], tablets, 60 Tabs",Tablet,60.0,60.0,356.4,5.94,0.1,ABBVIE Ludwigshafen Germany,Yes,13,707.19,0.44,FPQ-11103
71096,,FPQ-6262,,,South Africa,,,,,,9/24/2010,,,,,,Aurobindo Pharma Limited,,Lamivudine,Generic,150mg,,,,,,,,,,,,161-ZA-T30,SCMS-83770,ASN-10570,PMO - US,Direct Drop,DDP,Ocean,8/31/2010,26-Apr-11,8-Jun-11,8-Jun-11,ARV,Adult,"Lamivudine 150mg, tablets, 60 Tabs",Tablet,60.0,25342.0,60060.54,2.37,0.04,"Aurobindo Unit III, India",Yes,1279,11372.22,129.49,
4460,108-VN-T01,Pre-PQ Process,SCMS-23450,ASN-2336,Vietnam,PMO - US,Direct Drop,EXW,Air,Pre-PQ Process,5/14/08,19-Sep-08,19-Sep-08,19-Sep-08,ARV,Adult,MYLAN LABORATORIES LTD (FORMERLY MATRIX LABORATORIES),"Efavirenz 600mg, tablets, 30 Tabs",Efavirenz,Generic,600mg,Tablet,30.0,10080.0,103219.2,10.24,0.34,Mylan (formerly Matrix) Nashik,No,See ASN-2336 (ID#:530),See ASN-2336 (ID#:530),165.15,,,,,,,,,,,,,,,,,,,,,,,,,,
11086,,,,,Côte d'Ivoire,,,,,,N/A - From RDC,,,,,,SCMS from RDC,,Efavirenz,Generic,600mg,,,,,,,,,,,,100-CI-T01,SO-283,DN-16,PMO - US,From RDC,N/A - From RDC,,Pre-PQ Process,22-Feb-07,22-Feb-07,22-Feb-07,ARV,Adult,"Efavirenz 600mg, tablets, 30 Tabs",Tablet,30.0,4350.0,70687.5,16.25,0.54,"Aurobindo Unit III, India",No,See DN-16 (ID#:10540),See DN-16 (ID#:10540),,Pre-PQ Process
59151,,FPQ-6262,,,South Africa,,,,,,9/21/2010,,,,,,STRIDES ARCOLAB LIMITED,,Lamivudine,Generic,150mg,,,,,,,,,,,,161-ZA-T30,SCMS-84250,ASN-9051,PMO - US,Direct Drop,DDP,Ocean,8/31/2010,15-Dec-10,15-Dec-10,15-Dec-10,ARV,Adult,"Lamivudine 150mg, tablets, 60 Tabs",Tablet,60.0,131138.0,323910.86,2.47,0.04,"Strides, Bangalore, India.",Yes,6360,12225.76,698.35,
44808,109-TZ-T30,FPQ-9622,SCMS-143750,ASN-15399,Tanzania,PMO - US,Direct Drop,EXW,Air,4/3/12,4/23/12,25-Jul-12,25-Jul-12,25-Jul-12,HRDT,HIV test,"Orgenics, Ltd","HIV 1/2, Determine Complete HIV Kit, 100 Tests","HIV 1/2, Determine Complete HIV Kit",Determine,,Test kit,100.0,1387.0,110960.0,80.0,0.8,"Alere Medical Co., Ltd.",Yes,662,12035.47,155.57,,,,,,,,,,,,,,,,,,,,,,,,,,
43250,105-SS-T30,FPQ-12623,SCMS-200920,ASN-21751,South Sudan,PMO - US,Direct Drop,EXW,Air,7/18/13,8/6/13,18-Oct-13,18-Oct-13,18-Oct-13,HRDT,HIV test,"Trinity Biotech, Plc","HIV 1/2, Uni-Gold HIV Kit, 20 Tests","HIV 1/2, Uni-Gold HIV Kit",Uni-Gold,,Test kit,20.0,25.0,800.0,32.0,1.6,"Trinity Biotech, Plc",No,See ASN-21751 (ID#:13968),See ASN-21751 (ID#:13968),0.99,,,,,,,,,,,,,,,,,,,,,,,,,,
76144,111-MZ-T30,FPQ-15324,SCMS-264780,ASN-30261,Mozambique,PMO - US,Direct Drop,EXW,Air,11/12/14,11/19/14,10-Feb-15,10-Feb-15,18-Feb-15,HRDT,HIV test,"Orgenics, Ltd","HIV 1/2, Determine Kit without Lancets, Buffer or Caplillary Tubes, 100 Tests","HIV 1/2, Determine Kit without Lancets, Buffer or Capillary Tubes, 100 Tests",Determine,,Test kit,100.0,18.0,1298.7,72.15,0.72,"Alere Medical Co., Ltd.",No,See ASN-30261 (ID#:19627),See ASN-30261 (ID#:19627),1.53,,,,,,,,,,,,,,,,,,,,,,,,,,
85084,106-HT-T30,FPQ-4384,SO-34680,DN-1627,Haiti,PMO - US,From RDC,N/A - From RDC,Air,10/23/09,N/A - From RDC,5-Mar-10,3-Mar-10,3-Mar-10,ARV,Adult,SCMS from RDC,"Efavirenz 600mg, tablets, 30 Tabs",Efavirenz,Generic,600mg,Tablet,30.0,26712.0,154395.36,5.78,0.19,"Aurobindo Unit III, India",Yes,2342,12016.69,332.88,,,,,,,,,,,,,,,,,,,,,,,,,,
86621,,,,,Zambia,,,,,,N/A - From RDC,,,,,,SCMS from RDC,,Emtricitabine/Tenofovir Disoproxil Fumarate,Generic,200/300mg,,,,,,,,,,,,100-ZM-T30,SO-45910,DN-3395,PMO - US,From RDC,N/A - From RDC,Air,6/20/2013,29-Nov-13,9-Nov-13,20-Jan-14,ARV,Adult,"Emtricitabine/Tenofovir Disoproxil Fumarate 200/300mg, tablets, 30 Tabs",Tablet - FDC,30.0,31760.0,192783.2,6.07,0.2,"Aurobindo Unit III, India",Yes,2875,14275.5,238.47,FPQ-12497
85968,151-NG-T30,FPQ-11022,SO-43848,DN-3162,Nigeria,PMO - US,From RDC,N/A - From RDC,Air Charter,11/15/12,N/A - From RDC,21-May-13,3-May-13,3-May-13,ARV,Adult,SCMS from RDC,"Nevirapine 200mg, tablets, 60 Tabs",Nevirapine,Generic,200mg,Tablet,60.0,95000.0,214700.0,2.26,0.04,Hetero Unit III Hyderabad IN,Yes,6528,14547.55,265.58,,,,,,,,,,,,,,,,,,,,,,,,,,
82943,,FPQ-7304,,,Rwanda,,,,,,N/A - From RDC,,,,,,SCMS from RDC,,Abacavir,Generic,20mg/ml,,,,,,,,,,,,107-RW-T30,SO-38930,DN-2141,PMO - US,From RDC,N/A - From RDC,Air,2/28/2011,18-Mar-11,13-Mar-11,13-Mar-11,ARV,Pediatric,"Abacavir 20mg/ml, oral solution w/syringe, Bottle, 240 ml",Oral solution,240.0,1965.0,26920.5,13.7,0.06,"Aurobindo Unit III, India",Yes,724,4520.04,44.42,
78311,,,,,Rwanda,,,,,,7/16/2012,,,,,,HETERO LABS LIMITED,,Lamivudine/Nevirapine/Stavudine,Generic,150/200/30mg,,,,,,,,,,,,107-RW-T30,SCMS-152950,ASN-16590,PMO - US,Direct Drop,EXW,Air,7/5/2012,22-Oct-12,22-Oct-12,22-Oct-12,ARV,Adult,"Lamivudine/Nevirapine/Stavudine 150/200/30mg, tablets, 60 Tabs",Tablet - FDC,60.0,40000.0,175600.0,4.39,0.07,Hetero Unit III Hyderabad IN,Yes,4479,36677.08,246.19,FPQ-10223
84512,,,,,Uganda,,,,,,N/A - From RDC,,,,,,SCMS from RDC,,Nevirapine,Generic,200mg,,,,,,,,,,,,114-UG-T30,SO-34280,DN-1540,PMO - US,From RDC,N/A - From RDC,Air,9/25/2009,7-Dec-09,2-Dec-09,2-Dec-09,ARV,Adult,"Nevirapine 200mg, tablets, 60 Tabs",Tablet,60.0,1300.0,3770.0,2.9,0.05,"Aurobindo Unit III, India",Yes,125,2697.65,7.39,FPQ-4454
56167,,FPQ-5535,,,South Africa,,,,,,4/21/2010,,,,,,S. BUYS WHOLESALER,,Abacavir,Ziagen,300mg,,,,,,,,,,,,116-ZA-T30,SCMS-71370,ASN-7373,PMO - US,Direct Drop,DDP,Truck,4/19/2010,31-May-10,31-May-10,31-May-10,ARV,Adult,"Abacavir 300mg [Ziagen], tablets, Blister 6 x 10 Tabs",Tablet - blister,60.0,100.0,3988.5,39.88,0.66,GSK Ware (UK),No,Weight Captured Separately,Freight Included in Commodity Cost,8.6,
39920,,,,,Rwanda,,,,,,10/6/2010,,,,,,"Standard Diagnostics, Inc.",,"HIV 1/2, Bioline 3.0 Kit (no accessories)",Bioline,,,,,,,,,,,,,107-RW-T30,SCMS-87190,ASN-9870,PMO - US,Direct Drop,EXW,Air,9/21/2010,14-Apr-11,14-Apr-11,14-Apr-11,HRDT,HIV test,"HIV 1/2, Bioline 3.0 Kit, (no accessories), 30 Tests",Test kit,30.0,1600.0,38400.0,24.0,0.8,"Standard Diagnostics, Korea",Yes,571,5161.55,82.79,FPQ-6413
4456,,Pre-PQ Process,,,Vietnam,,,,,,5/14/2008,,,,,,CIPLA LIMITED,,Lamivudine/Nevirapine/Stavudine,Generic,150/200/30mg,,,,,,,,,,,,108-VN-T01,SCMS-23310,ASN-2486,PMO - US,Direct Drop,EXW,Air,Pre-PQ Process,11-Oct-08,11-Oct-08,11-Oct-08,ARV,Adult,"Lamivudine/Nevirapine/Stavudine 150/200/30mg, tablets, 60 Tabs",Tablet - FDC,60.0,15360.0,113664.0,7.4,0.12,"Cipla, Goa, India",Yes,1360,5412.14,181.86,
30717,,FPQ-14942,,,South Africa,,,,,,10/9/2014,,,,,,PHARMACY DIRECT,,Emtricitabine/Tenofovir Disoproxil Fumarate,Generic,200/300mg,,,,,,,,,,,,116-ZA-T30,SCMS-259077,ASN-33477,PMO - US,Direct Drop,DDP,Truck,9/11/2014,24-Jul-15,24-Jul-15,24-Jul-15,ARV,Adult,"Emtricitabine/Tenofovir Disoproxil Fumarate 200/300mg, tablets, 30 Tabs",Tablet - FDC,30.0,12.0,261.97,21.83,0.73,"Aurobindo Unit III, India",No,Weight Captured Separately,Freight Included in Commodity Cost,0.27,
10788,110-ZM-T01,Pre-PQ Process,SO-32550,DN-1382,Zambia,PMO - US,From RDC,N/A - From RDC,Truck,Date Not Captured,N/A - From RDC,17-Aug-09,17-Aug-09,17-Aug-09,ARV,Adult,SCMS from RDC,"Lamivudine/Zidovudine 150/300mg, tablets, 60 Tabs",Lamivudine/Zidovudine,Generic,150/300mg,Tablet - FDC,60.0,108000.0,946080.0,8.76,0.15,"Aurobindo Unit III, India",Yes,10865,13518.56,1854.32,,,,,,,,,,,,,,,,,,,,,,,,,,
1724,,Pre-PQ Process,,,South Africa,,,,,,4/4/2008,,,,,,S. BUYS WHOLESALER,,Didanosine EC,Videx EC,250mg,,,,,,,,,,,,116-ZA-T01,SCMS-21460,ASN-1667,PMO - US,Direct Drop,DDP,,Pre-PQ Process,25-Apr-08,7-Apr-08,7-Apr-08,ARV,Adult,"Didanosine EC 250mg [Videx EC], delayed-release capsules, Blister 3 x 10 Caps",Delayed-release capsules - blister,30.0,100.0,1849.0,18.49,0.62,"BMS Meymac, France",No,Weight Captured Separately,Freight Included in Commodity Cost,2.96,
12654,,,,,Tanzania,,,,,,N/A - From RDC,,,,,,SCMS from RDC,,"HIV 1/2, Bioline 3.0 Kit, Lancets, Capillary pipets, Alcohol swabs included",Bioline,,,,,,,,,,,,,109-TZ-T01,SO-306,DN-144,PMO - US,From RDC,N/A - From RDC,Air,Pre-PQ Process,6-Jul-07,6-Jul-07,6-Jul-07,HRDT,HIV test,"HIV 1/2, Bioline 3.0 Kit, Lancets, Capillary pipets, Alcohol swabs included, 25 Tests",Test kit,25.0,1539.0,30780.0,20.0,0.8,"Standard Diagnostics, Korea",No,See DN-144 (ID#:12058),See DN-144 (ID#:12058),,Pre-PQ Process
31561,,FPQ-12522,,,South Africa,,,,,,8/29/2014,,,,,,S. BUYS WHOLESALER,,Zidovudine,Generic,300mg,,,,,,,,,,,,116-ZA-T30,SCMS-199289,ASN-28033,PMO - US,Direct Drop,DDP,Truck,7/11/2013,29-Aug-14,29-Aug-14,29-Aug-14,ARV,Adult,"Zidovudine 300mg, tablets, 60 Tabs",Tablet,60.0,19.0,515.11,27.11,0.45,Mylan (formerly Matrix) Nashik,Yes,Weight Captured Separately,Freight Included in Commodity Cost,0.64,
10675,,Pre-PQ Process,,,Pakistan,,,,,,N/A - From RDC,,,,,,SCMS from RDC,,"HIV 1/2, Determine HIV Kit, without Lancets",Determine,,,,,,,,,,,,,100-PK-T01,SO-2496,DN-732,PMO - US,From RDC,N/A - From RDC,Air,Pre-PQ Process,19-May-08,19-May-08,19-May-08,HRDT,HIV test,"HIV 1/2, Determine HIV Kit, without Lancets, 100 Tests",Test kit,100.0,20.0,1439.8,71.99,0.72,Inverness Japan,Yes,Weight Captured Separately,Invoiced Separately,2.3,
83444,,FPQ-5238,,,Uganda,,,,,,N/A - From RDC,,,,,,SCMS from RDC,,Lamivudine/Nevirapine/Zidovudine,Generic,150/300/200mg,,,,,,,,,,,,114-UG-T30,SO-36070,DN-1949,PMO - US,From RDC,N/A - From RDC,Air,3/2/2010,4-Aug-10,2-Aug-10,2-Aug-10,ARV,Adult,"Lamivudine/Nevirapine/Zidovudine 150/200/300mg, tablets, 60 Tabs",Tablet - FDC,60.0,8000.0,89760.0,11.22,0.19,Mylan (formerly Matrix) Nashik,Yes,1642,15347.04,193.52,
12904,106-HT-T01,Pre-PQ Process,SO-32730,DN-1374,Haiti,PMO - US,From RDC,N/A - From RDC,Air,Date Not Captured,N/A - From RDC,31-Jul-09,31-Jul-09,31-Jul-09,ARV,Adult,SCMS from RDC,"Stavudine 20mg, capsules, 60 Caps",Stavudine,Generic,20mg,Capsule,60.0,108.0,189.0,1.75,0.03,"Aurobindo Unit III, India",No,See DN-1374 (ID#:11999),See DN-1374 (ID#:11999),0.37,,,,,,,,,,,,,,,,,,,,,,,,,,
31662,,,,,South Africa,,,,,,1/26/2015,,,,,,PHARMACY DIRECT,,Efavirenz,Generic,200mg,,,,,,,,,,,,116-ZA-T30,SCMS-259072,ASN-30377,PMO - US,Direct Drop,DDP,Truck,9/11/2014,26-Jan-15,26-Jan-15,26-Jan-15,ARV,Pediatric,"Efavirenz 200mg, capsule, 90 Caps",Capsule,90.0,21.0,357.92,17.04,0.19,"Aurobindo Unit III, India",No,Weight Captured Separately,Freight Included in Commodity Cost,0.37,FPQ-14942
3736,,Pre-PQ Process,,,South Africa,,,,,,Date Not Captured,,,,,,S. BUYS WHOLESALER,,Stavudine,Generic,30mg,,,,,,,,,,,,116-ZA-T01,SCMS-40780,ASN-3607,PMO - US,Direct Drop,DDP,Air,Pre-PQ Process,17-Mar-09,28-Nov-08,28-Nov-08,ARV,Adult,"Stavudine 30mg, capsules, 60 Caps",Capsule,60.0,3675.0,9371.25,2.55,0.04,"Aurobindo Unit III, India",No,Weight Captured Separately,Freight Included in Commodity Cost,18.37,
11909,126-NG-T01,Pre-PQ Process,SO-10770,DN-870,Nigeria,PMO - US,From RDC,N/A - From RDC,Air,Pre-PQ Process,N/A - From RDC,18-Aug-08,18-Aug-08,18-Aug-08,ARV,Adult,SCMS from RDC,"Stavudine 30mg, capsules, 60 Caps",Stavudine,Generic,30mg,Capsule,60.0,13380.0,20739.0,1.55,0.03,"Aurobindo Unit III, India",Yes,925,9185.15,33.18,,,,,,,,,,,,,,,,,,,,,,,,,,
10905,100-ZW-T01,Pre-PQ Process,SO-1207,DN-424,Zimbabwe,PMO - US,From RDC,N/A - From RDC,Air,Pre-PQ Process,N/A - From RDC,16-Nov-07,16-Nov-07,16-Nov-07,ARV,Adult,SCMS from RDC,"Lamivudine/Stavudine 150/30mg, tablets, 30 Tabs",Lamivudine/Stavudine,Generic,150/30mg,Tablet - FDC,30.0,1.0,2.0,2.0,0.07,"Cipla, Goa, India",Yes,63,598.08,0.0,,,,,,,,,,,,,,,,,,,,,,,,,,
32059,,,,,"Congo, DRC",,,,,,5/20/2014,,,,,,"Trinity Biotech, Plc",,"HIV 1/2, Uni-Gold HIV Kit",Uni-Gold,,,,,,,,,,,,,101-CD-T30,SCMS-239410,ASN-26738,PMO - US,Direct Drop,EXW,Air,4/23/2014,5-Sep-14,5-Sep-14,16-Sep-14,HRDT,HIV test,"HIV 1/2, Uni-Gold HIV Kit, 20 Tests",Test kit,20.0,30.0,960.0,32.0,1.6,"Trinity Biotech, Plc",No,See ASN-26738 (ID#:15115),See ASN-26738 (ID#:15115),0.99,FPQ-14100
83782,,,,,Mozambique,,,,,,N/A - From RDC,,,,,,SCMS from RDC,,Abacavir,Generic,300mg,,,,,,,,,,,,111-MZ-T30,SO-47084,DN-3627,PMO - US,From RDC,N/A - From RDC,Truck,10/21/2013,3-Jun-14,3-Jun-14,11-Jun-14,ARV,Adult,"Abacavir 300mg, tablets, 60 Tabs",Tablet,60.0,3386.0,38024.78,11.23,0.19,Mylan (formerly Matrix) Nashik,Yes,15942,4768.06,39.09,FPQ-13123
86481,104-CI-T30,FPQ-8787,SO-41170,DN-2689,Côte d'Ivoire,PMO - US,From RDC,N/A - From RDC,Air,11/11/11,N/A - From RDC,21-Jun-12,15-Jun-12,15-Jun-12,ARV,Adult,SCMS from RDC,"Lamivudine/Nevirapine/Zidovudine 150/200/300mg, tablets, 60 Tabs",Lamivudine/Nevirapine/Zidovudine,Generic,150/300/200mg,Tablet - FDC,60.0,100000.0,1029000.0,10.29,0.17,Mylan (formerly Matrix) Nashik,Yes,13055,23994.1,1442.66,,,,,,,,,,,,,,,,,,,,,,,,,,
43600,108-VN-T30,FPQ-13034,SCMS-210150,ASN-24398,Vietnam,PMO - US,Direct Drop,EXW,Air,10/4/13,10/10/13,23-Apr-14,23-Apr-14,23-Apr-14,ARV,Adult,HETERO LABS LIMITED,"Tenofovir Disoproxil Fumarate 300mg, tablets, 30 Tabs",Tenofovir Disoproxil Fumarate,Generic,300mg,Tablet,30.0,12317.0,43725.35,3.55,0.12,Hetero Unit III Hyderabad IN,No,See ASN-24398 (ID#:18664),See ASN-24398 (ID#:18664),54.09,,,,,,,,,,,,,,,,,,,,,,,,,,
83237,,FPQ-13142,,,Côte d'Ivoire,,,,,,N/A - From RDC,,,,,,SCMS from RDC,,Lamivudine/Nevirapine/Zidovudine,Generic,150/300/200mg,,,,,,,,,,,,104-CI-T30,SO-47130,DN-3655,PMO - US,From RDC,N/A - From RDC,Truck,10/22/2013,21-Apr-14,1-May-14,11-Jun-14,ARV,Adult,"Lamivudine/Nevirapine/Zidovudine 150/200/300mg, tablets, 60 Tabs",Tablet - FDC,60.0,100000.0,811000.0,8.11,0.14,"Strides, Bangalore, India.",Yes,12199,46520.17,833.71,
85444,,,,,Côte d'Ivoire,,,,,,N/A - From RDC,,,,,,SCMS from RDC,,Efavirenz,Generic,600mg,,,,,,,,,,,,104-CI-T30,SO-43341,DN-3569,PMO - US,From RDC,N/A - From RDC,Truck,9/11/2012,31-Mar-14,26-Mar-14,28-Apr-14,ARV,Adult,"Efavirenz 600mg, tablets, 30 Tabs",Tablet,30.0,72300.0,240759.0,3.33,0.11,"Strides, Bangalore, India.",Yes,4392,18607.76,337.54,FPQ-10633
85815,,,,,"Congo, DRC",,,,,,N/A - From RDC,,,,,,SCMS from RDC,,Lopinavir/Ritonavir,Generic,200/50mg,,,,,,,,,,,,101-CD-T30,SO-41131,DN-2493,PMO - US,From RDC,N/A - From RDC,Air,11/21/2011,16-Mar-12,14-Feb-12,14-Feb-12,ARV,Adult,"Lopinavir/Ritonavir 200/50mg, tablets, 120 Tabs",Tablet,120.0,23.0,776.02,33.74,0.28,"Aurobindo Unit III, India",No,See DN-2493 (ID#:82432),See DN-2493 (ID#:82432),1.09,FPQ-8840
11558,,Pre-PQ Process,,,Tanzania,,,,,,N/A - From RDC,,,,,,SCMS from RDC,,Lamivudine,Generic,150mg,,,,,,,,,,,,109-TZ-T01,SO-2721,DN-766,PMO - US,From RDC,N/A - From RDC,Air,Pre-PQ Process,10-Jul-08,10-Jul-08,10-Jul-08,ARV,Adult,"Lamivudine 150mg, tablets, 60 Tabs",Tablet,60.0,11352.0,33034.32,2.91,0.05,"Aurobindo Unit III, India",Yes,572,4152.56,52.85,
52280,,FPQ-4250,,,Kenya,,,,,,10/22/2009,,,,,,"Trinity Biotech, Plc",,"HIV 1/2, Uni-Gold HIV Kit",Uni-Gold,,,,,,,,,,,,,102-KE-T30,SCMS-55901,ASN-5639,PMO - US,Direct Drop,EXW,Air,9/16/2009,11-Jan-10,11-Jan-10,11-Jan-10,HRDT,HIV test,"HIV 1/2, Uni-Gold HIV Kit, 20 Tests",Test kit,20.0,1000.0,32000.0,32.0,1.6,"Trinity Biotech, Plc",Yes,347,4259.57,62.72,
70516,,,,,Nigeria,,,,,,10/29/2014,,,,,,"Orgenics, Ltd",,"HIV 1/2, Determine Complete HIV Kit",Determine,,,,,,,,,,,,,133-NG-T30,SCMS-260700,ASN-29933,PMO - US,Direct Drop,EXW,Air,9/22/2014,19-Jan-15,19-Jan-15,22-Jan-15,HRDT,HIV test,"HIV 1/2, Determine Complete HIV Kit, 100 Tests",Test kit,100.0,3176.0,282664.0,89.0,0.89,"Alere Medical Co., Ltd.",Yes,1288,16002.97,290.58,FPQ-14995
11863,131-NG-T01,Pre-PQ Process,SO-2579,DN-740,Nigeria,PMO - US,From RDC,N/A - From RDC,Air,Pre-PQ Process,N/A - From RDC,20-May-08,20-May-08,20-May-08,ARV,Adult,SCMS from RDC,"Emtricitabine/Tenofovir Disoproxil Fumarate 200/300mg [Truvada], tablets, 30 Tabs",Emtricitabine/Tenofovir Disoproxil Fumarate,Truvada,300/200mg,Tablet - FDC,30.0,641.0,16826.25,26.25,0.88,"Aspen-OSD, Port Elizabeth, SA",Yes,58,1110.5,26.92,,,,,,,,,,,,,,,,,,,,,,,,,,
83635,,FPQ-9907,,,Zimbabwe,,,,,,N/A - From RDC,,,,,,SCMS from RDC,,Lamivudine/Zidovudine,Generic,30/60mg,,,,,,,,,,,,103-ZW-T30,SO-42270,DN-2914,PMO - US,From RDC,N/A - From RDC,Truck,5/15/2012,19-Nov-12,19-Nov-12,19-Nov-12,ARV,Pediatric,"Lamivudine/Zidovudine 30/60mg, tablets, 60 Tabs",Tablet - FDC,60.0,19733.0,54463.08,2.76,0.05,"Aurobindo Unit III, India",No,See DN-2914 (ID#:83089),See DN-2914 (ID#:83089),76.36,
12716,110-ZM-T01,Pre-PQ Process,SO-977,DN-396,Zambia,PMO - US,From RDC,N/A - From RDC,,Pre-PQ Process,N/A - From RDC,12-Nov-07,12-Nov-07,12-Nov-07,ARV,Pediatric,SCMS from RDC,"Nevirapine 10mg/ml, oral suspension, Bottle, 240 ml",Nevirapine,Generic,10mg/ml,Oral suspension,240.0,10996.0,68175.2,6.2,0.03,"Aurobindo Unit III, India",Yes,3967,13094.92,109.08,,,,,,,,,,,,,,,,,,,,,,,,,,
12547,114-UG-T01,Pre-PQ Process,SO-17754,DN-1125,Uganda,PMO - US,From RDC,N/A - From RDC,Air,Pre-PQ Process,N/A - From RDC,8-Apr-09,8-Apr-09,8-Apr-09,ARV,Adult,SCMS from RDC,"Emtricitabine/Tenofovir Disoproxil Fumarate 200/300mg [Truvada], tablets, 30 Tabs",Emtricitabine/Tenofovir Disoproxil Fumarate,Truvada,300/200mg,Tablet - FDC,30.0,328.0,8610.0,26.25,0.88,"Aspen-OSD, Port Elizabeth, SA",No,See DN-1125 (ID#:11298),See DN-1125 (ID#:11298),16.88,,,,,,,,,,,,,,,,,,,,,,,,,,
85123,114-UG-T30,FPQ-5239,SO-36132,DN-1858,Uganda,PMO - US,From RDC,N/A - From RDC,Air,3/2/10,N/A - From RDC,30-Jun-10,15-Jun-10,15-Jun-10,ARV,Adult,SCMS from RDC,"Nevirapine 200mg, tablets, 60 Tabs",Nevirapine,Generic,200mg,Tablet,60.0,2500.0,6825.0,2.73,0.05,"Strides, Bangalore, India.",Yes,132,3661.42,14.71,,,,,,,,,,,,,,,,,,,,,,,,,,
78846,,FPQ-9259,,,Tanzania,,,,,,2/3/2012,,,,,,"Trinity Biotech, Plc",,"HIV 1/2, Uni-Gold HIV Kit",Uni-Gold,,,,,,,,,,,,,109-TZ-T30,SCMS-136830,ASN-14647,PMO - US,Direct Drop,EXW,Air,1/27/2012,13-Jul-12,13-Jul-12,13-Jul-12,HRDT,HIV test,"HIV 1/2, Uni-Gold HIV Kit, 20 Tests",Test kit,20.0,9250.0,296000.0,32.0,1.6,"Trinity Biotech, Plc",Yes,3058,31491.23,414.99,
38567,900-SS-T30,FPQ-10504,SCMS-157880,ASN-16852,South Sudan,PMO - US,Direct Drop,EXW,Air,8/15/12,8/21/12,13-Dec-12,13-Dec-12,13-Dec-12,HRDT,HIV test,"Orgenics, Ltd","HIV 1/2, Determine Complete HIV Kit, 100 Tests","HIV 1/2, Determine Complete HIV Kit",Determine,,Test kit,100.0,624.0,55536.0,89.0,0.89,"Alere Medical Co., Ltd.",No,See ASN-16852 (ID#:25990),See ASN-16852 (ID#:25990),77.86,,,,,,,,,,,,,,,,,,,,,,,,,,
41623,,,,,South Africa,,,,,,9/24/2010,,,,,,Aurobindo Pharma Limited,,Efavirenz,Generic,600mg,,,,,,,,,,,,161-ZA-T30,SCMS-83730,ASN-9947,PMO - US,Direct Drop,DDP,Ocean,8/31/2010,26-Apr-11,26-Apr-11,26-Apr-11,ARV,Adult,"Efavirenz 600mg, tablets, 30 Tabs",Tablet,30.0,100591.0,455677.23,4.53,0.15,"Aurobindo Unit III, India",Yes,8635,11203.79,982.44,FPQ-6262
83982,,,,,Haiti,,,,,,N/A - From RDC,,,,,,SCMS from RDC,,Stavudine,Generic,15mg,,,,,,,,,,,,106-HT-T30,SO-35920,DN-1667,PMO - US,From RDC,N/A - From RDC,Air,10/23/2009,10-Mar-10,3-Mar-10,3-Mar-10,ARV,Adult,"Stavudine 15mg, capsules, 60 Caps",Capsule,60.0,84.0,126.0,1.5,0.02,"Aurobindo Unit III, India",No,See DN-1667 (ID#:82861),See DN-1667 (ID#:82861),0.27,FPQ-4384
85985,,,,,Nigeria,,,,,,N/A - From RDC,,,,,,SCMS from RDC,,Lamivudine/Nevirapine/Zidovudine,Generic,150/300/200mg,,,,,,,,,,,,151-NG-T30,SO-44755,DN-3239,PMO - US,From RDC,N/A - From RDC,Air Charter,2/28/2013,21-Aug-13,23-Jul-13,23-Jul-13,ARV,Adult,"Lamivudine/Nevirapine/Zidovudine 150/200/300mg, tablets, 60 Tabs",Tablet - FDC,60.0,26.0,223.08,8.58,0.14,Hetero Unit III Hyderabad IN,Yes,33051,Freight Included in Commodity Cost,0.28,FPQ-11771
80175,106-HT-T30,FPQ-9636,SCMS-148360,ASN-16560,Haiti,PMO - US,Direct Drop,EXW,Ocean,5/14/12,7/3/12,20-Dec-12,20-Dec-12,20-Dec-12,ARV,Adult,Aurobindo Pharma Limited,"Efavirenz 600mg, tablets, 30 Tabs",Efavirenz,Generic,600mg,Tablet,30.0,35616.0,126436.8,3.55,0.12,"Aurobindo Unit III, India",No,See ASN-16560 (ID#:29734),See ASN-16560 (ID#:29734),177.26,,,,,,,,,,,,,,,,,,,,,,,,,,
82514,,FPQ-9773,,,Zambia,,,,,,N/A - From RDC,,,,,,SCMS from RDC,,Emtricitabine/Tenofovir Disoproxil Fumarate,Generic,200/300mg,,,,,,,,,,,,110-ZM-T30,SO-41992,DN-2865,PMO - US,From RDC,N/A - From RDC,Truck,4/27/2012,10-Oct-12,5-Oct-12,5-Oct-12,ARV,Adult,"Emtricitabine/Tenofovir Disoproxil Fumarate 200/300mg, tablets, 30 Tabs",Tablet - FDC,30.0,167825.0,1105966.75,6.59,0.22,Mylan (formerly Matrix) Nashik,Yes,26199,34356.26,1550.57,
82918,,FPQ-6307,,,Guyana,,,,,,N/A - From RDC,,,,,,SCMS from RDC,,Efavirenz,Generic,50mg,,,,,,,,,,,,105-GY-T30,SO-37400,DN-2017,PMO - US,From RDC,N/A - From RDC,Air,8/30/2010,23-Nov-10,19-Sep-10,19-Sep-10,ARV,Pediatric,"Efavirenz 50mg, capsule, 30 Caps",Capsule,30.0,230.0,515.2,2.24,0.07,"Aurobindo Unit III, India",Yes,411,3380.86,1.11,
40209,104-CI-T30,FPQ-6897,SCMS-101001,ASN-11637,Côte d'Ivoire,PMO - US,Direct Drop,FCA,Air,1/5/11,4/1/11,18-Aug-11,18-Aug-11,18-Aug-11,ARV,Adult,ABBVIE LOGISTICS (FORMERLY ABBOTT LOGISTICS BV),"Lopinavir/Ritonavir 200/50mg [Aluvia], tablets, 120 Tabs",Lopinavir/Ritonavir,Aluvia,200/50mg,Tablet,120.0,16695.0,562621.5,33.7,0.28,ABBVIE Ludwigshafen Germany,Yes,4113,30130.82,928.33,,,,,,,,,,,,,,,,,,,,,,,,,,
69871,108-VN-T30,FPQ-7427,SCMS-105540,ASN-11855,Vietnam,PMO - US,Direct Drop,EXW,Air,3/31/11,4/14/11,21-Sep-11,21-Sep-11,21-Sep-11,ARV,Adult,HETERO LABS LIMITED,"Lamivudine/Nevirapine/Stavudine 150/200/30mg, tablets, 60 Tabs",Lamivudine/Nevirapine/Stavudine,Generic,150/200/30mg,Tablet - FDC,60.0,22925.0,110040.0,4.8,0.08,Hetero Unit III Hyderabad IN,Yes,3723,19056.13,181.57,,,,,,,,,,,,,,,,,,,,,,,,,,
10632,110-ZM-T01,Pre-PQ Process,SO-1122,DN-417,Zambia,PMO - US,From RDC,N/A - From RDC,Air,Pre-PQ Process,N/A - From RDC,2-Nov-07,2-Nov-07,2-Nov-07,ARV,Adult,SCMS from RDC,"Lamivudine/Zidovudine 150/300mg, tablets, 60 Tabs",Lamivudine/Zidovudine,Generic,150/300mg,Tablet - FDC,60.0,40245.0,382327.5,9.5,0.16,"Cipla, Goa, India",Yes,3254,13267.3,611.72,,,,,,,,,,,,,,,,,,,,,,,,,,
59873,,FPQ-7469,,,Vietnam,,,,,,4/21/2011,,,,,,ABBVIE LOGISTICS (FORMERLY ABBOTT LOGISTICS BV),,Ritonavir,Norvir,100mg,,,,,,,,,,,,108-VN-T30,SCMS-106481,ASN-12360,PMO - US,Direct Drop,FCA,Air,3/31/2011,19-Oct-11,19-Oct-11,19-Oct-11,ARV,Adult,"Ritonavir 100mg [Norvir], film coated tablets, 30 Tabs",Tablet,30.0,560.0,13025.6,23.26,0.78,ABBVIE Ludwigshafen Germany,Yes,67,4476.29,21.49,
54934,,FPQ-14942,,,South Africa,,,,,,10/9/2014,,,,,,PHARMACY DIRECT,,Didanosine,Generic,250mg,,,,,,,,,,,,116-ZA-T30,SCMS-259079,ASN-33851,PMO - US,Direct Drop,DDP,Truck,9/11/2014,24-Aug-15,24-Aug-15,24-Aug-15,ARV,Adult,"Didanosine 250mg, delayed-release capsules, 30 Caps",Delayed-release capsules,30.0,6.0,71.03,11.84,0.39,"Aurobindo Unit III, India",No,Weight Captured Separately,Freight Included in Commodity Cost,0.07,
83381,104-CI-T30,FPQ-4378,SO-34740,DN-1546,Côte d'Ivoire,PMO - US,From RDC,N/A - From RDC,Air,10/15/09,N/A - From RDC,7-Dec-09,2-Dec-09,2-Dec-09,ARV,Adult,SCMS from RDC,"Lamivudine/Stavudine 150/30mg, tablets, 60 Tabs",Lamivudine/Stavudine,Generic,150/30mg,Tablet - FDC,60.0,940.0,3290.0,3.5,0.06,"Strides, Bangalore, India.",Yes,49,1211.49,6.45,,,,,,,,,,,,,,,,,,,,,,,,,,
84107,,FPQ-6801,,,Haiti,,,,,,N/A - From RDC,,,,,,SCMS from RDC,,Efavirenz,Generic,600mg,,,,,,,,,,,,106-HT-T30,SO-38214,DN-2331,PMO - US,From RDC,N/A - From RDC,Air,12/14/2010,31-Aug-11,24-Aug-11,24-Aug-11,ARV,Adult,"Efavirenz 600mg, tablets, 30 Tabs",Tablet,30.0,27975.0,126447.0,4.52,0.15,"Strides, Bangalore, India.",Yes,1704,16881.16,208.64,
11047,110-ZM-T01,Pre-PQ Process,SO-17620,DN-1239,Zambia,PMO - US,From RDC,N/A - From RDC,Truck,Pre-PQ Process,N/A - From RDC,8-Jun-09,8-Jun-09,8-Jun-09,ARV,Adult,SCMS from RDC,"Efavirenz 600mg, tablets, 30 Tabs",Efavirenz,Generic,600mg,Tablet,30.0,100000.0,1100000.0,11.0,0.37,Hetero Unit III Hyderabad IN,Yes,7735,15922.67,2156.0,,,,,,,,,,,,,,,,,,,,,,,,,,
60359,102-BI-T30,FPQ-12580,SCMS-199581,ASN-22108,Burundi,PMO - US,Direct Drop,EXW,Air,7/9/13,7/31/13,30-Oct-13,30-Oct-13,30-Oct-13,HRDT,HIV test,"CHEMBIO DIAGNOSTIC SYSTEMS, INC.","HIV 1/2, Stat-Pak Dipstick Assay Kit, 30 Tests","HIV 1/2, Stat-Pak Dipstick Assay Kit",Stat-Pak,,Test kit,30.0,428.0,11812.8,27.6,0.92,Chembio Diagnostics Sys. Inc.,Yes,47,732.47,14.61,,,,,,,,,,,,,,,,,,,,,,,,,,
85848,,,,,Zimbabwe,,,,,,N/A - From RDC,,,,,,SCMS from RDC,,Nevirapine,Generic,200mg,,,,,,,,,,,,113-ZW-T30,SO-40850,DN-2605,PMO - US,From RDC,N/A - From RDC,Truck,10/4/2011,13-Apr-12,10-Apr-12,10-Apr-12,ARV,Adult,"Nevirapine 200mg, tablets, 60 Tabs",Tablet,60.0,69037.0,173282.87,2.51,0.04,"Aurobindo Unit VII, IN",No,See DN-2605 (ID#:82467),See DN-2605 (ID#:82467),285.92,FPQ-8464
44209,,FPQ-13048,,,Tanzania,,,,,,1/8/2014,,,,,,Aurobindo Pharma Limited,,Zidovudine,Generic,300mg,,,,,,,,,,,,109-TZ-T30,SCMS-210901,ASN-24564,PMO - US,Direct Drop,EXW,Air,10/3/2013,11-Apr-14,11-Apr-14,11-Apr-14,ARV,Adult,"Zidovudine 300mg, tablets, 60 Tabs",Tablet,60.0,31528.0,171197.04,5.43,0.09,"Aurobindo Unit III, India",Yes,1899,10879.44,211.77,
75595,122-HT-T30,FPQ-8671,SCMS-131030,ASN-13447,Haiti,PMO - US,Direct Drop,EXW,Air,11/9/11,12/29/11,23-Jan-12,23-Jan-12,23-Jan-12,MRDT,Malaria,"Standard Diagnostics, Inc.","Malaria Antigen P.f , HRP2, Kit, 25 Tests","Malaria Antigen P.f , HRP2, Kit",Generic,,Test kit,25.0,4.0,45.0,11.25,0.45,"Standard Diagnostics, Korea",Yes,2,702.42,0.06,,,,,,,,,,,,,,,,,,,,,,,,,,
68481,,FPQ-11294,,,Côte d'Ivoire,,,,,,1/15/2013,,,,,,"Orgenics, Ltd",,"HIV 1/2, Determine Complete HIV Kit",Determine,,,,,,,,,,,,,104-CI-T30,SCMS-173131,ASN-19634,PMO - US,Direct Drop,EXW,Air,12/14/2012,4-Jun-13,4-Jun-13,4-Jun-13,HRDT,HIV test,"HIV 1/2, Determine Complete HIV Kit, 100 Tests",Test kit,100.0,601.0,48080.0,80.0,0.8,"Alere Medical Co., Ltd.",Yes,264,36428.24,59.47,
81421,,,,,South Africa,,,,,,9/21/2010,,,,,,CIPLA LIMITED,,Tenofovir Disoproxil Fumarate,Generic,300mg,,,,,,,,,,,,161-ZA-T30,SCMS-84210,ASN-9173,PMO - US,Direct Drop,DDP,Ocean,8/31/2010,9-Feb-11,9-Feb-11,9-Feb-11,ARV,Adult,"Tenofovir Disoproxil Fumarate 300mg, tablets, 30 Tabs",Tablet,30.0,58423.0,410713.69,7.03,0.23,"Cipla, Goa, India",Yes,4007,6639.33,885.5,FPQ-6262
2766,,,,,Vietnam,,,,,,7/3/2007,,,,,,Aurobindo Pharma Limited,,Lamivudine,Generic,10mg/ml,,,,,,,,,,,,108-VN-T01,SCMS-749,ASN-744,PMO - US,Direct Drop,EXW,Air,Pre-PQ Process,2-Oct-07,2-Oct-07,2-Oct-07,ARV,Pediatric,"Lamivudine 10mg/ml, oral solution, Bottle, 240 ml",Oral solution,240.0,500.0,950.0,1.9,0.01,"Aurobindo Unit III, India",No,See ASN-744 (ID#:1356),See ASN-744 (ID#:1356),1.52,Pre-PQ Process
17447,,FPQ-12714,,,Côte d'Ivoire,,,,,,9/2/2013,,,,,,ABBVIE LOGISTICS (FORMERLY ABBOTT LOGISTICS BV),,Lopinavir/Ritonavir,Generic,100/25mg,,,,,,,,,,,,104-CI-T30,SCMS-204990,ASN-22828,PMO - US,Direct Drop,FCA,Air,7/30/2013,29-Nov-13,29-Nov-13,2-Dec-13,ARV,Pediatric,"Lopinavir/Ritonavir 100/25mg [Aluvia], tablets, 60 Tabs",Tablet,60.0,7850.0,46629.0,5.94,0.1,ABBVIE Ludwigshafen Germany,Yes,909,6020.53,57.68,
8648,133-NG-T01,Pre-PQ Process,SCMS-28870,ASN-2794,Nigeria,PMO - US,Direct Drop,EXW,Air,Pre-PQ Process,8/26/08,15-Jan-09,20-Nov-08,20-Nov-08,HRDT,HIV test,"CHEMBIO DIAGNOSTIC SYSTEMS, INC.","HIV 1/2, Stat-Pak HIV, Kit, 20 Tests","HIV 1/2, Stat-Pak HIV, Kit",Stat-Pak,,Test kit,20.0,10594.0,286038.0,27.0,1.35,Chembio Diagnostics Sys. Inc.,Yes,3039,24025.77,560.63,,,,,,,,,,,,,,,,,,,,,,,,,,
11201,,Pre-PQ Process,,,Côte d'Ivoire,,,,,,N/A - From RDC,,,,,,SCMS from RDC,,Stavudine,Generic,30mg,,,,,,,,,,,,104-CI-T01,SO-1145,DN-440,PMO - US,From RDC,N/A - From RDC,Air,Pre-PQ Process,29-Nov-07,29-Nov-07,29-Nov-07,ARV,Adult,"Stavudine 30mg, capsules, 60 Caps",Capsule,60.0,3996.0,6993.0,1.75,0.03,"Aurobindo Unit III, India",No,See DN-440 (ID#:11200),See DN-440 (ID#:11200),11.19,
11562,,Pre-PQ Process,,,Zambia,,,,,,N/A - From RDC,,,,,,SCMS from RDC,,Zidovudine,Generic,300mg,,,,,,,,,,,,110-ZM-T01,SO-19411,DN-1029,PMO - US,From RDC,N/A - From RDC,Air,Pre-PQ Process,11-Dec-08,11-Dec-08,11-Dec-08,ARV,Adult,"Zidovudine 300mg, tablets, 60 Tabs",Tablet,60.0,2306.0,18793.9,8.15,0.14,"Aurobindo Unit III, India",Yes,132,1659.48,36.84,
41444,,,,,Vietnam,,,,,,2/15/2011,,,,,,MYLAN LABORATORIES LTD (FORMERLY MATRIX LABORATORIES),,Lamivudine/Zidovudine,Generic,150/300mg,,,,,,,,,,,,108-VN-T30,SCMS-97850,ASN-11024,PMO - US,Direct Drop,EXW,Air,1/17/2011,22-Jun-11,22-Jun-11,22-Jun-11,ARV,Adult,"Lamivudine/Zidovudine 150/300mg, tablets, 60 Tabs",Tablet - FDC,60.0,5070.0,41827.5,8.25,0.14,Mylan (formerly Matrix) Nashik,No,See ASN-11024 (ID#:15149),See ASN-11024 (ID#:15149),69.02,FPQ-6818
83702,,FPQ-11864,,,Nigeria,,,,,,N/A - From RDC,,,,,,SCMS from RDC,,Lamivudine/Zidovudine,Generic,150/300mg,,,,,,,,,,,,151-NG-T30,SO-44922,DN-3242,PMO - US,From RDC,N/A - From RDC,Air Charter,3/14/2013,4-Sep-13,23-Jul-13,23-Jul-13,ARV,Adult,"Lamivudine/Zidovudine 150/300mg, tablets, 60 Tabs",Tablet - FDC,60.0,4026.0,29269.02,7.27,0.12,"Aurobindo Unit III, India",Yes,410,Freight Included in Commodity Cost,36.21,
83130,,FPQ-11882,,,Mozambique,,,,,,N/A - From RDC,,,,,,SCMS from RDC,,Efavirenz,Generic,600mg,,,,,,,,,,,,111-MZ-T30,SO-44800,DN-3107,PMO - US,From RDC,N/A - From RDC,Air,3/19/2013,6-Jun-13,11-Jun-13,11-Jun-13,ARV,Adult,"Efavirenz 600mg, tablets, 30 Tabs",Tablet,30.0,43563.0,145064.79,3.33,0.11,"Aurobindo Unit VII, IN",Yes,4122,28602.94,179.45,
61417,,,,,South Africa,,,,,,1/26/2015,,,,,,PHARMACY DIRECT,,Didanosine,Generic,250mg,,,,,,,,,,,,116-ZA-T30,SCMS-259072,ASN-30377,PMO - US,Direct Drop,DDP,Truck,9/11/2014,26-Jan-15,26-Jan-15,26-Jan-15,ARV,Adult,"Didanosine 250mg, delayed-release capsules, 30 Caps",Delayed-release capsules,30.0,6.0,66.1,11.02,0.37,"Aurobindo Unit III, India",No,Weight Captured Separately,Freight Included in Commodity Cost,0.07,FPQ-14942
11960,104-CI-T01,Pre-PQ Process,SO-970,DN-1163,Côte d'Ivoire,PMO - US,From RDC,N/A - From RDC,Air,Pre-PQ Process,N/A - From RDC,23-Mar-09,23-Mar-09,23-Mar-09,ARV,Pediatric,SCMS from RDC,"Lopinavir/Ritonavir 80/20mg/ml [Kaletra], oral solution, cool, Bottle 5 x 60 ml",Lopinavir/Ritonavir,Kaletra,80/20mg/ml,Oral solution,300.0,1500.0,61650.0,41.1,0.14,ABBVIE (Abbott) Logis. UK,No,See DN-1163 (ID#:11030),See DN-1163 (ID#:11030),120.83,,,,,,,,,,,,,,,,,,,,,,,,,,
21563,,,,,Tanzania,,,,,,3/31/2014,,,,,,MYLAN LABORATORIES LTD (FORMERLY MATRIX LABORATORIES),,Lamivudine/Nevirapine/Zidovudine,Generic,30/50/60mg,,,,,,,,,,,,109-TZ-T30,SCMS-233190,ASN-25567,PMO - US,Direct Drop,EXW,Ocean,3/21/2014,27-May-14,27-May-14,12-Jun-14,ARV,Pediatric,"Lamivudine/Nevirapine/Zidovudine 30/50/60mg, dispersible tablets, 60 Tabs",Chewable/dispersible tablet - FDC,60.0,115000.0,414000.0,3.6,0.06,Mylan (formerly Matrix) Nashik,Yes,10504,28270.78,425.59,FPQ-13927
78805,,FPQ-6818,,,Vietnam,,,,,,2/15/2011,,,,,,MYLAN LABORATORIES LTD (FORMERLY MATRIX LABORATORIES),,Tenofovir Disoproxil Fumarate,Generic,300mg,,,,,,,,,,,,108-VN-T30,SCMS-98052,ASN-11312,PMO - US,Direct Drop,EXW,Air,1/17/2011,27-Jul-11,27-Jul-11,27-Jul-11,ARV,Adult,"Tenofovir Disoproxil Fumarate 300mg, tablets, 30 Tabs",Tablet,30.0,1612.0,10478.0,6.5,0.22,Mylan (formerly Matrix) Nashik,Yes,111,7457.19,17.29,
84531,,FPQ-4378,,,Côte d'Ivoire,,,,,,N/A - From RDC,,,,,,SCMS from RDC,,Lamivudine/Zidovudine,Generic,150/300mg,,,,,,,,,,,,104-CI-T30,SO-34410,DN-1662,PMO - US,From RDC,N/A - From RDC,Air,10/15/2009,9-Mar-10,1-Mar-10,1-Mar-10,ARV,Adult,"Lamivudine/Zidovudine 150/300mg, tablets, 60 Tabs",Tablet - FDC,60.0,6584.0,57675.84,8.76,0.15,Mylan (formerly Matrix) Nashik,No,See DN-1662 (ID#:83981),See DN-1662 (ID#:83981),113.04,
45848,,,,,"Congo, DRC",,,,,,5/23/2013,,,,,,ABBVIE LOGISTICS (FORMERLY ABBOTT LOGISTICS BV),,Lopinavir/Ritonavir,Kaletra,80/20mg/ml,,,,,,,,,,,,101-CD-T30,SCMS-189060,ASN-20771,PMO - US,Direct Drop,FCA,Air,4/23/2013,20-Nov-13,18-Nov-13,5-Dec-13,ARV,Pediatric,"Lopinavir/Ritonavir 80/20mg/ml [Kaletra], oral solution, cool, Bottle 5 x 60 ml",Oral solution,300.0,20.0,616.4,30.82,0.1,ABBVIE (Abbott) Logis. UK,Yes,52,1573.41,0.76,FPQ-12093
39291,,,,,Uganda,,,,,,6/23/2014,,,,,,ABBVIE LOGISTICS (FORMERLY ABBOTT LOGISTICS BV),,Lopinavir/Ritonavir,Kaletra,80/20mg/ml,,,,,,,,,,,,114-UG-T30,SCMS-244440,ASN-27804,PMO - US,Direct Drop,FCA,Air,6/11/2014,23-Sep-14,23-Sep-14,23-Sep-14,ARV,Pediatric,"Lopinavir/Ritonavir 80/20mg/ml [Kaletra], oral solution, cool, Bottle 5 x 60 ml",Oral solution,300.0,75.0,2311.5,30.82,0.1,ABBVIE (Abbott) Logis. UK,Yes,120,1487.76,2.38,FPQ-14407
12773,,,,,Côte d'Ivoire,,,,,,N/A - From RDC,,,,,,SCMS from RDC,,Stavudine,Generic,1mg/ml,,,,,,,,,,,,104-CI-T01,SO-1112,DN-582,PMO - US,From RDC,N/A - From RDC,Air,Pre-PQ Process,1-Feb-08,1-Feb-08,1-Feb-08,ARV,Pediatric,"Stavudine 1mg/ml, powder for oral solution, 200 ml",Oral solution,200.0,2326.0,3535.52,1.52,0.01,"Aurobindo Unit III, India",Yes,232,1704.79,5.66,Pre-PQ Process
86505,,,,,Nigeria,,,,,,N/A - From RDC,,,,,,SCMS from RDC,,Efavirenz/Lamivudine/Tenofovir Disoproxil Fumarate,Generic,600/300/300mg,,,,,,,,,,,,151-NG-T30,SO-42931,DN-2792,PMO - US,From RDC,N/A - From RDC,Air Charter,3/1/2012,20-Aug-12,14-Aug-12,14-Aug-12,ARV,Adult,"Efavirenz/Lamivudine/Tenofovir Disoproxil Fumarate 600/300/300mg, tablets, 30 Tabs",Tablet - FDC,30.0,23000.0,305210.0,13.27,0.44,Mylan (formerly Matrix) Nashik,Yes,2437,18461.23,427.9,FPQ-9432
12925,,,,,Haiti,,,,,,N/A - From RDC,,,,,,SCMS from RDC,,Stavudine,Generic,30mg,,,,,,,,,,,,106-HT-T01,SO-34250,DN-1497,PMO - US,From RDC,N/A - From RDC,Air,Date Not Captured,22-Oct-09,22-Oct-09,22-Oct-09,ARV,Adult,"Stavudine 30mg, capsules, 60 Caps",Capsule,60.0,4410.0,6438.6,1.46,0.02,"Aurobindo Unit III, India",Yes,286,3842.22,13.88,Pre-PQ Process
85531,,,,,Namibia,,,,,,N/A - From RDC,,,,,,SCMS from RDC,,Efavirenz/Emtricitabine/Tenofovir Disoproxil Fumarate,Generic,600/200/300mg,,,,,,,,,,,,901-NA-T30,SO-49520,DN-3923,PMO - US,From RDC,N/A - From RDC,Air,7/30/2014,8-Oct-14,21-Oct-14,22-Oct-14,ARV,Adult,"Efavirenz/Emtricitabine/Tenofovir Disoproxil Fumarate 600/200/300mg, tablets, 30 Tabs",Tablet - FDC,30.0,54147.0,643807.83,11.89,0.4,"Cipla, Goa, India",Yes,6425,35476,661.83,FPQ-14742
83369,154-NG-T30,FPQ-3815,SO-32270,DN-1311,Nigeria,PMO - US,From RDC,N/A - From RDC,Air Charter,5/26/09,N/A - From RDC,30-Jul-09,4-Aug-09,4-Aug-09,ARV,Adult,SCMS from RDC,"Stavudine 30mg, capsules, 60 Caps",Stavudine,Generic,30mg,Capsule,60.0,50.0,73.0,1.46,0.02,"Aurobindo Unit III, India",No,See DN-1311 (ID#:82837),See DN-1311 (ID#:82837),0.14,,,,,,,,,,,,,,,,,,,,,,,,,,
10632,,Pre-PQ Process,,,Zambia,,,,,,N/A - From RDC,,,,,,SCMS from RDC,,Lamivudine/Zidovudine,Generic,150/300mg,,,,,,,,,,,,110-ZM-T01,SO-1122,DN-417,PMO - US,From RDC,N/A - From RDC,Air,Pre-PQ Process,2-Nov-07,2-Nov-07,2-Nov-07,ARV,Adult,"Lamivudine/Zidovudine 150/300mg, tablets, 60 Tabs",Tablet - FDC,60.0,40245.0,382327.5,9.5,0.16,"Cipla, Goa, India",Yes,3254,13267.3,611.72,
51063,,,,,South Africa,,,,,,6/17/2010,,,,,,Aurobindo Pharma Limited,,Efavirenz,Generic,600mg,,,,,,,,,,,,161-ZA-T30,SCMS-75660,ASN-9113,PMO - US,Direct Drop,DDP,Ocean,6/2/2010,12-Oct-10,1-Feb-11,1-Feb-11,ARV,Adult,"Efavirenz 600mg, tablets, 30 Tabs",Tablet,30.0,9572.0,43169.72,4.51,0.15,"Aurobindo Unit III, India",Yes,Weight Captured Separately,Freight Included in Commodity Cost,93.07,FPQ-5648
64757,,FPQ-12590,,,Haiti,,,,,,10/25/2013,,,,,,HETERO LABS LIMITED,,Efavirenz/Lamivudine/Tenofovir Disoproxil Fumarate,Generic,600/300/300mg,,,,,,,,,,,,106-HT-T30,SCMS-210510,ASN-24412,PMO - US,Direct Drop,EXW,Ocean,8/21/2013,9-May-14,9-May-14,12-May-14,ARV,Adult,"Efavirenz/Lamivudine/Tenofovir Disoproxil Fumarate 600/300/300mg, tablets, 30 Tabs",Tablet - FDC,30.0,39600.0,415800.0,10.5,0.35,Hetero Unit III Hyderabad IN,Yes,5986,2549.52,514.34,
13544,,FPQ-14372,,,Côte d'Ivoire,,,,,,7/31/2014,,,,,,ABBVIE LOGISTICS (FORMERLY ABBOTT LOGISTICS BV),,Lopinavir/Ritonavir,Kaletra,80/20mg/ml,,,,,,,,,,,,104-CI-T30,SCMS-246550,ASN-29074,PMO - US,Direct Drop,FCA,Air,6/3/2014,3-Nov-14,3-Nov-14,7-Nov-14,ARV,Pediatric,"Lopinavir/Ritonavir 80/20mg/ml [Kaletra], oral solution, cool, Bottle 5 x 60 ml",Oral solution,300.0,500.0,15410.0,30.82,0.1,ABBVIE (Abbott) Logis. UK,Yes,505,6523.85,15.84,
1279,113-ZW-T01,Pre-PQ Process,SCMS-135,ASN-79,Zimbabwe,PMO - US,Direct Drop,CIP,Air,Pre-PQ Process,Date Not Captured,7-Nov-06,7-Nov-06,7-Nov-06,ARV,Adult,INTERNATIONAL HEALTHCARE DISTRIBUTORS,"Lopinavir/Ritonavir 133.3/33.3mg [Kaletra], capsules, cool, 2 x 90 Caps",Lopinavir/Ritonavir,Kaletra,133.3/33.3mg,Capsule,180.0,260.0,11096.8,42.68,0.24,ABBVIE (Abbott) St. P'burg USA,Yes,135,Freight Included in Commodity Cost,,,,,,,,,,,,,,,,,,,,,,,,,,,
10975,105-GY-T01,Pre-PQ Process,SO-2464,DN-727,Guyana,PMO - US,From RDC,N/A - From RDC,Air,Pre-PQ Process,N/A - From RDC,9-May-08,9-May-08,9-May-08,ARV,Adult,SCMS from RDC,"Lopinavir/Ritonavir 200/50mg [Aluvia], tablets, 120 Tabs",Lopinavir/Ritonavir,Aluvia,200/50mg,Tablet,120.0,150.0,12330.0,82.2,0.68,ABBVIE Ludwigshafen Germany,Yes,34,1608.7,19.73,,,,,,,,,,,,,,,,,,,,,,,,,,
6881,,Pre-PQ Process,,,Haiti,,,,,,Date Not Captured,,,,,,Orasure Technologies Inc.,,"HIV 1/2, OraQuick Advance HIV Rapid Antibody Kit",OraQuick,,,,,,,,,,,,,106-HT-T01,SCMS-15500,ASN-1153,PMO - US,Direct Drop,EXW,Air,Pre-PQ Process,22-Jan-08,22-Jan-08,22-Jan-08,HRDT,HIV test,"HIV 1/2, OraQuick Advance HIV Rapid Antibody Kit, 100 Tests",Test kit,100.0,25.0,8750.0,350.0,3.5,"Pacific Biotech, Thailand",Yes,60,1521.11,14.0,
83653,104-CI-T30,FPQ-9749,SO-42374,DN-3010,Côte d'Ivoire,PMO - US,From RDC,N/A - From RDC,Truck,4/19/12,N/A - From RDC,28-Feb-13,26-Feb-13,26-Feb-13,ARV,Adult,SCMS from RDC,"Efavirenz/Lamivudine/Tenofovir Disoproxil Fumarate 600/300/300mg, tablets, 30 Tabs",Efavirenz/Lamivudine/Tenofovir Disoproxil Fumarate,Generic,600/300/300mg,Tablet - FDC,30.0,14406.0,174456.66,12.11,0.4,Mylan (formerly Matrix) Nashik,Yes,1639,7690.06,244.59,,,,,,,,,,,,,,,,,,,,,,,,,,
45,109-TZ-T01,Pre-PQ Process,SCMS-140,ASN-94,Tanzania,PMO - US,Direct Drop,EXW,Air,Pre-PQ Process,Date Not Captured,24-Nov-06,24-Nov-06,24-Nov-06,ARV,Adult,Aurobindo Pharma Limited,"Nevirapine 200mg, tablets, 60 Tabs",Nevirapine,Generic,200mg,Tablet,60.0,16667.0,60834.55,3.65,0.06,"Aurobindo Unit III, India",Yes,1478,6212.41,,,,,,,,,,,,,,,,,,,,,,,,,,,
49071,116-ZA-T30,FPQ-14942,SCMS-259075,ASN-32138,South Africa,PMO - US,Direct Drop,DDP,Truck,9/11/14,5/11/15,12-May-15,12-May-15,12-May-15,ARV,Pediatric,PHARMACY DIRECT,"Atazanavir 150mg [Reyataz], capsules, 60 Caps",Atazanavir,Reyataz,150mg,Capsule,60.0,3.0,47.7,15.9,0.26,"BMS Evansville, US",No,Weight Captured Separately,Freight Included in Commodity Cost,0.05,,,,,,,,,,,,,,,,,,,,,,,,,,
83531,109-TZ-T30,FPQ-6713,SO-38171,DN-2345,Tanzania,PMO - US,From RDC,N/A - From RDC,Truck,12/2/10,N/A - From RDC,3-Oct-11,16-Sep-11,16-Sep-11,ARV,Adult,SCMS from RDC,"Efavirenz/Emtricitabine/Tenofovir Disoproxil Fumarate 600/200/300mg, tablets, 30 Tabs",Efavirenz/Emtricitabine/Tenofovir Disoproxil Fumarate,Generic,600/200/300mg,Tablet - FDC,30.0,68235.0,1359241.2,19.92,0.66,Mylan (formerly Matrix) Nashik,Yes,Weight Captured Separately,Invoiced Separately,2242.75,,,,,,,,,,,,,,,,,,,,,,,,,,
82471,114-UG-T30,FPQ-9321,SO-41510,DN-2643,Uganda,PMO - US,From RDC,N/A - From RDC,Truck,2/10/12,N/A - From RDC,3-Jul-12,18-May-12,18-May-12,ARV,Adult,SCMS from RDC,"Lamivudine/Tenofovir Disoproxil Fumarate 300/300mg, tablets, 30 Tabs",Lamivudine/Tenofovir Disoproxil Fumarate,Generic,300/300mg,Tablet - FDC,30.0,1500.0,8310.0,5.54,0.18,Mylan (formerly Matrix) Nashik,Yes,729,3758.4,11.65,,,,,,,,,,,,,,,,,,,,,,,,,,
84781,,FPQ-10632,,,Zimbabwe,,,,,,N/A - From RDC,,,,,,SCMS from RDC,,Lamivudine/Zidovudine,Generic,150/300mg,,,,,,,,,,,,113-ZW-T30,SO-43220,DN-2989,PMO - US,From RDC,N/A - From RDC,Truck,9/11/2012,11-Feb-13,11-Feb-13,11-Feb-13,ARV,Adult,"Lamivudine/Zidovudine 150/300mg, tablets, 60 Tabs",Tablet - FDC,60.0,3600.0,26172.0,7.27,0.12,"Cipla, Goa, India",No,See DN-2989 (ID#:84216),See DN-2989 (ID#:84216),36.69,
82326,,,,,Côte d'Ivoire,,,,,,N/A - From RDC,,,,,,SCMS from RDC,,Lamivudine/Nevirapine/Zidovudine,Generic,150/300/200mg,,,,,,,,,,,,104-CI-T30,SO-35580,DN-1867,PMO - US,From RDC,N/A - From RDC,Air,12/8/2009,28-Jun-10,21-Jun-10,21-Jun-10,ARV,Adult,"Lamivudine/Nevirapine/Zidovudine 150/200/300mg, tablets, 60 Tabs",Tablet - FDC,60.0,62410.0,700240.2,11.22,0.19,"Aurobindo Unit III, India",Yes,7701,27912.64,1509.72,FPQ-4659
82326,104-CI-T30,FPQ-4659,SO-35580,DN-1867,Côte d'Ivoire,PMO - US,From RDC,N/A - From RDC,Air,12/8/09,N/A - From RDC,28-Jun-10,21-Jun-10,21-Jun-10,ARV,Adult,SCMS from RDC,"Lamivudine/Nevirapine/Zidovudine 150/200/300mg, tablets, 60 Tabs",Lamivudine/Nevirapine/Zidovudine,Generic,150/300/200mg,Tablet - FDC,60.0,62410.0,700240.2,11.22,0.19,"Aurobindo Unit III, India",Yes,7701,27912.64,1509.72,,,,,,,,,,,,,,,,,,,,,,,,,,
10698,,Pre-PQ Process,,,Côte d'Ivoire,,,,,,N/A - From RDC,,,,,,SCMS from RDC,,Lamivudine/Nevirapine/Stavudine,Generic,150/200/30mg,,,,,,,,,,,,104-CI-T01,SO-1663,DN-643,PMO - US,From RDC,N/A - From RDC,Air,Pre-PQ Process,6-Mar-08,6-Mar-08,6-Mar-08,ARV,Adult,"Lamivudine/Nevirapine/Stavudine 150/200/30mg, tablets, 60 Tabs",Tablet - FDC,60.0,12833.0,94964.2,7.4,0.12,"Cipla, Goa, India",Yes,1316,3056.96,151.94,
9673,,Pre-PQ Process,,,Vietnam,,,,,,3/31/2008,,,,,,Aurobindo Pharma Limited,,Zidovudine,Generic,100mg,,,,,,,,,,,,108-VN-T01,SCMS-20520,ASN-1794,PMO - US,Direct Drop,EXW,Air,Pre-PQ Process,2-Jun-08,2-Jun-08,2-Jun-08,ARV,Pediatric,"Zidovudine 100mg, capsules, 100 Caps",Capsule,100.0,1400.0,7686.0,5.49,0.05,"Aurobindo Unit III, India",Yes,106,2869.03,12.3,
69908,,,,,South Africa,,,,,,9/24/2010,,,,,,Aurobindo Pharma Limited,,Efavirenz,Generic,600mg,,,,,,,,,,,,161-ZA-T30,SCMS-83730,ASN-9943,PMO - US,Direct Drop,DDP,Ocean,8/31/2010,26-Apr-11,12-Apr-11,12-Apr-11,ARV,Adult,"Efavirenz 600mg, tablets, 30 Tabs",Tablet,30.0,128467.0,581955.51,4.53,0.15,"Aurobindo Unit III, India",Yes,11033,11203.81,1254.7,FPQ-6262
86320,,,,,Nigeria,,,,,,N/A - From RDC,,,,,,SCMS from RDC,,Lamivudine/Nevirapine/Zidovudine,Generic,150/300/200mg,,,,,,,,,,,,151-NG-T30,SO-36438,DN-1957,PMO - US,From RDC,N/A - From RDC,Air Charter,2/10/2010,16-Aug-10,17-Aug-10,17-Aug-10,ARV,Adult,"Lamivudine/Nevirapine/Zidovudine 150/200/300mg, tablets, 60 Tabs",Tablet - FDC,60.0,40750.0,457215.0,11.22,0.19,"Aurobindo Unit III, India",Yes,5366,6147.18,985.76,FPQ-5023
11815,,,,,Côte d'Ivoire,,,,,,N/A - From RDC,,,,,,SCMS from RDC,,"HIV 2, New LAV Blot 2 HIV Kit",LAV,,,,,,,,,,,,,104-CI-T01,SO-1277,DN-439,PMO - US,From RDC,N/A - From RDC,Air,Pre-PQ Process,16-Nov-07,16-Nov-07,16-Nov-07,HRDT,HIV test,"HIV 2, New LAV Blot 2 HIV Kit, 18 Tests",Test kit,18.0,12.0,3698.04,308.17,17.12,Bio-Rad Laboratories,Yes,39,1278,5.92,Pre-PQ Process
49301,102-BW-T30,FPQ-4904,SCMS-64791,ASN-6296,Botswana,PMO - US,Direct Drop,EXW,Air,1/13/10,2/5/10,14-Apr-10,14-Apr-10,14-Apr-10,HRDT,HIV test,"Orgenics, Ltd","HIV 1/2, Determine Complete HIV Kit, 100 Tests","HIV 1/2, Determine Complete HIV Kit",Determine,,Test kit,100.0,5.0,360.0,72.0,0.72,Inverness Japan,Yes,3,787.28,0.78,,,,,,,,,,,,,,,,,,,,,,,,,,
82685,109-TZ-T30,FPQ-13042,SO-46701,DN-3762,Tanzania,PMO - US,From RDC,N/A - From RDC,Air,10/1/13,N/A - From RDC,31-Jul-14,25-Sep-14,6-Oct-14,ARV,Adult,SCMS from RDC,"Lopinavir/Ritonavir 200/50mg [Aluvia], tablets, 120 Tabs",Lopinavir/Ritonavir,Aluvia,200/50mg,Tablet,120.0,32294.0,610356.6,18.9,0.16,ABBVIE Ludwigshafen Germany,Yes,20132,97918.87,755.01,,,,,,,,,,,,,,,,,,,,,,,,,,
57862,116-ZA-T30,FPQ-13973,SCMS-238555,ASN-29257,South Africa,PMO - US,Direct Drop,DDP,Truck,4/30/14,11/4/14,5-Nov-14,5-Nov-14,5-Nov-14,ARV,Pediatric,PHARMACY DIRECT,"Efavirenz 200mg, capsule, 90 Caps",Efavirenz,Generic,200mg,Capsule,90.0,46.0,1085.01,23.59,0.26,"Aurobindo Unit III, India",No,Weight Captured Separately,Freight Included in Commodity Cost,1.12,,,,,,,,,,,,,,,,,,,,,,,,,,
83255,,,,,Mozambique,,,,,,N/A - From RDC,,,,,,SCMS from RDC,,Efavirenz,Generic,600mg,,,,,,,,,,,,111-MZ-T30,SO-48883,DN-3875,PMO - US,From RDC,N/A - From RDC,Truck,5/2/2014,31-Dec-14,30-Oct-14,7-Nov-14,ARV,Adult,"Efavirenz 600mg, tablets, 30 Tabs",Tablet,30.0,30860.0,99060.6,3.21,0.11,"Cipla, Goa, India",Yes,19965,14767.58,101.83,FPQ-14226
28190,,,,,South Africa,,,,,,3/24/2011,,,,,,Aurobindo Pharma Limited,,Zidovudine,Generic,300mg,,,,,,,,,,,,161-ZA-T30,SCMS-103350,ASN-11471,PMO - US,Direct Drop,DDP,Ocean,3/10/2011,5-Sep-11,5-Sep-11,5-Sep-11,ARV,Adult,"Zidovudine 300mg, tablets, 60 Tabs",Tablet,60.0,100000.0,730000.0,7.3,0.12,"Aurobindo Unit III, India",Yes,5177,10405.58,1204.5,FPQ-7175
19670,,FPQ-14942,,,South Africa,,,,,,10/9/2014,,,,,,PHARMACY DIRECT,,Abacavir,Generic,300mg,,,,,,,,,,,,116-ZA-T30,SCMS-259079,ASN-33852,PMO - US,Direct Drop,DDP,Truck,9/11/2014,24-Aug-15,24-Aug-15,24-Aug-15,ARV,Adult,"Abacavir 300mg, tablets, 60 Tabs",Tablet,60.0,82.0,4392.17,53.56,0.89,"Aurobindo Unit III, India",No,Weight Captured Separately,Freight Included in Commodity Cost,4.52,
81254,,,,,Haiti,,,,,,12/24/2014,,,,,,Aurobindo Pharma Limited,,Abacavir,Generic,20mg/ml,,,,,,,,,,,,106-HT-T30,SCMS-262910,ASN-30183,PMO - US,Direct Drop,EXW,Ocean,10/22/2014,13-Mar-15,13-Mar-15,18-Mar-15,ARV,Pediatric,"Abacavir 20mg/ml, oral solution, Bottle, 240 ml",Oral solution,240.0,300.0,2049.0,6.83,0.03,"Aurobindo Unit III, India",No,See ASN-30183 (ID#:51410),See ASN-30183 (ID#:51410),2.11,FPQ-15038
48182,,FPQ-14895,,,Haiti,,,,,,11/5/2014,,,,,,ABBVIE LOGISTICS (FORMERLY ABBOTT LOGISTICS BV),,Ritonavir,Norvir,100mg,,,,,,,,,,,,106-HT-T30,SCMS-261300,ASN-29497,PMO - US,Direct Drop,FCA,Air,9/24/2014,10-Dec-14,10-Dec-14,10-Dec-14,ARV,Adult,"Ritonavir 100mg [Norvir], film coated tablets, 60 Tabs",Tablet,60.0,272.0,1863.2,6.85,0.11,ABBVIE Ludwigshafen Germany,Yes,37,722.35,1.92,
38247,105-GY-T30,FPQ-12057,SCMS-189030,ASN-20003,Guyana,PMO - US,Direct Drop,EXW,Air,4/15/13,5/23/13,1-Jul-13,1-Jul-13,1-Jul-13,ARV,Pediatric,Aurobindo Pharma Limited,"Zidovudine 100mg, capsules, 100 Caps",Zidovudine,Generic,100mg,Capsule,100.0,118.0,542.8,4.6,0.05,"Aurobindo Unit III, India",Yes,16,693.16,0.67,,,,,,,,,,,,,,,,,,,,,,,,,,
14364,,FPQ-13973,,,South Africa,,,,,,10/3/2014,,,,,,PHARMACY DIRECT,,Abacavir,Generic,300mg,,,,,,,,,,,,116-ZA-T30,SCMS-238554,ASN-28627,PMO - US,Direct Drop,DDP,Truck,4/30/2014,3-Oct-14,3-Oct-14,3-Oct-14,ARV,Adult,"Abacavir 300mg, tablets, 60 Tabs",Tablet,60.0,9.0,620.91,68.99,1.15,"Aurobindo Unit III, India",Yes,Weight Captured Separately,Freight Included in Commodity Cost,0.64,
86426,,,,,Côte d'Ivoire,,,,,,N/A - From RDC,,,,,,SCMS from RDC,,Efavirenz,Generic,600mg,,,,,,,,,,,,104-CI-T30,SO-40821,DN-2448,PMO - US,From RDC,N/A - From RDC,Truck,8/29/2011,2-Mar-12,5-Dec-11,5-Dec-11,ARV,Adult,"Efavirenz 600mg, tablets, 30 Tabs",Tablet,30.0,20076.0,84720.72,4.22,0.14,"Strides, Bangalore, India.",Yes,1223,3526.27,139.79,FPQ-8363
41841,116-ZA-T30,FPQ-13035,SCMS-215370,ASN-24415,South Africa,PMO - US,Direct Drop,DDP,Truck,10/8/13,12/2/13,6-Feb-14,6-Feb-14,6-Feb-14,ARV,Adult,S. BUYS WHOLESALER,"Abacavir 300mg, tablets, 60 Tabs",Abacavir,Generic,300mg,Tablet,60.0,53.0,3422.75,64.58,1.08,"Cipla, Patalganga, India",No,Weight Captured Separately,Freight Included in Commodity Cost,4.23,,,,,,,,,,,,,,,,,,,,,,,,,,
85345,900-GY-T30,FPQ-11727,SO-44710,DN-3089,Guyana,PMO - US,From RDC,N/A - From RDC,Air,3/1/13,N/A - From RDC,25-Mar-13,28-Mar-13,28-Mar-13,ARV,Adult,SCMS from RDC,"Nevirapine 200mg, tablets, 60 Tabs",Nevirapine,Generic,200mg,Tablet,60.0,3485.0,7876.1,2.26,0.04,Hetero Unit III Hyderabad IN,Yes,214,3066.05,9.74,,,,,,,,,,,,,,,,,,,,,,,,,,
15423,,FPQ-12713,,,Côte d'Ivoire,,,,,,8/6/2013,,,,,,"Orgenics, Ltd",,"HIV 1/2, Determine Complete HIV Kit",Determine,,,,,,,,,,,,,104-CI-T30,SCMS-201900,ASN-23392,PMO - US,Direct Drop,EXW,Air,7/23/2013,23-Jan-14,23-Jan-14,27-Jan-14,HRDT,HIV test,"HIV 1/2, Determine Complete HIV Kit, 100 Tests",Test kit,100.0,1400.0,112000.0,80.0,0.8,"Alere Medical Co., Ltd.",Yes,577,9275.59,138.54,
40790,116-ZA-T30,FPQ-12522,SCMS-199283,ASN-27976,South Africa,PMO - US,Direct Drop,DDP,Truck,7/11/13,8/27/14,27-Aug-14,27-Aug-14,27-Aug-14,ARV,Adult,S. BUYS WHOLESALER,"Lopinavir/Ritonavir 200/50mg [Aluvia], tablets, 120 Tabs",Lopinavir/Ritonavir,Aluvia,200/50mg,Tablet,120.0,62.0,1597.1,25.76,0.21,ABBVIE Ludwigshafen Germany,No,Weight Captured Separately,Freight Included in Commodity Cost,1.98,,,,,,,,,,,,,,,,,,,,,,,,,,
24358,,FPQ-14049,,,Tanzania,,,,,,5/16/2014,,,,,,ABBVIE LOGISTICS (FORMERLY ABBOTT LOGISTICS BV),,Lopinavir/Ritonavir,Generic,100/25mg,,,,,,,,,,,,109-TZ-T30,SCMS-239380,ASN-27718,PMO - US,Direct Drop,FCA,Air,4/11/2014,2-Oct-14,2-Oct-14,3-Oct-14,ARV,Pediatric,"Lopinavir/Ritonavir 100/25mg [Aluvia], tablets, 60 Tabs",Tablet,60.0,5273.0,31321.62,5.94,0.1,ABBVIE Ludwigshafen Germany,Yes,668,4835.39,32.2,
38590,,,,,Rwanda,,,,,,2/9/2010,,,,,,Aurobindo Pharma Limited,,Didanosine,Generic,250mg,,,,,,,,,,,,107-RW-T30,SCMS-64480,ASN-7476,PMO - US,Direct Drop,CIP,Air,1/29/2010,13-Jul-10,13-Jul-10,13-Jul-10,ARV,Adult,"Didanosine 250mg, delayed-release capsules, 30 Caps",Delayed-release capsules,30.0,599.0,7966.7,13.3,0.44,"Aurobindo Unit III, India",Yes,41,717,17.18,FPQ-4954
10754,,,,,Tanzania,,,,,,N/A - From RDC,,,,,,SCMS from RDC,,Efavirenz,Generic,600mg,,,,,,,,,,,,109-TZ-T01,SO-11820,DN-868,PMO - US,From RDC,N/A - From RDC,Air,Pre-PQ Process,22-Aug-08,22-Aug-08,22-Aug-08,ARV,Adult,"Efavirenz 600mg, tablets, 30 Tabs",Tablet,30.0,145000.0,1741450.0,12.01,0.4,Mylan (formerly Matrix) Nashik,Yes,11186,9330,2786.32,Pre-PQ Process
85634,,FPQ-4469,,,Haiti,,,,,,N/A - From RDC,,,,,,SCMS from RDC,,Stavudine,Generic,1mg/ml,,,,,,,,,,,,106-HT-T30,SO-34240,DN-1530,PMO - US,From RDC,N/A - From RDC,Air,9/23/2009,30-Nov-09,30-Nov-09,30-Nov-09,ARV,Pediatric,"Stavudine 1mg/ml, powder for oral solution, 200 ml",Oral solution,200.0,100.0,140.0,1.4,0.01,"Aurobindo Unit III, India",No,See DN-1530 (ID#:83964),See DN-1530 (ID#:83964),0.3,
23387,,,,,South Africa,,,,,,10/9/2014,,,,,,PHARMACY DIRECT,,Lamivudine,Generic,150mg,,,,,,,,,,,,116-ZA-T30,SCMS-259078,ASN-33470,PMO - US,Direct Drop,DDP,Truck,9/11/2014,24-Jul-15,24-Jul-15,24-Jul-15,ARV,Adult,"Lamivudine 150mg, tablets, 60 Tabs",Tablet,60.0,74.0,521.82,7.05,0.12,"Aurobindo Unit III, India",No,Weight Captured Separately,Freight Included in Commodity Cost,0.54,FPQ-14942
84811,,,,,Uganda,,,,,,N/A - From RDC,,,,,,SCMS from RDC,,Lamivudine/Tenofovir Disoproxil Fumarate,Generic,300/300mg,,,,,,,,,,,,114-UG-T30,SO-43650,DN-3121,PMO - US,From RDC,N/A - From RDC,Air,11/1/2012,9-Aug-13,9-Aug-13,9-Aug-13,ARV,Adult,"Lamivudine/Tenofovir Disoproxil Fumarate 300/300mg, tablets, 30 Tabs",Tablet - FDC,30.0,1613.0,7581.1,4.7,0.16,"Aurobindo Unit VII, IN",No,See DN-3121 (ID#:83677),See DN-3121 (ID#:83677),9.38,FPQ-10946
84918,,FPQ-13071,,,Guyana,,,,,,N/A - From RDC,,,,,,SCMS from RDC,,Abacavir,Generic,20mg/ml,,,,,,,,,,,,105-GY-T30,SO-46801,DN-3639,PMO - US,From RDC,N/A - From RDC,Air,10/9/2013,5-May-14,25-Apr-14,13-May-14,ARV,Pediatric,"Abacavir 20mg/ml, oral solution w/syringe, Bottle, 240 ml",Oral solution,240.0,30.0,251.4,8.38,0.03,"Aurobindo Unit III, India",Yes,11,871.8,0.26,
78818,109-TZ-T30,FPQ-7909,SCMS-114990,ASN-12159,Tanzania,PMO - US,Direct Drop,EXW,Air,6/24/11,7/18/11,29-Sep-11,5-Oct-11,5-Oct-11,HRDT,HIV test,"Standard Diagnostics, Inc.","HIV 1/2, Bioline 3.0 Kit, Lancets, Capillary pipets, Alcohol swabs included, 25 Tests","HIV 1/2, Bioline 3.0 Kit, Lancets, Capillary pipets, Alcohol swabs included",Bioline,,Test kit,25.0,10000.0,200000.0,20.0,0.8,"Standard Diagnostics, Korea",Yes,3334,22523.12,330.0,,,,,,,,,,,,,,,,,,,,,,,,,,
668,,,,,Guyana,,,,,,7/25/2008,,,,,,ZEPHYR BIOMEDICALS,,Malaria Paramax-3 Kit,Paramax,,,,,,,,,,,,,102-GY-T01,SCMS-27670,ASN-2255,PMO - US,Direct Drop,CIP,Air,Pre-PQ Process,15-Aug-08,15-Aug-08,15-Aug-08,MRDT,Malaria,"Malaria Paramax-3 Kit, 25 Tests",Test kit,25.0,98.0,3675.0,37.5,1.5,Not Applicable,Yes,34,180,5.88,Pre-PQ Process
35660,,,,,Zambia,,,,,,1/23/2013,,,,,,"Orgenics, Ltd",,"HIV 1/2, Determine Complete HIV Kit",Determine,,,,,,,,,,,,,110-ZM-T30,SCMS-173920,ASN-19075,PMO - US,Direct Drop,EXW,Air,1/8/2013,5-Jun-13,5-Jun-13,5-Jun-13,HRDT,HIV test,"HIV 1/2, Determine Complete HIV Kit, 100 Tests",Test kit,100.0,2233.0,178640.0,80.0,0.8,"Alere Medical Co., Ltd.",Yes,925,16740.97,220.98,FPQ-11390
12297,151-NG-T01,Pre-PQ Process,SO-22520,DN-1294,Nigeria,PMO - US,From RDC,N/A - From RDC,Air Charter,Pre-PQ Process,N/A - From RDC,16-Jun-09,16-Jun-09,16-Jun-09,ARV,Adult,SCMS from RDC,"Emtricitabine/Tenofovir Disoproxil Fumarate 200/300mg [Truvada], tablets, 30 Tabs",Emtricitabine/Tenofovir Disoproxil Fumarate,Truvada,300/200mg,Tablet - FDC,30.0,27314.0,716992.5,26.25,0.88,"Aspen-OSD, Port Elizabeth, SA",Yes,2363,7329.83,1405.31,,,,,,,,,,,,,,,,,,,,,,,,,,
55376,108-VN-T30,FPQ-6384,SCMS-87710,ASN-9710,Vietnam,PMO - US,Direct Drop,FCA,Air,9/30/10,10/14/10,25-Feb-11,25-Feb-11,25-Feb-11,ARV,Adult,ABBVIE LOGISTICS (FORMERLY ABBOTT LOGISTICS BV),"Ritonavir 100mg [Norvir], capsules, cool, 4 x 84 Caps",Ritonavir,Norvir,100mg,Capsule,336.0,18.0,3717.18,206.51,0.61,ABBVIE (Abbott) Logis. UK,Yes,55,3785.84,8.01,,,,,,,,,,,,,,,,,,,,,,,,,,
37960,103-ZW-T30,FPQ-9905,SCMS-148300,ASN-17258,Zimbabwe,PMO - US,Direct Drop,FCA,Air,5/29/12,7/18/12,13-Dec-12,13-Dec-12,13-Dec-12,ARV,Pediatric,ABBVIE LOGISTICS (FORMERLY ABBOTT LOGISTICS BV),"Lopinavir/Ritonavir 80/20mg/ml [Kaletra], oral solution, cool, Bottle 5 x 60 ml",Lopinavir/Ritonavir,Kaletra,80/20mg/ml,Oral solution,300.0,1500.0,46230.0,30.82,0.1,ABBVIE (Abbott) Logis. UK,Yes,1374,21730.49,64.81,,,,,,,,,,,,,,,,,,,,,,,,,,
47837,,,,,Rwanda,,,,,,7/16/2009,,,,,,HETERO LABS LIMITED,,Nevirapine,Generic,200mg,,,,,,,,,,,,107-RW-T30,SCMS-48850,ASN-4656,PMO - US,Direct Drop,CIP,Air,6/30/2009,10-Aug-09,10-Aug-09,10-Aug-09,ARV,Adult,"Nevirapine 200mg, tablets, 60 Tabs",Tablet,60.0,9300.0,28737.0,3.09,0.05,Hetero Unit III Hyderabad IN,Yes,550,3054.13,56.32,FPQ-3859
84675,,FPQ-8360,,,Swaziland,,,,,,N/A - From RDC,,,,,,SCMS from RDC,,Lamivudine/Nevirapine/Zidovudine,Generic,150/300/200mg,,,,,,,,,,,,901-SZ-T30,SO-40591,DN-2371,PMO - US,From RDC,N/A - From RDC,Air,9/2/2011,30-Sep-11,29-Sep-11,29-Sep-11,ARV,Adult,"Lamivudine/Nevirapine/Zidovudine 150/200/300mg, tablets, 60 Tabs",Tablet - FDC,60.0,19100.0,214302.0,11.22,0.19,"Aurobindo Unit VII, IN",Yes,2237,3148.12,353.6,
9939,119-NA-T01,Pre-PQ Process,SCMS-28850,ASN-2513,Namibia,PMO - US,Direct Drop,EXW,Air,Pre-PQ Process,8/26/08,25-Sep-08,25-Sep-08,25-Sep-08,HRDT,HIV test,"Orgenics, Ltd","HIV 1/2, Determine HIV Kit, without Lancets, 100 Tests","HIV 1/2, Determine HIV Kit, without Lancets",Determine,,Test kit,100.0,2.0,140.0,70.0,0.7,Inverness Japan,No,See ASN-2513 (ID#:3360),See ASN-2513 (ID#:3360),0.22,,,,,,,,,,,,,,,,,,,,,,,,,,
12045,,Pre-PQ Process,,,Côte d'Ivoire,,,,,,N/A - From RDC,,,,,,SCMS from RDC,,Tenofovir Disoproxil Fumarate,Viread,300mg,,,,,,,,,,,,100-CI-T01,SO-285,DN-74,PMO - US,From RDC,N/A - From RDC,,Pre-PQ Process,30-Apr-07,30-Apr-07,30-Apr-07,ARV,Adult,"Tenofovir Disoproxil Fumarate 300mg [Viread], tablets, 30 Tabs",Tablet,30.0,456.0,7752.0,17.0,0.57,Gilead(Nycomed) Oranienburg DE,Yes,682,2527,,
83194,,FPQ-12354,,,Tanzania,,,,,,N/A - From RDC,,,,,,SCMS from RDC,,Efavirenz/Lamivudine/Tenofovir Disoproxil Fumarate,Generic,600/300/300mg,,,,,,,,,,,,109-TZ-T30,SO-45741,DN-3454,PMO - US,From RDC,N/A - From RDC,Truck,5/16/2013,31-Jan-14,20-Jan-14,29-Jan-14,ARV,Adult,"Efavirenz/Lamivudine/Tenofovir Disoproxil Fumarate 600/300/300mg, tablets, 30 Tabs",Tablet - FDC,30.0,68762.0,766696.3,11.15,0.37,Mylan (formerly Matrix) Nashik,Yes,8456,7134.39,948.4,
83089,103-ZW-T30,FPQ-9907,SO-42270,DN-2914,Zimbabwe,PMO - US,From RDC,N/A - From RDC,Truck,5/15/12,N/A - From RDC,19-Nov-12,19-Nov-12,19-Nov-12,ARV,Pediatric,SCMS from RDC,"Lamivudine/Zidovudine 30/60mg, tablets, 60 Tabs",Lamivudine/Zidovudine,Generic,30/60mg,Tablet - FDC,60.0,26267.0,72496.92,2.76,0.05,Mylan (formerly Matrix) Nashik,Yes,1875,6933.75,101.64,,,,,,,,,,,,,,,,,,,,,,,,,,
70516,,FPQ-14995,,,Nigeria,,,,,,10/29/2014,,,,,,"Orgenics, Ltd",,"HIV 1/2, Determine Complete HIV Kit",Determine,,,,,,,,,,,,,133-NG-T30,SCMS-260700,ASN-29933,PMO - US,Direct Drop,EXW,Air,9/22/2014,19-Jan-15,19-Jan-15,22-Jan-15,HRDT,HIV test,"HIV 1/2, Determine Complete HIV Kit, 100 Tests",Test kit,100.0,3176.0,282664.0,89.0,0.89,"Alere Medical Co., Ltd.",Yes,1288,16002.97,290.58,
84595,,FPQ-6403,,,Uganda,,,,,,N/A - From RDC,,,,,,SCMS from RDC,,Lamivudine/Nevirapine/Zidovudine,Generic,150/300/200mg,,,,,,,,,,,,102-UG-T30,SO-37460,DN-2026,PMO - US,From RDC,N/A - From RDC,Air,9/16/2010,20-Oct-10,25-Oct-10,25-Oct-10,ARV,Adult,"Lamivudine/Nevirapine/Zidovudine 150/200/300mg, tablets, 60 Tabs",Tablet - FDC,60.0,31932.0,358277.04,11.22,0.19,"Aurobindo Unit III, India",No,See DN-2026 (ID#:84047),See DN-2026 (ID#:84047),772.45,
82444,110-ZM-T30,FPQ-7767,SO-40270,DN-2513,Zambia,PMO - US,From RDC,N/A - From RDC,Truck,7/26/11,N/A - From RDC,28-Feb-12,17-Feb-12,17-Feb-12,ARV,Adult,SCMS from RDC,"Abacavir 300mg, tablets, 60 Tabs",Abacavir,Generic,300mg,Tablet,60.0,27452.0,412878.08,15.04,0.25,Mylan (formerly Matrix) Nashik,Yes,3898,11292.05,681.25,,,,,,,,,,,,,,,,,,,,,,,,,,
10936,,Pre-PQ Process,,,Ethiopia,,,,,,N/A - From RDC,,,,,,SCMS from RDC,,Nevirapine,Generic,200mg,,,,,,,,,,,,117-ET-T01,SO-1532,DN-574,PMO - US,From RDC,N/A - From RDC,Air,Pre-PQ Process,31-Jan-08,31-Jan-08,31-Jan-08,ARV,Adult,"Nevirapine 200mg, tablets, 60 Tabs",Tablet,60.0,7511.0,25537.4,3.4,0.06,"Ranbaxy, Paonta Shahib, India",Yes,732,2724.27,40.86,
65849,,,,,South Africa,,,,,,8/27/2014,,,,,,S. BUYS WHOLESALER,,Tenofovir Disoproxil Fumarate,Generic,300mg,,,,,,,,,,,,116-ZA-T30,SCMS-199283,ASN-27979,PMO - US,Direct Drop,DDP,Truck,7/11/2013,27-Aug-14,27-Aug-14,27-Aug-14,ARV,Adult,"Tenofovir Disoproxil Fumarate 300mg, tablets, 30 Tabs",Tablet,30.0,132.0,2983.26,22.6,0.75,"Aurobindo Unit III, India",No,Weight Captured Separately,Freight Included in Commodity Cost,3.69,FPQ-12522
70526,,,,,Vietnam,,,,,,3/10/2014,,,,,,HETERO LABS LIMITED,,Abacavir,Generic,300mg,,,,,,,,,,,,108-VN-T30,SCMS-226260,ASN-26927,PMO - US,Direct Drop,EXW,Air,2/6/2014,13-Aug-14,13-Aug-14,25-Aug-14,ARV,Adult,"Abacavir 300mg, tablets, 60 Tabs",Tablet,60.0,950.0,10877.5,11.45,0.19,Hetero Unit III Hyderabad IN,No,See ASN-26927 (ID#:26612),See ASN-26927 (ID#:26612),11.18,FPQ-13524
83594,,,,,Côte d'Ivoire,,,,,,N/A - From RDC,,,,,,SCMS from RDC,,Abacavir/Lamivudine,Generic,600/300mg,,,,,,,,,,,,104-CI-T30,SO-41470,DN-2699,PMO - US,From RDC,N/A - From RDC,Air Charter,1/30/2012,2-Jul-12,15-Jun-12,15-Jun-12,ARV,Adult,"Abacavir/Lamivudine 600/300mg, scored tablets, 30 Tabs",Tablet - FDC,30.0,2340.0,52650.0,22.5,0.75,Mylan (formerly Matrix) Nashik,Yes,263,2330.21,73.82,FPQ-9261
52540,,,,,Ethiopia,,,,,,2/1/2011,,,,,,Aurobindo Pharma Limited,,Didanosine,Generic,250mg,,,,,,,,,,,,117-ET-T30,SCMS-98310,ASN-10666,PMO - US,Direct Drop,EXW,Air,1/13/2011,4-May-11,4-May-11,4-May-11,ARV,Adult,"Didanosine 250mg, delayed-release capsules, 30 Caps",Delayed-release capsules,30.0,1625.0,21125.0,13.0,0.43,"Aurobindo Unit III, India",Yes,111,1206.62,34.86,FPQ-6976
54829,,,,,Vietnam,,,,,,8/15/2012,,,,,,CIPLA LIMITED,,Zidovudine,Generic,300mg,,,,,,,,,,,,108-VN-T30,SCMS-156160,ASN-16915,PMO - US,Direct Drop,EXW,Air,7/25/2012,15-Nov-12,15-Nov-12,15-Nov-12,ARV,Adult,"Zidovudine 300mg, tablets, 60 Tabs",Tablet,60.0,1475.0,9735.0,6.6,0.11,"Cipla, Goa, India",Yes,96,678.83,13.65,FPQ-10287
85031,104-CI-T30,FPQ-14370,SO-49040,DN-4253,Côte d'Ivoire,PMO - US,From RDC,N/A - From RDC,Truck,5/23/14,N/A - From RDC,8-Jun-15,8-Jun-15,19-Jun-15,ARV,Adult,SCMS from RDC,"Lamivudine/Zidovudine 150/300mg, tablets, 60 Tabs",Lamivudine/Zidovudine,Generic,150/300mg,Tablet - FDC,60.0,25526.0,166429.52,6.52,0.11,Hetero Unit III Hyderabad IN,No,See DN-4253 (ID#:83334),See DN-4253 (ID#:83334),171.09,,,,,,,,,,,,,,,,,,,,,,,,,,
71391,153-NA-T30,FPQ-9698,SCMS-144300,ASN-15068,Namibia,PMO - US,Direct Drop,EXW,Air,4/12/12,5/2/12,16-Jul-12,16-Jul-12,16-Jul-12,HRDT,HIV test,"Trinity Biotech, Plc","HIV 1/2, Uni-Gold HIV Kit, 20 Tests","HIV 1/2, Uni-Gold HIV Kit",Uni-Gold,,Test kit,20.0,416.0,13312.0,32.0,1.6,"Trinity Biotech, Plc",Yes,249,1640.99,18.66,,,,,,,,,,,,,,,,,,,,,,,,,,
85302,,,,,Uganda,,,,,,N/A - From RDC,,,,,,SCMS from RDC,,Nevirapine,Generic,200mg,,,,,,,,,,,,114-UG-T30,SO-42880,DN-2842,PMO - US,From RDC,N/A - From RDC,Truck,7/18/2012,12-Oct-12,25-Sep-12,25-Sep-12,ARV,Adult,"Nevirapine 200mg, tablets, 60 Tabs",Tablet,60.0,22783.0,55134.86,2.42,0.04,Hetero Unit III Hyderabad IN,Yes,1285,6265.36,77.3,FPQ-10357
68096,,,,,Vietnam,,,,,,11/2/2009,,,,,,MYLAN LABORATORIES LTD (FORMERLY MATRIX LABORATORIES),,Zidovudine,Generic,300mg,,,,,,,,,,,,108-VN-T30,SCMS-56290,ASN-6251,PMO - US,Direct Drop,EXW,Air,10/20/2009,22-Mar-10,22-Mar-10,22-Mar-10,ARV,Adult,"Zidovudine 300mg, tablets, 60 Tabs",Tablet,60.0,840.0,6300.0,7.5,0.12,Mylan (formerly Matrix) Nashik,Yes,57,8747.56,12.35,FPQ-4266
20684,,FPQ-14942,,,South Africa,,,,,,1/26/2015,,,,,,PHARMACY DIRECT,,Efavirenz,Generic,600mg,,,,,,,,,,,,116-ZA-T30,SCMS-259072,ASN-30377,PMO - US,Direct Drop,DDP,Truck,9/11/2014,26-Jan-15,26-Jan-15,26-Jan-15,ARV,Adult,"Efavirenz 600mg, tablets, 30 Tabs",Tablet,30.0,153.0,1724.15,11.27,0.38,"Aurobindo Unit III, India",No,Weight Captured Separately,Freight Included in Commodity Cost,1.77,
12197,110-ZM-T01,Pre-PQ Process,SO-1892,DN-694,Zambia,PMO - US,From RDC,N/A - From RDC,,Pre-PQ Process,N/A - From RDC,10-Apr-08,10-Apr-08,10-Apr-08,ARV,Adult,SCMS from RDC,"Efavirenz 600mg, tablets, 30 Tabs",Efavirenz,Generic,600mg,Tablet,30.0,50000.0,600500.0,12.01,0.4,Mylan (formerly Matrix) Nashik,Yes,3897,15007.8,960.8,,,,,,,,,,,,,,,,,,,,,,,,,,
82125,,FPQ-13939,,,Zimbabwe,,,,,,5/27/2014,,,,,,HETERO LABS LIMITED,,Lamivudine/Tenofovir Disoproxil Fumarate,Generic,300/300mg,,,,,,,,,,,,113-ZW-T30,SCMS-240570,ASN-27582,PMO - US,Direct Drop,EXW,Air Charter,4/1/2014,17-Sep-14,17-Sep-14,19-Sep-14,ARV,Adult,"Lamivudine/Tenofovir Disoproxil Fumarate 300/300mg, tablets, 30 Tabs",Tablet - FDC,30.0,15187.0,70163.94,4.62,0.15,Hetero Unit III Hyderabad IN,No,See ASN-27582 (ID#:79885),See ASN-27582 (ID#:79885),72.13,
70041,,FPQ-14813,,,Rwanda,,,,,,12/15/2014,,,,,,EMCURE PHARMACEUTICALS LTD,,Atazanavir/Ritonavir,Generic,300/100mg,,,,,,,,,,,,107-RW-T30,SCMS-261780,ASN-32156,PMO - US,Direct Drop,EXW,Air,10/9/2014,27-May-15,27-May-15,28-May-15,ARV,Adult,"Atazanavir/Ritonavir 300/100mg, tablets, 30 Tabs",Tablet,30.0,8000.0,144000.0,18.0,0.6,"Emcure Plot No.P-2, I.T-B.T. Park, Phase II, MIDC, Hinjwadi, Pune, India",Yes,1045,6949.93,148.03,
78949,100-ZW-T30,FPQ-5018,SCMS-65360,ASN-6755,Zimbabwe,PMO - US,Direct Drop,EXW,Air,2/2/10,2/17/10,18-May-10,18-May-10,18-May-10,HRDT,HIV test,"Orgenics, Ltd","HIV 1/2, Determine Complete HIV Kit, 100 Tests","HIV 1/2, Determine Complete HIV Kit",Determine,,Test kit,100.0,1915.0,137880.0,72.0,0.72,Inverness Japan,Yes,967,18212.87,297.27,,,,,,,,,,,,,,,,,,,,,,,,,,
51579,,,,,"Congo, DRC",,,,,,8/27/2014,,,,,,"Trinity Biotech, Plc",,"HIV 1/2, Uni-Gold HIV Kit",Uni-Gold,,,,,,,,,,,,,101-CD-T30,SCMS-253260,ASN-28279,PMO - US,Direct Drop,EXW,Air,8/11/2014,4-Nov-14,4-Nov-14,20-Nov-14,HRDT,HIV test,"HIV 1/2, Uni-Gold HIV Kit, 20 Tests",Test kit,20.0,423.0,13536.0,32.0,1.6,"Trinity Biotech, Plc",No,See ASN-28279 (ID#:13547),See ASN-28279 (ID#:13547),13.92,FPQ-14654
72085,,FPQ-8742,,,Rwanda,,,,,,5/18/2012,,,,,,HETERO LABS LIMITED,,Efavirenz,Generic,600mg,,,,,,,,,,,,107-RW-T30,SCMS-137420,ASN-15492,PMO - US,Direct Drop,EXW,Ocean,12/7/2011,2-Aug-12,2-Aug-12,2-Aug-12,ARV,Adult,"Efavirenz 600mg, tablets, 30 Tabs",Tablet,30.0,20370.0,72720.9,3.57,0.12,Hetero Unit III Hyderabad IN,Yes,1619,9054.61,101.95,
10917,,,,,Ethiopia,,,,,,N/A - From RDC,,,,,,SCMS from RDC,,Stavudine,Generic,20mg,,,,,,,,,,,,117-ET-T01,SO-1527,DN-522,PMO - US,From RDC,N/A - From RDC,Air,Pre-PQ Process,20-Feb-08,20-Feb-08,20-Feb-08,ARV,Adult,"Stavudine 20mg, capsules, 60 Caps",Capsule,60.0,219.0,383.25,1.75,0.03,"Aurobindo Unit III, India",Yes,16,472.5,0.61,Pre-PQ Process
85719,113-ZW-T30,FPQ-4694,SO-35370,DN-2041,Zimbabwe,PMO - US,From RDC,N/A - From RDC,Truck,12/8/09,N/A - From RDC,30-Nov-10,25-Nov-10,25-Nov-10,ARV,Adult,SCMS from RDC,"Lamivudine/Stavudine 150/30mg, tablets, 60 Tabs",Lamivudine/Stavudine,Generic,150/30mg,Tablet - FDC,60.0,5900.0,18880.0,3.2,0.05,"Cipla, Goa, India",No,See DN-2041 (ID#:83461),See DN-2041 (ID#:83461),40.71,,,,,,,,,,,,,,,,,,,,,,,,,,
84795,104-CI-T30,FPQ-10633,SO-43340,DN-3046,Côte d'Ivoire,PMO - US,From RDC,N/A - From RDC,Truck,9/11/12,N/A - From RDC,30-Apr-13,8-Mar-13,8-Mar-13,ARV,Adult,SCMS from RDC,"Tenofovir Disoproxil Fumarate 300mg, tablets, 30 Tabs",Tenofovir Disoproxil Fumarate,Generic,300mg,Tablet,30.0,4500.0,18180.0,4.04,0.13,Mylan (formerly Matrix) Nashik,No,See DN-3046 (ID#:83119),See DN-3046 (ID#:83119),25.49,,,,,,,,,,,,,,,,,,,,,,,,,,
83701,,,,,Côte d'Ivoire,,,,,,N/A - From RDC,,,,,,SCMS from RDC,,Lopinavir/Ritonavir,Generic,200/50mg,,,,,,,,,,,,104-CI-T30,SO-44220,DN-3216,PMO - US,From RDC,N/A - From RDC,Truck,12/14/2012,31-Jul-13,6-Aug-13,6-Aug-13,ARV,Adult,"Lopinavir/Ritonavir 200/50mg, tablets, 120 Tabs",Tablet,120.0,20000.0,420000.0,21.0,0.18,"Aurobindo Unit III, India",Yes,5633,17548.42,519.54,FPQ-11253
55253,161-ZA-T30,FPQ-5303,SCMS-68981,ASN-8442,South Africa,PMO - US,Direct Drop,DDP,Air,3/18/10,3/19/10,8-Dec-10,8-Dec-10,8-Dec-10,ARV,Adult,Aurobindo Pharma Limited,"Nevirapine 200mg, tablets, 60 Tabs",Nevirapine,Generic,200mg,Tablet,60.0,26400.0,77088.0,2.92,0.05,"Aurobindo Unit III, India",Yes,3113,5159.33,166.2,,,,,,,,,,,,,,,,,,,,,,,,,,
86735,,,,,Mozambique,,,,,,N/A - From RDC,,,,,,SCMS from RDC,,Efavirenz/Lamivudine/Tenofovir Disoproxil Fumarate,Generic,600/300/300mg,,,,,,,,,,,,111-MZ-T30,SO-48885,DN-3957,PMO - US,From RDC,N/A - From RDC,Truck,5/2/2014,31-Dec-14,1-Dec-14,1-Dec-14,ARV,Adult,"Efavirenz/Lamivudine/Tenofovir Disoproxil Fumarate 600/300/300mg, tablets, 30 Tabs",Tablet - FDC,30.0,19492.0,210123.76,10.78,0.36,Mylan (formerly Matrix) Nashik,No,See DN-3957 (ID#:83283),See DN-3957 (ID#:83283),216.01,FPQ-14226
84777,,,,,Zambia,,,,,,N/A - From RDC,,,,,,SCMS from RDC,,Lamivudine,Generic,150mg,,,,,,,,,,,,110-ZM-T30,SO-43150,DN-2973,PMO - US,From RDC,N/A - From RDC,Truck,8/21/2012,9-Jan-13,7-Jan-13,7-Jan-13,ARV,Adult,"Lamivudine 150mg, tablets, 60 Tabs",Tablet,60.0,70647.0,156836.34,2.22,0.04,Hetero Unit III Hyderabad IN,Yes,4067,14050.13,219.88,FPQ-10530
82997,109-TZ-T30,FPQ-8301,SO-40551,DN-2473,Tanzania,PMO - US,From RDC,N/A - From RDC,Truck,9/2/11,N/A - From RDC,15-Feb-12,5-Feb-12,5-Feb-12,ARV,Adult,SCMS from RDC,"Efavirenz/Lamivudine/Tenofovir Disoproxil Fumarate 600/300/300mg, tablets, 30 Tabs",Efavirenz/Lamivudine/Tenofovir Disoproxil Fumarate,Generic,600/300/300mg,Tablet - FDC,30.0,51763.0,884112.04,17.08,0.57,Mylan (formerly Matrix) Nashik,Yes,1645,Freight Included in Commodity Cost,1458.78,,,,,,,,,,,,,,,,,,,,,,,,,,
82622,104-CI-T30,FPQ-11253,SO-44212,DN-3430,Côte d'Ivoire,PMO - US,From RDC,N/A - From RDC,Truck,12/14/12,N/A - From RDC,29-Nov-13,10-Dec-13,8-Jan-14,ARV,Adult,SCMS from RDC,"Lopinavir/Ritonavir 200/50mg, tablets, 120 Tabs",Lopinavir/Ritonavir,Generic,200/50mg,Tablet,120.0,1784.0,37464.0,21.0,0.18,Mylan (formerly Matrix) Nashik,Yes,475,3332.73,46.34,,,,,,,,,,,,,,,,,,,,,,,,,,
84350,,,,,Ghana,,,,,,N/A - From RDC,,,,,,SCMS from RDC,,Efavirenz/Lamivudine/Tenofovir Disoproxil Fumarate,Generic,600/300/300mg,,,,,,,,,,,,105-GH-T30,SO-47930,DN-3590,PMO - US,From RDC,N/A - From RDC,Air,2/19/2014,7-Apr-14,7-Apr-14,17-Apr-14,ARV,Adult,"Efavirenz/Lamivudine/Tenofovir Disoproxil Fumarate 600/300/300mg, tablets, 30 Tabs",Tablet - FDC,30.0,16834.0,182985.58,10.87,0.36,Mylan (formerly Matrix) Nashik,Yes,5447,38560.67,188.11,FPQ-13609
85183,,,,,Nigeria,,,,,,N/A - From RDC,,,,,,SCMS from RDC,,Efavirenz/Emtricitabine/Tenofovir Disoproxil Fumarate,Generic,600/200/300mg,,,,,,,,,,,,151-NG-T30,SO-38190,DN-2163,PMO - US,From RDC,N/A - From RDC,Air Charter,8/25/2010,30-Mar-11,11-May-11,11-May-11,ARV,Adult,"Efavirenz/Emtricitabine/Tenofovir Disoproxil Fumarate 600/200/300mg, tablets, 30 Tabs",Tablet - FDC,30.0,19836.0,395133.12,19.92,0.66,Mylan (formerly Matrix) Nashik,Yes,2164,12601.06,851.91,FPQ-6243
86010,151-NG-T30,FPQ-11771,SO-44753,DN-3364,Nigeria,PMO - US,From RDC,N/A - From RDC,Air Charter,2/28/13,N/A - From RDC,31-Oct-13,14-Oct-13,24-Oct-13,ARV,Adult,SCMS from RDC,"Lopinavir/Ritonavir 200/50mg [Aluvia], tablets, 120 Tabs",Lopinavir/Ritonavir,Aluvia,200/50mg,Tablet,120.0,56260.0,1137577.2,20.22,0.17,ABBVIE Ludwigshafen Germany,Yes,12427,20225.08,1407.18,,,,,,,,,,,,,,,,,,,,,,,,,,
26466,123-NG-T30,FPQ-9201,SCMS-144320,ASN-14987,Nigeria,PMO - US,Direct Drop,EXW,Air,3/19/12,5/1/12,5-Jun-12,5-Jun-12,5-Jun-12,ANTM,Malaria,IDA FOUNDATION,"Sulfadoxine/Pyrimethamine 500/25mg, tablets, Blister 10 x 3 Tabs",Sulfadoxine/Pyrimethamine,Generic,500/25mg,Tablet - FDC + blister,30.0,1200.0,1836.0,1.53,0.05,"Micro Labs Ltd. (Brown & Burk), India",Yes,52,428.66,2.57,,,,,,,,,,,,,,,,,,,,,,,,,,
62370,116-ZA-T30,FPQ-12522,SCMS-199289,ASN-28036,South Africa,PMO - US,Direct Drop,DDP,Truck,7/11/13,8/29/14,29-Aug-14,29-Aug-14,29-Aug-14,ARV,Adult,S. BUYS WHOLESALER,"Didanosine 250mg, delayed-release capsules, 30 Caps",Didanosine,Generic,250mg,Delayed-release capsules,30.0,11.0,185.01,16.82,0.56,"Aurobindo Unit III, India",No,Weight Captured Separately,Freight Included in Commodity Cost,0.23,,,,,,,,,,,,,,,,,,,,,,,,,,
1078,116-ZA-T01,Pre-PQ Process,SCMS-41460,ASN-4502,South Africa,PMO - US,Direct Drop,DDP,Truck,Pre-PQ Process,3/18/09,25-Jun-09,5-Jun-09,5-Jun-09,ARV,Pediatric,S. BUYS WHOLESALER,"Efavirenz 50mg, capsule, 30 Caps",Efavirenz,Generic,50mg,Capsule,30.0,5300.0,16642.0,3.14,0.1,"Aurobindo Unit III, India",Yes,Weight Captured Separately,Freight Included in Commodity Cost,32.62,,,,,,,,,,,,,,,,,,,,,,,,,,
84765,114-UG-T30,FPQ-10357,SO-42900,DN-2921,Uganda,PMO - US,From RDC,N/A - From RDC,Truck,7/18/12,N/A - From RDC,10-Dec-12,19-Nov-12,19-Nov-12,ARV,Adult,SCMS from RDC,"Lamivudine/Tenofovir Disoproxil Fumarate 300/300mg, tablets, 30 Tabs",Lamivudine/Tenofovir Disoproxil Fumarate,Generic,300/300mg,Tablet - FDC,30.0,22783.0,122116.88,5.36,0.18,Hetero Unit III Hyderabad IN,No,See DN-2921 (ID#:82527),See DN-2921 (ID#:82527),171.21,,,,,,,,,,,,,,,,,,,,,,,,,,
84625,,FPQ-6470,,,Zimbabwe,,,,,,N/A - From RDC,,,,,,SCMS from RDC,,Lamivudine/Stavudine,Generic,150/30mg,,,,,,,,,,,,113-ZW-T30,SO-38830,DN-2128,PMO - US,From RDC,N/A - From RDC,Truck,10/13/2010,31-Mar-11,18-Mar-11,18-Mar-11,ARV,Adult,"Lamivudine/Stavudine 150/30mg, tablets, 60 Tabs",Tablet - FDC,60.0,1883.0,6025.6,3.2,0.05,"Cipla, Goa, India",No,See DN-2128 (ID#:84624),See DN-2128 (ID#:84624),12.99,
78397,,,,,Namibia,,,,,,8/29/2014,,,,,,HETERO LABS LIMITED,,Efavirenz,Generic,600mg,,,,,,,,,,,,901-NA-T30,SCMS-253430,ASN-28398,PMO - US,Direct Drop,EXW,Air,7/30/2014,13-Oct-14,13-Oct-14,13-Oct-14,ARV,Adult,"Efavirenz 600mg, tablets, 30 Tabs",Tablet,30.0,21050.0,73675.0,3.5,0.12,"Hetero, Jadcherla, unit 5, IN",Yes,1812,8683.99,75.74,FPQ-14689
40580,800-CM-T30,FPQ-12571,SCMS-198570,ASN-21309,Cameroon,PMO - US,Direct Drop,EXW,Air,7/2/13,7/22/13,27-Aug-13,27-Aug-13,27-Aug-13,HRDT,HIV test,"Orgenics, Ltd","HIV 1/2, Determine Complete HIV Kit, 100 Tests","HIV 1/2, Determine Complete HIV Kit",Determine,,Test kit,100.0,5000.0,400000.0,80.0,0.8,"Alere Medical Co., Ltd.",Yes,2268,37942.89,494.8,,,,,,,,,,,,,,,,,,,,,,,,,,
83416,151-NG-T30,FPQ-4537,SO-34890,DN-1762,Nigeria,PMO - US,From RDC,N/A - From RDC,Air,11/6/09,N/A - From RDC,19-Apr-10,31-Mar-10,31-Mar-10,ARV,Adult,SCMS from RDC,"Nevirapine 200mg, tablets, 60 Tabs",Nevirapine,Generic,200mg,Tablet,60.0,15000.0,40950.0,2.73,0.05,"Aurobindo Unit III, India",Yes,1444,124350.84,88.29,,,,,,,,,,,,,,,,,,,,,,,,,,
12641,,Pre-PQ Process,,,Zambia,,,,,,N/A - From RDC,,,,,,SCMS from RDC,,Lamivudine,Generic,150mg,,,,,,,,,,,,110-ZM-T01,SO-374,DN-56,PMO - US,From RDC,N/A - From RDC,,Pre-PQ Process,26-Mar-07,26-Mar-07,26-Mar-07,ARV,Adult,"Lamivudine 150mg, tablets, 60 Tabs",Tablet,60.0,3334.0,11035.54,3.31,0.06,"Ranbaxy, Paonta Shahib, India",Yes,179,1170.16,,
4854,,,,,Guyana,,,,,,12/12/2008,,,,,,"Orgenics, Ltd",,"HIV 1/2, Determine Complete HIV Kit",Determine,,,,,,,,,,,,,102-GY-T01,SCMS-35550,ASN-3190,PMO - US,Direct Drop,EXW,Air,Pre-PQ Process,30-Jan-09,23-Jan-09,23-Jan-09,HRDT,HIV test,"HIV 1/2, Determine Complete HIV Kit, 100 Tests",Test kit,100.0,351.0,25272.0,72.0,0.72,Inverness Japan,Yes,60,1097.78,49.53,Pre-PQ Process
85596,,FPQ-14989,,,Nigeria,,,,,,N/A - From RDC,,,,,,SCMS from RDC,,Lamivudine/Nevirapine/Zidovudine,Generic,150/300/200mg,,,,,,,,,,,,151-NG-T30,SO-49935,DN-4260,PMO - US,From RDC,N/A - From RDC,Air Charter,9/19/2014,30-Jun-15,28-Apr-15,29-Apr-15,ARV,Adult,"Lamivudine/Nevirapine/Zidovudine 150/200/300mg, tablets, 60 Tabs",Tablet - FDC,60.0,234519.0,1810486.68,7.72,0.13,"Cipla, Goa, India",Yes,51833,107573.94,1861.18,
65238,,FPQ-14357,,,Ethiopia,,,,,,6/23/2014,,,,,,"SHANGHAI KEHUA BIOENGINEERING CO.,LTD.  (KHB)",,"HIV 1/2, Colloidal Gold, Diagnostic Kit, Antibody",Colloidal Gold,,,,,,,,,,,,,117-ET-T30,SCMS-244860,ASN-27173,PMO - US,Direct Drop,EXW,Air,6/3/2014,29-Jul-14,29-Jul-14,6-Aug-14,HRDT,HIV test,"HIV 1/2, SKB Colloidal Gold, Diagnostic Kit, Antibody, 50 Tests",Test kit,1.0,7527.0,184411.5,24.5,24.5,"KHB Test Kit Facility, Shanghai China",Yes,5020,78813.53,189.58,
8590,116-ZA-T01,Pre-PQ Process,SCMS-26820,ASN-2488,South Africa,PMO - US,Direct Drop,DDP,Truck,Pre-PQ Process,Date Not Captured,10-Jul-08,8-Jul-08,8-Jul-08,ARV,Pediatric,S. BUYS WHOLESALER,"Lopinavir/Ritonavir 80/20mg/ml [Kaletra], oral solution, cool, Bottle 5 x 60 ml",Lopinavir/Ritonavir,Kaletra,80/20mg/ml,Oral solution,300.0,10.0,354.6,35.46,0.12,ABBVIE (Abbott) Logis. UK,No,Weight Captured Separately,Freight Included in Commodity Cost,0.57,,,,,,,,,,,,,,,,,,,,,,,,,,
3753,,Pre-PQ Process,,,South Africa,,,,,,Date Not Captured,,,,,,S. BUYS WHOLESALER,,Saquinavir,Invirase,200mg,,,,,,,,,,,,116-ZA-T01,SCMS-41210,ASN-3737,PMO - US,Direct Drop,DDP,Air,Pre-PQ Process,30-Mar-09,23-Jan-09,23-Jan-09,ARV,Adult,"Saquinavir 200mg [Invirase], capsules, 270 Caps",Capsule,270.0,2.0,114.9,57.45,0.21,Roche Basel,Yes,Weight Captured Separately,Freight Included in Commodity Cost,0.23,
45327,,FPQ-14728,,,Namibia,,,,,,8/19/2014,,,,,,MYLAN LABORATORIES LTD (FORMERLY MATRIX LABORATORIES),,Efavirenz/Emtricitabine/Tenofovir Disoproxil Fumarate,Generic,600/200/300mg,,,,,,,,,,,,901-NA-T30,SCMS-252630,ASN-29183,PMO - US,Direct Drop,EXW,Air,7/30/2014,25-Nov-14,25-Nov-14,26-Nov-14,ARV,Adult,"Efavirenz/Emtricitabine/Tenofovir Disoproxil Fumarate 600/200/300mg, tablets, 30 Tabs",Tablet - FDC,30.0,17640.0,185220.0,10.5,0.35,"Mylan,  H-12 & H-13, India",No,See ASN-29183 (ID#:31368),See ASN-29183 (ID#:31368),190.41,
27236,,,,,Haiti,,,,,,3/22/2013,,,,,,MICRO LABS LIMITED,,Lamivudine,Generic,150mg,,,,,,,,,,,,106-HT-T30,SCMS-180960,ASN-20434,PMO - US,Direct Drop,EXW,Air,2/7/2013,14-Aug-13,14-Aug-13,14-Aug-13,ARV,Adult,"Lamivudine 150mg, tablets, 60 Tabs",Tablet,60.0,1260.0,2318.4,1.84,0.03,"Micro labs, Verna, Goa, India",No,See ASN-20434 (ID#:13874),See ASN-20434 (ID#:13874),2.87,FPQ-11443
58425,116-ZA-T30,FPQ-3560,SCMS-49642,ASN-5244,South Africa,PMO - US,Direct Drop,DDP,Truck,5/7/09,7/21/09,19-Nov-09,19-Nov-09,19-Nov-09,ARV,Pediatric,S. BUYS WHOLESALER,"Abacavir 20mg/ml [Ziagen], oral solution, Bottle, 240 ml",Abacavir,Ziagen,20mg/ml,Oral solution,240.0,1.0,19.97,19.97,0.08,GSK Mississauga (Canada),Yes,Weight Captured Separately,Freight Included in Commodity Cost,0.04,,,,,,,,,,,,,,,,,,,,,,,,,,
12810,,Pre-PQ Process,,,Zimbabwe,,,,,,N/A - From RDC,,,,,,SCMS from RDC,,"HIV, Lancet, Safety, for HIV Test kits, 100 Pcs",Generic,,,,,,,,,,,,,113-ZW-T01,SO-1873,DN-773,PMO - US,From RDC,N/A - From RDC,Air,Pre-PQ Process,17-Jun-08,17-Jun-08,17-Jun-08,HRDT,HIV test - Ancillary,"HIV, Lancet, Safety, for HIV Test kits, 100 Pcs",Test kit - Ancillary,100.0,550.0,5.5,0.01,0.0,Inverness Japan,No,See DN-773 (ID#:11267),See DN-773 (ID#:11267),0.01,
12495,,,,,Tanzania,,,,,,N/A - From RDC,,,,,,SCMS from RDC,,Lamivudine/Zidovudine,Generic,150/300mg,,,,,,,,,,,,109-TZ-T01,SO-2558,DN-764,PMO - US,From RDC,N/A - From RDC,Truck,Pre-PQ Process,30-Jun-08,30-Jun-08,30-Jun-08,ARV,Adult,"Lamivudine/Zidovudine 150/300mg, tablets, 60 Tabs",Tablet - FDC,60.0,112191.0,1060204.95,9.45,0.16,"Aurobindo Unit III, India",Yes,10453,8831.92,1696.33,Pre-PQ Process
61501,,,,,South Africa,,,,,,9/24/2010,,,,,,Aurobindo Pharma Limited,,Tenofovir Disoproxil Fumarate,Generic,300mg,,,,,,,,,,,,161-ZA-T30,SCMS-83730,ASN-9482,PMO - US,Direct Drop,DDP,Ocean,8/31/2010,29-Dec-10,10-Mar-11,10-Mar-11,ARV,Adult,"Tenofovir Disoproxil Fumarate 300mg, tablets, 30 Tabs",Tablet,30.0,146670.0,975355.5,6.65,0.22,"Aurobindo Unit III, India",Yes,13690,15213.22,2102.87,FPQ-6262
86429,,,,,Nigeria,,,,,,N/A - From RDC,,,,,,SCMS from RDC,,Nevirapine,Generic,200mg,,,,,,,,,,,,151-NG-T30,SO-40654,DN-2462,PMO - US,From RDC,N/A - From RDC,Air Charter,8/29/2011,2-Mar-12,18-Dec-11,18-Dec-11,ARV,Adult,"Nevirapine 200mg, tablets, 60 Tabs",Tablet,60.0,85722.0,221162.76,2.58,0.04,"Strides, Bangalore, India.",No,See DN-2462 (ID#:82425),See DN-2462 (ID#:82425),364.92,FPQ-8364
11402,107-RW-T01,Pre-PQ Process,SO-240,DN-150,Rwanda,PMO - US,From RDC,N/A - From RDC,Air,Pre-PQ Process,N/A - From RDC,22-May-07,22-May-07,22-May-07,HRDT,HIV test,SCMS from RDC,"HIV 1/2, Capillus HIV Kit, 100 Tests","HIV 1/2, Capillus HIV Kit",Capillus,,Test kit,100.0,60.0,8340.0,139.0,1.39,"Trinity Biotech, Plc",No,See DN-150 (ID#:11401),See DN-150 (ID#:11401),,,,,,,,,,,,,,,,,,,,,,,,,,,
68268,,,,,Ethiopia,,,,,,1/30/2012,,,,,,ABBVIE LOGISTICS (FORMERLY ABBOTT LOGISTICS BV),,Lopinavir/Ritonavir,Kaletra,80/20mg/ml,,,,,,,,,,,,117-ET-T30,SCMS-135780,ASN-13723,PMO - US,Direct Drop,FCA,Air,1/26/2012,20-Feb-12,20-Feb-12,20-Feb-12,ARV,Pediatric,"Lopinavir/Ritonavir 80/20mg/ml [Kaletra], oral solution, cool, Bottle 5 x 60 ml",Oral solution,300.0,699.0,21543.18,30.82,0.1,ABBVIE (Abbott) Logis. UK,Yes,728,6941.12,30.2,FPQ-9247
84408,,,,,Zambia,,,,,,N/A - From RDC,,,,,,SCMS from RDC,,Lamivudine/Tenofovir Disoproxil Fumarate,Generic,300/300mg,,,,,,,,,,,,110-ZM-T30,SO-47206,DN-3876,PMO - US,From RDC,N/A - From RDC,Truck,10/31/2013,29-Aug-14,23-Sep-14,6-Oct-14,ARV,Adult,"Lamivudine/Tenofovir Disoproxil Fumarate 300/300mg, tablets, 30 Tabs",Tablet - FDC,30.0,14055.0,65074.65,4.63,0.15,"Cipla, Kurkumbh, India",Yes,1406,1335.02,66.9,FPQ-13221
12563,104-CI-T01,Pre-PQ Process,SO-970,DN-1163,Côte d'Ivoire,PMO - US,From RDC,N/A - From RDC,Air,Pre-PQ Process,N/A - From RDC,23-Mar-09,23-Mar-09,23-Mar-09,ARV,Pediatric,SCMS from RDC,"Lopinavir/Ritonavir 80/20mg/ml [Kaletra], oral solution, cool, Bottle 5 x 60 ml",Lopinavir/Ritonavir,Kaletra,80/20mg/ml,Oral solution,300.0,405.0,16645.5,41.1,0.14,ABBVIE (Abbott) Logis. UK,No,See DN-1163 (ID#:11030),See DN-1163 (ID#:11030),32.63,,,,,,,,,,,,,,,,,,,,,,,,,,
48825,,,,,Vietnam,,,,,,3/19/2015,,,,,,HETERO LABS LIMITED,,Tenofovir Disoproxil Fumarate,Generic,300mg,,,,,,,,,,,,108-VN-T30,SCMS-281670,ASN-32017,PMO - US,Direct Drop,EXW,Air,1/28/2015,13-Jul-15,13-Jul-15,14-Jul-15,ARV,Adult,"Tenofovir Disoproxil Fumarate 300mg, tablets, 30 Tabs",Tablet,30.0,22700.0,71505.0,3.15,0.1,Hetero Unit III Hyderabad IN,Yes,Weight Captured Separately,Invoiced Separately,84.16,FPQ-15692
83618,102-CD-T30,FPQ-9906,SO-42340,DN-2812,"Congo, DRC",PMO - US,From RDC,N/A - From RDC,Air,5/15/12,N/A - From RDC,14-Feb-13,14-Feb-13,14-Feb-13,ARV,Adult,SCMS from RDC,"Lamivudine/Tenofovir Disoproxil Fumarate 300/300mg, tablets, 30 Tabs",Lamivudine/Tenofovir Disoproxil Fumarate,Generic,300/300mg,Tablet - FDC,30.0,369.0,1977.84,5.36,0.18,Mylan (formerly Matrix) Nashik,No,See DN-2812 (ID#:83068),See DN-2812 (ID#:83068),2.77,,,,,,,,,,,,,,,,,,,,,,,,,,
12662,,,,,Côte d'Ivoire,,,,,,N/A - From RDC,,,,,,SCMS from RDC,,Tenofovir Disoproxil Fumarate,Viread,300mg,,,,,,,,,,,,104-CI-T01,SO-641,DN-174,PMO - US,From RDC,N/A - From RDC,,Pre-PQ Process,8-Jun-07,8-Jun-07,8-Jun-07,ARV,Adult,"Tenofovir Disoproxil Fumarate 300mg [Viread], tablets, 30 Tabs",Tablet,30.0,621.0,10557.0,17.0,0.57,Gilead(Nycomed) Oranienburg DE,Yes,40,1388,,Pre-PQ Process
11689,114-UG-T01,Pre-PQ Process,SO-33000,DN-1468,Uganda,PMO - US,From RDC,N/A - From RDC,Air,Date Not Captured,N/A - From RDC,12-Oct-09,12-Oct-09,12-Oct-09,ARV,Adult,SCMS from RDC,"Lamivudine/Nevirapine/Zidovudine 150/200/300mg, tablets, 60 Tabs",Lamivudine/Nevirapine/Zidovudine,Generic,150/300/200mg,Tablet - FDC,60.0,350.0,3972.5,11.35,0.19,"Aurobindo Unit III, India",Yes,45,749.25,7.79,,,,,,,,,,,,,,,,,,,,,,,,,,
83507,,FPQ-7658,,,Benin,,,,,,N/A - From RDC,,,,,,SCMS from RDC,,Lopinavir/Ritonavir,Aluvia,200/50mg,,,,,,,,,,,,100-BJ-T30,SO-39810,DN-2250,PMO - US,From RDC,N/A - From RDC,Air,5/15/2011,13-Jun-11,30-Jun-11,30-Jun-11,ARV,Adult,"Lopinavir/Ritonavir 200/50mg [Aluvia], tablets, 120 Tabs",Tablet,120.0,611.0,20615.14,33.74,0.28,ABBVIE Ludwigshafen Germany,Yes,129,6477.67,34.01,
86310,,,,,Côte d'Ivoire,,,,,,N/A - From RDC,,,,,,SCMS from RDC,,Lamivudine/Stavudine,Generic,150/30mg,,,,,,,,,,,,104-CI-T30,SO-36861,DN-1872,PMO - US,From RDC,N/A - From RDC,Air,5/7/2010,5-Jul-10,30-Jun-10,30-Jun-10,ARV,Adult,"Lamivudine/Stavudine 150/30mg, tablets, 60 Tabs",Tablet - FDC,60.0,8021.0,26308.88,3.28,0.05,"Cipla, Goa, India",Yes,611,17117.51,56.72,FPQ-5623
83981,104-CI-T30,FPQ-4378,SO-34410,DN-1662,Côte d'Ivoire,PMO - US,From RDC,N/A - From RDC,Air,10/15/09,N/A - From RDC,9-Mar-10,1-Mar-10,1-Mar-10,ARV,Pediatric,SCMS from RDC,"Efavirenz 200mg, capsule, 90 Caps",Efavirenz,Generic,200mg,Capsule,90.0,2066.0,20804.62,10.07,0.11,"Aurobindo Unit III, India",Yes,1560,3688.33,40.78,,,,,,,,,,,,,,,,,,,,,,,,,,
85394,,FPQ-12253,,,Uganda,,,,,,N/A - From RDC,,,,,,SCMS from RDC,,Lamivudine/Nevirapine/Zidovudine,Generic,150/300/200mg,,,,,,,,,,,,114-UG-T30,SO-45460,DN-3271,PMO - US,From RDC,N/A - From RDC,Air,5/8/2013,2-Sep-13,2-Sep-13,2-Sep-13,ARV,Adult,"Lamivudine/Nevirapine/Zidovudine 150/200/300mg, tablets, 60 Tabs",Tablet - FDC,60.0,59680.0,512054.4,8.58,0.14,Hetero Unit III Hyderabad IN,Yes,9886,58707,633.41,
82670,110-ZM-T30,FPQ-13574,SO-47791,DN-3657,Zambia,PMO - US,From RDC,N/A - From RDC,Air,1/16/14,N/A - From RDC,8-Apr-14,18-Apr-14,22-May-14,ARV,Pediatric,SCMS from RDC,"Nevirapine 10mg/ml, oral suspension w/syringe, Bottle, 240 ml",Nevirapine,Generic,10mg/ml,Oral suspension,240.0,1222.0,2175.16,1.78,0.01,"Aurobindo Unit III, India",Yes,825,6380.09,2.24,,,,,,,,,,,,,,,,,,,,,,,,,,
72776,102-GY-T30,FPQ-6983,SCMS-97150,ASN-9832,Guyana,PMO - US,Direct Drop,EXW,Air,1/5/11,2/2/11,28-Mar-11,28-Mar-11,28-Mar-11,HRDT,HIV test,"Trinity Biotech, Plc","HIV 1/2, Uni-Gold HIV Kit, 20 Tests","HIV 1/2, Uni-Gold HIV Kit",Uni-Gold,,Test kit,20.0,1975.0,63200.0,32.0,1.6,"Trinity Biotech, Plc",Yes,659,9106.51,104.28,,,,,,,,,,,,,,,,,,,,,,,,,,
22196,,,,,Vietnam,,,,,,4/30/2014,,,,,,MICRO LABS LIMITED,,Efavirenz,Generic,600mg,,,,,,,,,,,,108-VN-T30,SCMS-236100,ASN-28777,PMO - US,Direct Drop,EXW,Air,4/8/2014,26-Nov-14,26-Nov-14,26-Nov-14,ARV,Adult,"Efavirenz 600mg, tablets, 30 Tabs",Tablet,30.0,21000.0,62580.0,2.98,0.1,"Micro labs, Verna, Goa, India",Yes,3244,6195.84,64.33,FPQ-13976
86665,104-CI-T30,FPQ-12800,SO-46430,DN-3599,Côte d'Ivoire,PMO - US,From RDC,N/A - From RDC,Truck,8/9/13,N/A - From RDC,30-Apr-14,14-Apr-14,22-May-14,ARV,Adult,SCMS from RDC,"Efavirenz/Lamivudine/Tenofovir Disoproxil Fumarate 600/300/300mg, tablets, 30 Tabs",Efavirenz/Lamivudine/Tenofovir Disoproxil Fumarate,Generic,600/300/300mg,Tablet - FDC,30.0,60200.0,633304.0,10.52,0.35,Hetero Unit III Hyderabad IN,No,See DN-3599 (ID#:84351),See DN-3599 (ID#:84351),783.4,,,,,,,,,,,,,,,,,,,,,,,,,,
85466,,,,,Côte d'Ivoire,,,,,,N/A - From RDC,,,,,,SCMS from RDC,,Abacavir/Lamivudine,Generic,60/30mg,,,,,,,,,,,,104-CI-T30,SO-47150,DN-3656,PMO - US,From RDC,N/A - From RDC,Truck,10/22/2013,30-Apr-14,22-Apr-14,11-Jun-14,ARV,Pediatric,"Abacavir/Lamivudine 60/30mg, dispersible tablets, 60 Tabs",Chewable/dispersible tablet - FDC,60.0,11000.0,61930.0,5.63,0.09,"Cipla, Patalganga, India",No,See DN-3656 (ID#:84922),See DN-3656 (ID#:84922),63.66,FPQ-13142
25127,116-ZA-T30,FPQ-4359,SCMS-54980,ASN-5373,South Africa,PMO - US,Direct Drop,DDP,Truck,10/8/09,10/15/09,19-Oct-09,19-Oct-09,19-Oct-09,ARV,Pediatric,S. BUYS WHOLESALER,"Didanosine 100mg [Videx],chewable tablets, 60 Tabs",Didanosine,Videx,100mg,Chewable/dispersible tablet,60.0,10.0,162.9,16.29,0.27,"BMS Meymac, France",No,Weight Captured Separately,Freight Included in Commodity Cost,0.32,,,,,,,,,,,,,,,,,,,,,,,,,,
32973,116-ZA-T30,FPQ-14942,SCMS-259078,ASN-33473,South Africa,PMO - US,Direct Drop,DDP,Truck,9/11/14,10/9/14,24-Jul-15,24-Jul-15,24-Jul-15,ARV,Adult,PHARMACY DIRECT,"Raltegravir 400mg [Isentress], tablets, 60 Tabs",Raltegravir,Isentress,400mg,Tablet,60.0,30.0,1972.56,65.75,1.1,"MSD, Haarlem, NL",No,Weight Captured Separately,Freight Included in Commodity Cost,2.03,,,,,,,,,,,,,,,,,,,,,,,,,,
86281,,FPQ-4537,,,Nigeria,,,,,,N/A - From RDC,,,,,,SCMS from RDC,,Stavudine,Generic,20mg,,,,,,,,,,,,151-NG-T30,SO-35131,DN-1736,PMO - US,From RDC,N/A - From RDC,Air Charter,11/6/2009,31-May-10,31-Mar-10,31-Mar-10,ARV,Adult,"Stavudine 20mg, capsules, 60 Caps",Capsule,60.0,61.0,87.23,1.43,0.02,"Aurobindo Unit III, India",Yes,4,Freight Included in Commodity Cost,0.19,
84782,,FPQ-10632,,,Zimbabwe,,,,,,N/A - From RDC,,,,,,SCMS from RDC,,Lamivudine/Tenofovir Disoproxil Fumarate,Generic,300/300mg,,,,,,,,,,,,113-ZW-T30,SO-43220,DN-2989,PMO - US,From RDC,N/A - From RDC,Truck,9/11/2012,11-Feb-13,11-Feb-13,11-Feb-13,ARV,Adult,"Lamivudine/Tenofovir Disoproxil Fumarate 300/300mg, tablets, 30 Tabs",Tablet - FDC,30.0,119481.0,574703.61,4.81,0.16,"Aurobindo Unit VII, IN",No,See DN-2989 (ID#:84216),See DN-2989 (ID#:84216),805.73,
86349,,,,,Nigeria,,,,,,N/A - From RDC,,,,,,SCMS from RDC,,Nevirapine,Generic,200mg,,,,,,,,,,,,151-NG-T30,SO-37920,DN-2047,PMO - US,From RDC,N/A - From RDC,Air Charter,5/27/2010,18-Nov-10,9-Nov-10,9-Nov-10,ARV,Adult,"Nevirapine 200mg, tablets, 60 Tabs",Tablet,60.0,11022.0,28436.76,2.58,0.04,"Aurobindo Unit III, India",No,See DN-2047 (ID#:82925),See DN-2047 (ID#:82925),61.31,FPQ-5688
83867,,FPQ-14396,,,Uganda,,,,,,N/A - From RDC,,,,,,SCMS from RDC,,Efavirenz,Generic,600mg,,,,,,,,,,,,114-UG-T30,SO-48971,DN-4070,PMO - US,From RDC,N/A - From RDC,Truck,6/4/2014,16-Feb-15,24-Jan-15,3-Feb-15,ARV,Adult,"Efavirenz 600mg, tablets, 30 Tabs",Tablet,30.0,37500.0,120375.0,3.21,0.11,"Cipla, Goa, India",Yes,3961,3562.44,123.75,
29140,,FPQ-12539,,,Vietnam,,,,,,7/25/2013,,,,,,Aurobindo Pharma Limited,,Abacavir,Generic,300mg,,,,,,,,,,,,108-VN-T30,SCMS-199730,ASN-22935,PMO - US,Direct Drop,EXW,Air,7/11/2013,24-Dec-13,24-Dec-13,23-Dec-13,ARV,Adult,"Abacavir 300mg, tablets, 60 Tabs",Tablet,60.0,809.0,9222.6,11.4,0.19,"Aurobindo Unit III, India",Yes,81,459.72,11.41,
10846,,Pre-PQ Process,,,Guyana,,,,,,N/A - From RDC,,,,,,SCMS from RDC,,Zidovudine,Generic,300mg,,,,,,,,,,,,105-GY-T01,SO-693,DN-232,PMO - US,From RDC,N/A - From RDC,Air,Pre-PQ Process,18-Jul-07,18-Jul-07,18-Jul-07,ARV,Adult,"Zidovudine 300mg, tablets, 60 Tabs",Tablet,60.0,209.0,1703.35,8.15,0.14,"Ranbaxy, Paonta Shahib, India",Yes,12,764.62,2.73,
85834,151-NG-T30,FPQ-8952,SO-41265,DN-2567,Nigeria,PMO - US,From RDC,N/A - From RDC,Air Charter,12/8/11,N/A - From RDC,20-Jun-12,16-Feb-12,16-Feb-12,ARV,Adult,SCMS from RDC,"Lamivudine 150mg, tablets, 60 Tabs",Lamivudine,Generic,150mg,Tablet,60.0,7736.0,18024.88,2.33,0.04,"Aurobindo Unit III, India",No,See DN-2567 (ID#:85241),See DN-2567 (ID#:85241),25.27,,,,,,,,,,,,,,,,,,,,,,,,,,
12455,,Pre-PQ Process,,,Rwanda,,,,,,N/A - From RDC,,,,,,SCMS from RDC,,Lamivudine,Generic,10mg/ml,,,,,,,,,,,,107-RW-T01,SO-1534,DN-590,PMO - US,From RDC,N/A - From RDC,Air,Pre-PQ Process,29-Feb-08,29-Feb-08,29-Feb-08,ARV,Pediatric,"Lamivudine 10mg/ml, oral solution, Bottle, 240 ml",Oral solution,240.0,2000.0,3940.0,1.97,0.01,"Aurobindo Unit III, India",No,See DN-590 (ID#:11517),See DN-590 (ID#:11517),6.3,
86029,109-TZ-T30,FPQ-12587,SO-45997,DN-3477,Tanzania,PMO - US,From RDC,N/A - From RDC,Truck,7/4/13,N/A - From RDC,31-Jan-14,7-Mar-14,12-Mar-14,ARV,Pediatric,SCMS from RDC,"Lamivudine/Nevirapine/Stavudine 30/50/6mg, dispersible tablets, 60 Tabs",Lamivudine/Nevirapine/Stavudine,Generic,30/50/6mg,Chewable/dispersible tablet - FDC,60.0,9312.0,21417.6,2.3,0.04,"Cipla, Goa, India",Yes,1221,4847.8,26.49,,,,,,,,,,,,,,,,,,,,,,,,,,
85301,,FPQ-9749,,,Côte d'Ivoire,,,,,,N/A - From RDC,,,,,,SCMS from RDC,,Efavirenz,Generic,200mg,,,,,,,,,,,,104-CI-T30,SO-42382,DN-2837,PMO - US,From RDC,N/A - From RDC,Truck,4/19/2012,13-Nov-12,5-Sep-12,5-Sep-12,ARV,Pediatric,"Efavirenz 200mg, capsule, 90 Caps",Capsule,90.0,3400.0,28084.0,8.26,0.09,"Aurobindo Unit III, India",No,See DN-2837 (ID#:82507),See DN-2837 (ID#:82507),39.37,
6914,,Pre-PQ Process,,,South Africa,,,,,,1/4/2008,,,,,,"JSI R&T INSTITUTE, INC.",,Lopinavir/Ritonavir,Kaletra,80/20mg/ml,,,,,,,,,,,,116-ZA-T01,SCMS-16600,ASN-1520,PMO - US,Direct Drop,DDP,,Pre-PQ Process,21-Jan-08,4-Jan-08,4-Jan-08,ARV,Pediatric,"Lopinavir/Ritonavir 80/20mg/ml [Kaletra], oral solution, cool, Bottle 5 x 60 ml",Oral solution,300.0,30.0,1384.5,46.15,0.15,ABBVIE (Abbott) Logis. UK,No,Weight Captured Separately,Freight Included in Commodity Cost,2.22,
86519,,FPQ-9749,,,Côte d'Ivoire,,,,,,N/A - From RDC,,,,,,SCMS from RDC,,Efavirenz,Generic,600mg,,,,,,,,,,,,104-CI-T30,SO-42400,DN-2880,PMO - US,From RDC,N/A - From RDC,Truck,4/19/2012,30-Oct-12,24-Oct-12,24-Oct-12,ARV,Adult,"Efavirenz 600mg, tablets, 30 Tabs",Tablet,30.0,83.0,302.12,3.64,0.12,Hetero Unit III Hyderabad IN,No,See DN-2880 (ID#:85310),See DN-2880 (ID#:85310),0.42,
51046,,,,,Vietnam,,,,,,9/24/2012,,,,,,Aurobindo Pharma Limited,,Nevirapine,Generic,200mg,,,,,,,,,,,,108-VN-T30,SCMS-160980,ASN-17428,PMO - US,Direct Drop,EXW,Air,9/18/2012,26-Dec-12,26-Dec-12,26-Dec-12,ARV,Adult,"Nevirapine 200mg, tablets, 60 Tabs",Tablet,60.0,15945.0,35876.25,2.25,0.04,"Aurobindo Unit III, India",Yes,1479,5180.86,50.3,FPQ-10643
70210,,,,,Vietnam,,,,,,10/14/2010,,,,,,MYLAN LABORATORIES LTD (FORMERLY MATRIX LABORATORIES),,Tenofovir Disoproxil Fumarate,Generic,300mg,,,,,,,,,,,,108-VN-T30,SCMS-87750,ASN-9090,PMO - US,Direct Drop,EXW,Air,9/30/2010,21-Dec-10,21-Dec-10,21-Dec-10,ARV,Adult,"Tenofovir Disoproxil Fumarate 300mg, tablets, 30 Tabs",Tablet,30.0,5208.0,35154.0,6.75,0.22,Mylan (formerly Matrix) Nashik,No,See ASN-9090 (ID#:29979),See ASN-9090 (ID#:29979),75.79,FPQ-6384
82295,114-UG-T30,FPQ-5014,SO-35870,DN-1654,Uganda,PMO - US,From RDC,N/A - From RDC,Air,1/29/10,N/A - From RDC,18-Mar-10,17-Mar-10,17-Mar-10,ARV,Adult,SCMS from RDC,"Nevirapine 200mg, tablets, 60 Tabs",Nevirapine,Generic,200mg,Tablet,60.0,600.0,1638.0,2.73,0.05,"Aurobindo Unit III, India",Yes,306,3945.33,3.53,,,,,,,,,,,,,,,,,,,,,,,,,,
52341,105-DO-T30,FPQ-11295,SCMS-172491,ASN-20972,Dominican Republic,PMO - US,Direct Drop,EXW,Air,12/17/12,1/11/13,10-Aug-13,10-Aug-13,10-Aug-13,HRDT,HIV test,"Trinity Biotech, Plc","HIV 1/2, Uni-Gold HIV Kit, 20 Tests","HIV 1/2, Uni-Gold HIV Kit",Uni-Gold,,Test kit,20.0,412.0,13184.0,32.0,1.6,"Trinity Biotech, Plc",Yes,123,1375.8,16.31,,,,,,,,,,,,,,,,,,,,,,,,,,
31306,,,,,South Africa,,,,,,6/25/2014,,,,,,PHARMACY DIRECT,,Efavirenz,Generic,50mg,,,,,,,,,,,,116-ZA-T30,SCMS-238551,ASN-26882,PMO - US,Direct Drop,DDP,Truck,4/30/2014,25-Jun-14,25-Jun-14,25-Jun-14,ARV,Pediatric,"Efavirenz 50mg, capsule, 30 Caps",Capsule,30.0,9.0,27.05,3.01,0.1,"Aurobindo Unit III, India",No,Weight Captured Separately,Freight Included in Commodity Cost,0.03,FPQ-13973
86022,104-CI-T30,FPQ-12144,SO-45600,DN-3431,Côte d'Ivoire,PMO - US,From RDC,N/A - From RDC,Truck,4/22/13,N/A - From RDC,3-Dec-13,10-Dec-13,8-Jan-14,ARV,Pediatric,SCMS from RDC,"Nevirapine 10mg/ml, oral suspension w/syringe, Bottle, 240 ml",Nevirapine,Generic,10mg/ml,Oral suspension,240.0,2000.0,3900.0,1.95,0.01,"Aurobindo Unit III, India",Yes,736,4747.87,4.82,,,,,,,,,,,,,,,,,,,,,,,,,,
40373,109-TZ-T30,FPQ-6925,SCMS-97130,ASN-9833,Tanzania,PMO - US,Direct Drop,EXW,Air,12/27/10,2/2/11,29-Mar-11,29-Mar-11,29-Mar-11,HRDT,HIV test,"Trinity Biotech, Plc","HIV 1/2, Uni-Gold HIV Kit, 20 Tests","HIV 1/2, Uni-Gold HIV Kit",Uni-Gold,,Test kit,20.0,30.0,960.0,32.0,1.6,"Trinity Biotech, Plc",Yes,10,910.73,1.58,,,,,,,,,,,,,,,,,,,,,,,,,,
11827,,,,,Nigeria,,,,,,N/A - From RDC,,,,,,SCMS from RDC,,Nevirapine,Generic,200mg,,,,,,,,,,,,112-NG-T01,SO-1570,DN-535,PMO - US,From RDC,N/A - From RDC,Air,Pre-PQ Process,9-Jan-08,9-Jan-08,9-Jan-08,ARV,Adult,"Nevirapine 200mg, tablets, 60 Tabs",Tablet,60.0,125.0,425.0,3.4,0.06,"Aurobindo Unit III, India",No,See DN-535 (ID#:10658),See DN-535 (ID#:10658),0.68,Pre-PQ Process
12216,,Pre-PQ Process,,,Uganda,,,,,,N/A - From RDC,,,,,,SCMS from RDC,,Efavirenz,Generic,600mg,,,,,,,,,,,,114-UG-T01,SO-17760,DN-1143,PMO - US,From RDC,N/A - From RDC,Air,Pre-PQ Process,2-Apr-09,2-Apr-09,2-Apr-09,ARV,Adult,"Efavirenz 600mg, tablets, 30 Tabs",Tablet,30.0,3713.0,40843.0,11.0,0.37,"Aurobindo Unit III, India",No,See DN-1143 (ID#:10711),See DN-1143 (ID#:10711),80.05,
52398,,,,,Uganda,,,,,,7/30/2013,,,,,,STRIDES ARCOLAB LIMITED,,Efavirenz,Generic,600mg,,,,,,,,,,,,114-UG-T30,SCMS-198700,ASN-21821,PMO - US,Direct Drop,EXW,Ocean,7/8/2013,8-Nov-13,8-Nov-13,13-Nov-13,ARV,Adult,"Efavirenz 600mg, tablets, 30 Tabs",Tablet,30.0,71348.0,227600.12,3.19,0.11,"Strides, Bangalore, India.",Yes,4334,8144.11,281.54,FPQ-12477
11523,,,,,Nigeria,,,,,,N/A - From RDC,,,,,,SCMS from RDC,,Nevirapine,Generic,10mg/ml,,,,,,,,,,,,112-NG-T01,SO-1430,DN-551,PMO - US,From RDC,N/A - From RDC,Air,Pre-PQ Process,16-Jan-08,16-Jan-08,16-Jan-08,ARV,Pediatric,"Nevirapine 10mg/ml, oral suspension, Bottle, 240 ml",Oral suspension,240.0,792.0,4910.4,6.2,0.03,"Aurobindo Unit III, India",Yes,272,2047,7.86,Pre-PQ Process
82651,104-CI-T30,FPQ-12800,SO-46422,DN-3546,Côte d'Ivoire,PMO - US,From RDC,N/A - From RDC,Air,8/9/13,N/A - From RDC,28-Feb-14,18-Feb-14,4-Mar-14,ARV,Adult,SCMS from RDC,"Lamivudine 150mg, tablets, 60 Tabs",Lamivudine,Generic,150mg,Tablet,60.0,1700.0,3791.0,2.23,0.04,"Aurobindo Unit III, India",Yes,2699,4063.81,4.69,,,,,,,,,,,,,,,,,,,,,,,,,,
11993,,,,,Uganda,,,,,,N/A - From RDC,,,,,,SCMS from RDC,,Lamivudine/Nevirapine/Stavudine,Generic,150/200/30mg,,,,,,,,,,,,114-UG-T01,SO-30080,DN-1322,PMO - US,From RDC,N/A - From RDC,Air,Date Not Captured,17-Jul-09,17-Jul-09,17-Jul-09,ARV,Adult,"Lamivudine/Nevirapine/Stavudine 150/200/30mg, tablets, 60 Tabs",Tablet - FDC,60.0,4340.0,30900.8,7.12,0.12,"Strides, Bangalore, India.",Yes,322,3017.15,60.57,Pre-PQ Process
84593,,FPQ-5623,,,Côte d'Ivoire,,,,,,N/A - From RDC,,,,,,SCMS from RDC,,Lamivudine/Stavudine,Generic,150/30mg,,,,,,,,,,,,104-CI-T30,SO-36881,DN-2012,PMO - US,From RDC,N/A - From RDC,Truck,5/7/2010,19-Oct-10,25-Sep-10,25-Sep-10,ARV,Adult,"Lamivudine/Stavudine 150/30mg, tablets, 60 Tabs",Tablet - FDC,60.0,5624.0,18446.72,3.28,0.05,Mylan (formerly Matrix) Nashik,No,See DN-2012 (ID#:84040),See DN-2012 (ID#:84040),39.77,
62549,116-ZA-T30,FPQ-14942,SCMS-259076,ASN-32524,South Africa,PMO - US,Direct Drop,DDP,Truck,9/11/14,6/2/15,2-Jun-15,2-Jun-15,2-Jun-15,ARV,Adult,PHARMACY DIRECT,"Lamivudine 150mg, tablets, 60 Tabs",Lamivudine,Generic,150mg,Tablet,60.0,52.0,343.51,6.61,0.11,"Aurobindo Unit III, India",No,Weight Captured Separately,Freight Included in Commodity Cost,0.35,,,,,,,,,,,,,,,,,,,,,,,,,,
73961,,FPQ-4130,,,Uganda,,,,,,9/10/2009,,,,,,ABBVIE LOGISTICS (FORMERLY ABBOTT LOGISTICS BV),,Lopinavir/Ritonavir,Aluvia,200/50mg,,,,,,,,,,,,114-UG-T30,SCMS-53050,ASN-5064,PMO - US,Direct Drop,FCA,Air,8/25/2009,20-Oct-09,20-Oct-09,20-Oct-09,ARV,Adult,"Lopinavir/Ritonavir 200/50mg [Aluvia], tablets, 120 Tabs",Tablet,120.0,480.0,17356.8,36.16,0.3,ABBVIE Ludwigshafen Germany,Yes,126,1360.34,34.02,
84682,,,,,Côte d'Ivoire,,,,,,N/A - From RDC,,,,,,SCMS from RDC,,Tenofovir Disoproxil Fumarate,Generic,300mg,,,,,,,,,,,,104-CI-T30,SO-40750,DN-2420,PMO - US,From RDC,N/A - From RDC,Truck,8/25/2011,9-Dec-11,19-Nov-11,19-Nov-11,ARV,Adult,"Tenofovir Disoproxil Fumarate 300mg, tablets, 30 Tabs",Tablet,30.0,3040.0,19516.8,6.42,0.21,Mylan (formerly Matrix) Nashik,No,See DN-2420 (ID#:82989),See DN-2420 (ID#:82989),32.2,FPQ-8295
1691,,Pre-PQ Process,,,Vietnam,,,,,,3/31/2008,,,,,,Aurobindo Pharma Limited,,Lamivudine,Generic,150mg,,,,,,,,,,,,108-VN-T01,SCMS-20180,ASN-1860,PMO - US,Direct Drop,EXW,Air,Pre-PQ Process,7-Jul-08,20-Jun-08,20-Jun-08,ARV,Adult,"Lamivudine 150mg, tablets, 60 Tabs",Tablet,60.0,10080.0,29232.0,2.9,0.05,"Aurobindo Unit III, India",Yes,507,4159.45,46.77,
84634,,FPQ-7347,,,Tanzania,,,,,,N/A - From RDC,,,,,,SCMS from RDC,,Efavirenz,Generic,600mg,,,,,,,,,,,,109-TZ-T30,SO-39010,DN-2151,PMO - US,From RDC,N/A - From RDC,Air,3/7/2011,7-Apr-11,31-Mar-11,31-Mar-11,ARV,Adult,"Efavirenz 600mg, tablets, 30 Tabs",Tablet,30.0,4738.0,19994.36,4.22,0.14,Mylan (formerly Matrix) Nashik,No,See DN-2151 (ID#:84068),See DN-2151 (ID#:84068),32.99,
74694,116-ZA-T30,FPQ-14942,SCMS-259074,ASN-31070,South Africa,PMO - US,Direct Drop,DDP,Truck,9/11/14,3/9/15,9-Mar-15,9-Mar-15,9-Mar-15,ARV,Pediatric,PHARMACY DIRECT,"Efavirenz 200mg, capsule, 90 Caps",Efavirenz,Generic,200mg,Capsule,90.0,3.0,51.12,17.04,0.19,"Aurobindo Unit III, India",No,Weight Captured Separately,Freight Included in Commodity Cost,0.05,,,,,,,,,,,,,,,,,,,,,,,,,,
11971,100-SZ-T01,Pre-PQ Process,SO-30790,DN-1238,Swaziland,PMO - US,From RDC,N/A - From RDC,Air,Pre-PQ Process,N/A - From RDC,21-May-09,21-May-09,21-May-09,ARV,Pediatric,SCMS from RDC,"Efavirenz 200mg, capsule, 90 Caps",Efavirenz,Generic,200mg,Capsule,90.0,1417.0,18038.41,12.73,0.14,"Aurobindo Unit III, India",No,See DN-1238 (ID#:11046),See DN-1238 (ID#:11046),35.36,,,,,,,,,,,,,,,,,,,,,,,,,,
4302,,Pre-PQ Process,,,Côte d'Ivoire,,,,,,2/27/2008,,,,,,BIO-RAD LABORATORIES (FRANCE),,"HIV, Genie II HIV-1/HIV-2 Kit",Genie,,,,,,,,,,,,,104-CI-T01,SCMS-18280,ASN-1550,PMO - US,Direct Drop,EXW,Air,Pre-PQ Process,14-Apr-08,17-Apr-08,17-Apr-08,HRDT,HIV test,"#108853** HIV, Genie II HIV-1/HIV-2 Kit, 40 Tests",Test kit,40.0,476.0,36176.0,76.0,1.9,Bio-Rad Laboratories,Yes,522,6924.83,57.88,
5324,,Pre-PQ Process,,,Guyana,,,,,,4/2/2007,,,,,,"Trinity Biotech, Plc",,"HIV 1/2, Uni-Gold HIV Kit",Uni-Gold,,,,,,,,,,,,,102-GY-T01,SCMS-526,ASN-343,PMO - US,Direct Drop,EXW,Air,Pre-PQ Process,30-Apr-07,30-Apr-07,30-Apr-07,HRDT,HIV test,"HIV 1/2, Uni-Gold HIV Kit, 20 Tests",Test kit,20.0,1000.0,32000.0,32.0,1.6,"Trinity Biotech, Plc",Yes,337,5240.47,,
83423,,,,,Uganda,,,,,,N/A - From RDC,,,,,,SCMS from RDC,,Efavirenz,Generic,600mg,,,,,,,,,,,,114-UG-T30,SO-34940,DN-1801,PMO - US,From RDC,N/A - From RDC,Air,10/28/2009,3-May-10,3-May-10,3-May-10,ARV,Adult,"Efavirenz 600mg, tablets, 30 Tabs",Tablet,30.0,2579.0,12250.25,4.75,0.16,"Aurobindo Unit III, India",Yes,358,2485.92,26.41,FPQ-4495
57779,106-HT-T30,FPQ-15038,SCMS-262840,ASN-31820,Haiti,PMO - US,Direct Drop,EXW,Ocean,10/22/14,12/24/14,3-Jul-15,3-Jul-15,13-Jul-15,ARV,Adult,MYLAN LABORATORIES LTD (FORMERLY MATRIX LABORATORIES),"Lamivudine/Nevirapine/Zidovudine 150/200/300mg, tablets, 60 Tabs",Lamivudine/Nevirapine/Zidovudine,Generic,150/300/200mg,Tablet - FDC,60.0,60000.0,486000.0,8.1,0.13,Mylan (formerly Matrix) Nashik,No,See ASN-31820 (ID#:16098),See ASN-31820 (ID#:16098),499.61,,,,,,,,,,,,,,,,,,,,,,,,,,
85352,102-DO-T30,FPQ-11791,SO-44740,DN-3117,Dominican Republic,PMO - US,From RDC,N/A - From RDC,Air,3/4/13,N/A - From RDC,24-Apr-13,21-May-13,21-May-13,ARV,Adult,SCMS from RDC,"Lamivudine/Tenofovir Disoproxil Fumarate 300/300mg, tablets, 30 Tabs",Lamivudine/Tenofovir Disoproxil Fumarate,Generic,300/300mg,Tablet - FDC,30.0,8250.0,38775.0,4.7,0.16,Hetero Unit III Hyderabad IN,No,See DN-3117 (ID#:83132),See DN-3117 (ID#:83132),47.96,,,,,,,,,,,,,,,,,,,,,,,,,,
65487,,,,,South Africa,,,,,,3/30/2011,,,,,,GLAXOSMITHKLINE EXPORT LIMITED,,Abacavir,Ziagen,20mg/ml,,,,,,,,,,,,161-ZA-T30,SCMS-104190,ASN-12821,PMO - US,Direct Drop,DDP,Ocean,3/11/2011,9-Jan-12,9-Jan-12,9-Jan-12,ARV,Pediatric,"Abacavir 20mg/ml [Ziagen], oral solution, Bottle, 240 ml",Oral solution,240.0,10000.0,92800.0,9.28,0.04,GSK Mississauga (Canada),Yes,3853,4228.61,153.12,FPQ-7400
81651,,,,,Côte d'Ivoire,,,,,,2/27/2014,,,,,,"CHEMBIO DIAGNOSTIC SYSTEMS, INC.",,"HIV 1/2, Stat-Pak HIV, Kit",Stat-Pak,,,,,,,,,,,,,104-CI-T30,SCMS-228030,ASN-26891,PMO - US,Direct Drop,EXW,Air,1/22/2014,17-Jul-14,17-Jul-14,17-Jul-14,HRDT,HIV test,"HIV 1/2, Stat-Pak HIV, Kit, 20 Tests",Test kit,20.0,600.0,18600.0,31.0,1.55,Chembio Diagnostics Sys. Inc.,Yes,172,Freight Included in Commodity Cost,19.12,FPQ-13602
84550,,,,,Zambia,,,,,,N/A - From RDC,,,,,,SCMS from RDC,,Abacavir,Generic,300mg,,,,,,,,,,,,110-ZM-T30,SO-33720,DN-1775,PMO - US,From RDC,N/A - From RDC,Truck,9/17/2009,30-Apr-10,16-Apr-10,16-Apr-10,ARV,Adult,"Abacavir 300mg, tablets, 60 Tabs",Tablet,60.0,2600.0,54574.0,20.99,0.35,Mylan (formerly Matrix) Nashik,Yes,8819,8022.59,106.97,FPQ-4273
83760,107-RW-T30,FPQ-12766,SO-46490,DN-3520,Rwanda,PMO - US,From RDC,N/A - From RDC,Truck,8/2/13,N/A - From RDC,31-Jan-14,25-Feb-14,12-Mar-14,ARV,Adult,SCMS from RDC,"Lamivudine/Zidovudine 150/300mg, tablets, 60 Tabs",Lamivudine/Zidovudine,Generic,150/300mg,Tablet - FDC,60.0,8600.0,57878.0,6.73,0.11,"Cipla, Goa, India",Yes,770,9828.73,71.6,,,,,,,,,,,,,,,,,,,,,,,,,,
12260,123-NG-T01,Pre-PQ Process,SO-19070,DN-1080,Nigeria,PMO - US,From RDC,N/A - From RDC,Air,Pre-PQ Process,N/A - From RDC,16-Feb-09,16-Feb-09,16-Feb-09,ARV,Adult,SCMS from RDC,"Efavirenz 600mg, tablets, 30 Tabs",Efavirenz,Generic,600mg,Tablet,30.0,13473.0,148203.0,11.0,0.37,"Aurobindo Unit III, India",Yes,1146,3680.33,290.48,,,,,,,,,,,,,,,,,,,,,,,,,,
44567,,FPQ-10223,,,Rwanda,,,,,,7/16/2012,,,,,,Aurobindo Pharma Limited,,Nevirapine,Generic,200mg,,,,,,,,,,,,107-RW-T30,SCMS-152910,ASN-15894,PMO - US,Direct Drop,EXW,Air,7/5/2012,9-Sep-12,9-Sep-12,9-Sep-12,ARV,Adult,"Nevirapine 200mg, tablets, 60 Tabs",Tablet,60.0,57961.0,130412.25,2.25,0.04,"Aurobindo Unit III, India",Yes,5525,43237.33,182.84,
24591,,,,,Vietnam,,,,,,2/15/2011,,,,,,ABBVIE LOGISTICS (FORMERLY ABBOTT LOGISTICS BV),,Lopinavir/Ritonavir,Aluvia,200/50mg,,,,,,,,,,,,108-VN-T30,SCMS-98060,ASN-10712,PMO - US,Direct Drop,FCA,Air,1/17/2011,28-May-11,28-May-11,28-May-11,ARV,Adult,"Lopinavir/Ritonavir 200/50mg [Aluvia], tablets, 120 Tabs",Tablet,120.0,3010.0,247422.0,82.2,0.68,ABBVIE Ludwigshafen Germany,Yes,756,9193.82,408.25,FPQ-6818
24374,,,,,Rwanda,,,,,,7/17/2009,,,,,,Aurobindo Pharma Limited,,Tenofovir Disoproxil Fumarate,Generic,300mg,,,,,,,,,,,,107-RW-T30,SCMS-48920,ASN-5840,PMO - US,Direct Drop,CIP,Air,6/30/2009,27-Jan-10,27-Jan-10,27-Jan-10,ARV,Adult,"Tenofovir Disoproxil Fumarate 300mg, tablets, 30 Tabs",Tablet,30.0,5520.0,47251.2,8.56,0.29,"Aurobindo Unit III, India",Yes,516,2355.52,92.61,FPQ-3859
18405,,,,,Haiti,,,,,,3/11/2013,,,,,,Aurobindo Pharma Limited,,Nevirapine,Generic,10mg/ml,,,,,,,,,,,,106-HT-T30,SCMS-177182,ASN-19520,PMO - US,Direct Drop,EXW,Air,1/30/2013,10-Jun-13,10-Jun-13,10-Jun-13,ARV,Pediatric,"Nevirapine 10mg/ml, oral suspension w/syringe, Bottle, 240 ml",Oral suspension,240.0,2052.0,3098.52,1.51,0.01,"Aurobindo Unit III, India",Yes,908,6438.91,3.83,FPQ-11442
