ID,Project_Code,PQ,PO/SO,ASN/DN,Country,Managed_By,Fulfill_Via,Vendor_INCO_Term,Shipment_Mode,PQ_First_Sent_to_Client_Date,PO_Sent_to_Vendor_Date,Scheduled_Delivery_Date,Delivered_to_Client_Date,Delivery_Recorded_Date,Product_Group,Sub_Classification,Vendor,Item_Description,Molecule/Test_Type,Brand,Dosage,Dosage_Form,Unit_of_Measure_(Per_Pack),Line_Item_Quantity,Line_Item_Value,Pack_Price,Unit_Price,Manufacturing_Site,First_Line_Designation,Weight_(Kilograms),Freight_Cost_(USD),Line_Item_Insurance_(USD),Freight_Cost_USD_Clean,Weight_Kilograms_Clean
82275,110-ZM-T30,FPQ-4035,SO-34340,DN-1515,Zambia,PMO - US,From RDC,N/A - From RDC,Truck,8/5/09,N/A - From RDC,30-Nov-09,23-Nov-09,23-Nov-09,ARV,Adult,SCMS from RDC,"Efavirenz 600mg, tablets, 30 Tabs",Efavirenz,Generic,600mg,Tablet,30,47227,272972.06,5.78,0.19,"Aurobindo Unit III, India",Yes,4959,9973.51,535.03,9973.51,4959
11520,117-ET-T01,Pre-PQ Process,SO-1512,DN-517,Ethiopia,PMO - US,From RDC,N/A - From RDC,Air,Pre-PQ Process,N/A - From RDC,14-Dec-07,14-Dec-07,14-Dec-07,ARV,Adult,SCMS from RDC,"Tenofovir Disoproxil Fumarate 300mg [Viread], tablets, 30 Tabs",Tenofovir Disoproxil Fumarate,Viread,300mg,Tablet,30,535,9095.0,17.0,0.57,Gilead(Nycomed) Oranienburg DE,Yes,33,755.5,14.55,755.5,33
83607,151-NG-T30,FPQ-9432,SO-42803,DN-2769,Nigeria,PMO - US,From RDC,N/A - From RDC,Air Charter,3/1/12,N/A - From RDC,2-Aug-12,24-Jul-12,24-Jul-12,ARV,Adult,SCMS from RDC,"Lamivudine/Tenofovir Disoproxil Fumarate 300/300mg, tablets, 30 Tabs",Lamivudine/Tenofovir Disoproxil Fumarate,Generic,300/300mg,Tablet - FDC,30,1161,6431.94,5.54,0.18,"Cipla, Kurkumbh, India",Yes,2566,16532.5,9.02,16532.5,2566
86082,109-TZ-T30,FPQ-13566,SO-47662,DN-3700,Tanzania,PMO - US,From RDC,N/A - From RDC,Truck,1/15/14,N/A - From RDC,29-Jul-14,2-Aug-14,4-Aug-14,ARV,Pediatric,SCMS from RDC,"Lamivudine/Nevirapine/Zidovudine 30/50/60mg, dispersible tablets, 60 Tabs",Lamivudine/Nevirapine/Zidovudine,Generic,30/50/60mg,Chewable/dispersible tablet - FDC,60,14789,55458.75,3.75,0.06,Mylan (formerly Matrix) Nashik,Yes,825,5137.06,57.01,5137.06,825
392,104-CI-T01,Pre-PQ Process,SCMS-18310,ASN-3435,Côte d'Ivoire,PMO - US,Direct Drop,EXW,Air,Pre-PQ Process,3/3/08,19-Mar-09,19-Mar-09,19-Mar-09,HRDT,HIV test,"Standard Diagnostics, Inc.","HIV 1/2, Bioline 3.0 Kit, Lancets, Capillary pipets, Alcohol swabs included, 25 Tests","HIV 1/2, Bioline 3.0 Kit, Lancets, Capillary pipets, Alcohol swabs included",Bioline,,Test kit,25,659,13180.0,20.0,0.8,"Standard Diagnostics, Korea",Yes,206,2656.12,25.83,2656.12,206
85776,111-MZ-T30,FPQ-7053,SO-38631,DN-2281,Mozambique,PMO - US,From RDC,N/A - From RDC,Truck,1/24/11,N/A - From RDC,17-Nov-11,17-Nov-11,17-Nov-11,ARV,Adult,SCMS from RDC,"Lamivudine/Nevirapine/Stavudine 150/200/30mg, tablets, 60 Tabs",Lamivudine/Nevirapine/Stavudine,Generic,150/200/30mg,Tablet - FDC,60,81270,451861.2,5.56,0.09,"Cipla, Goa, India",Yes,8491,10605.03,745.57,10605.03,8491
86414,151-NG-T30,FPQ-7217,SO-38920,DN-2376,Nigeria,PMO - US,From RDC,N/A - From RDC,Air Charter,2/21/11,N/A - From RDC,15-Jun-11,28-Sep-11,28-Sep-11,ARV,Adult,SCMS from RDC,"Efavirenz/Emtricitabine/Tenofovir Disoproxil Fumarate 600/200/300mg, tablets, 30 Tabs",Efavirenz/Emtricitabine/Tenofovir Disoproxil Fumarate,Generic,600/200/300mg,Tablet - FDC,30,2389,47588.88,19.92,0.66,Mylan (formerly Matrix) Nashik,Yes,277,18495.9,78.52,18495.9,277
84804,102-DO-T30,FPQ-11791,SO-44730,DN-3097,Dominican Republic,PMO - US,From RDC,N/A - From RDC,Air,3/4/13,N/A - From RDC,24-Apr-13,2-Apr-13,2-Apr-13,ARV,Pediatric,SCMS from RDC,"Lamivudine/Nevirapine/Zidovudine 30/50/60mg, dispersible tablets, 60 Tabs",Lamivudine/Nevirapine/Zidovudine,Generic,30/50/60mg,Chewable/dispersible tablet - FDC,60,1152,4780.8,4.15,0.07,Mylan (formerly Matrix) Nashik,Yes,78,1342.44,5.91,1342.44,78
86410,113-ZW-T30,FPQ-7052,SO-38512,DN-2343,Zimbabwe,PMO - US,From RDC,N/A - From RDC,Truck,1/19/11,N/A - From RDC,30-Sep-11,7-Oct-11,7-Oct-11,ARV,Adult,SCMS from RDC,"Lamivudine/Tenofovir Disoproxil Fumarate 300/300mg, tablets, 30 Tabs",Lamivudine/Tenofovir Disoproxil Fumarate,Generic,300/300mg,Tablet - FDC,30,10114,83238.22,8.23,0.27,Mylan (formerly Matrix) Nashik,No,See DN-2343 (ID#:82977),See DN-2343 (ID#:82977),137.34,12956.94,5154
52081,161-ZA-T30,FPQ-6262,SCMS-83830,ASN-9942,South Africa,PMO - US,Direct Drop,DDP,Ocean,8/31/10,9/24/10,3-May-11,3-May-11,3-May-11,ARV,Adult,Aurobindo Pharma Limited,"Lamivudine/Zidovudine 150/300mg, tablets, 60 Tabs",Lamivudine/Zidovudine,Generic,150/300mg,Tablet - FDC,60,25000,209000.0,8.36,0.14,"Aurobindo Unit III, India",Yes,2275,3073.74,450.6,3073.74,2275
83479,111-MZ-T30,FPQ-6981,SO-38350,DN-2094,Mozambique,PMO - US,From RDC,N/A - From RDC,Air,1/6/11,N/A - From RDC,28-Feb-11,25-Feb-11,25-Feb-11,ARV,Pediatric,SCMS from RDC,"Zidovudine 10mg/ml, oral solution, Bottle, 240 ml",Zidovudine,Generic,10mg/ml,Oral solution,240,1177,2377.54,2.02,0.01,"Aurobindo Unit III, India",Yes,512,3415.72,3.92,3415.72,512
83644,104-CI-T30,FPQ-9749,SO-42370,DN-2970,Côte d'Ivoire,PMO - US,From RDC,N/A - From RDC,Truck,4/19/12,N/A - From RDC,31-Jan-13,25-Jan-12,25-Jan-13,ARV,Adult,SCMS from RDC,"Lamivudine/Nevirapine/Zidovudine 150/200/300mg, tablets, 60 Tabs",Lamivudine/Nevirapine/Zidovudine,Generic,150/300/200mg,Tablet - FDC,60,9577,92130.74,9.62,0.16,"Aurobindo Unit III, India",Yes,6889,24138.35,129.17,24138.35,6889
47837,107-RW-T30,FPQ-3859,SCMS-48850,ASN-4656,Rwanda,PMO - US,Direct Drop,CIP,Air,6/30/09,7/16/09,10-Aug-09,10-Aug-09,10-Aug-09,ARV,Adult,HETERO LABS LIMITED,"Nevirapine 200mg, tablets, 60 Tabs",Nevirapine,Generic,200mg,Tablet,60,9300,28737.0,3.09,0.05,Hetero Unit III Hyderabad IN,Yes,550,3054.13,56.32,3054.13,550
21217,109-TZ-T30,FPQ-13927,SCMS-232850,ASN-25559,Tanzania,PMO - US,Direct Drop,EXW,Air,3/21/14,3/27/14,24-Jun-14,24-Jun-14,24-Jun-14,ARV,Pediatric,MYLAN LABORATORIES LTD (FORMERLY MATRIX LABORATORIES),"Lamivudine/Nevirapine/Zidovudine 30/50/60mg, dispersible tablets, 60 Tabs",Lamivudine/Nevirapine/Zidovudine,Generic,30/50/60mg,Chewable/dispersible tablet - FDC,60,36000,129600.0,3.6,0.06,Mylan (formerly Matrix) Nashik,Yes,2205,9815.52,133.23,9815.52,2205
83622,106-HT-T30,FPQ-10378,SO-43020,DN-2854,Haiti,PMO - US,From RDC,N/A - From RDC,Air,8/13/12,N/A - From RDC,28-Sep-12,11-Sep-12,11-Sep-12,ARV,Pediatric,SCMS from RDC,"Zidovudine 10mg/ml, oral solution w/syringe, Bottle, 240 ml",Zidovudine,Generic,10mg/ml,Oral solution,240,4000,8400.0,2.1,0.01,"Aurobindo Unit III, India",Yes,1596,16840.67,11.78,16840.67,1596
32540,102-GY-T30,FPQ-6983,SCMS-97160,ASN-10064,Guyana,PMO - US,Direct Drop,EXW,Air,1/5/11,2/2/11,12-Apr-11,12-Apr-11,12-Apr-11,HRDT,HIV test,"Orgenics, Ltd","HIV 1/2, Determine Complete HIV Kit, 100 Tests","HIV 1/2, Determine Complete HIV Kit",Determine,,Test kit,100,418,41800.0,100.0,1.0,Inverness Japan,Yes,205,6455.37,68.97,6455.37,205
65263,108-VN-T30,FPQ-15040,SCMS-263660,ASN-30941,Vietnam,PMO - US,Direct Drop,EXW,Air,10/30/14,12/8/14,31-Mar-15,31-Mar-15,1-Apr-15,ARV,Adult,HETERO LABS LIMITED,"Tenofovir Disoproxil Fumarate 300mg, tablets, 30 Tabs",Tenofovir Disoproxil Fumarate,Generic,300mg,Tablet,30,8000,28400.0,3.55,0.12,Hetero Unit III Hyderabad IN,No,See ASN-30941 (ID#:32306),See ASN-30941 (ID#:32306),29.2,1593.67,953
74260,114-UG-T30,FPQ-7816,SCMS-111210,ASN-13118,Uganda,PMO - US,Direct Drop,CIP,Air,6/2/11,6/14/11,4-Jan-12,4-Jan-12,4-Jan-12,ARV,Adult,MERCK SHARP & DOHME IDEA GMBH (FORMALLY MERCK SHARP & DOHME B.V.),"Indinavir 400mg [Crixivan], capsules, 180 Caps",Indinavir,Crixivan,400mg,Capsule,180,36,1800.0,50.0,0.28,"MSD, Haarlem, NL",Yes,9,286,2.97,286,9
73843,161-ZA-T30,FPQ-6262,SCMS-83790,ASN-9179,South Africa,PMO - US,Direct Drop,DDP,Ocean,8/31/10,9/24/10,31-Jan-11,31-Jan-11,31-Jan-11,ARV,Adult,Aurobindo Pharma Limited,"Lamivudine 150mg, tablets, 60 Tabs",Lamivudine,Generic,150mg,Tablet,60,19177,45449.49,2.37,0.04,"Aurobindo Unit III, India",No,See ASN-9179 (ID#:28515),See ASN-9179 (ID#:28515),97.99,1220.84,6196
40205,105-SS-T30,FPQ-15569,SCMS-272140,ASN-31129,South Sudan,PMO - US,Direct Drop,EXW,Air,12/29/14,2/20/15,8-May-15,8-May-15,11-May-15,HRDT,HIV test,"Trinity Biotech, Plc","HIV 1/2, Uni-Gold HIV Kit, 20 Tests","HIV 1/2, Uni-Gold HIV Kit",Uni-Gold,,Test kit,20,35,1120.0,32.0,1.6,"Trinity Biotech, Plc",Yes,191,2796.58,1.32,2796.58,191
30942,161-ZA-T30,FPQ-5648,SCMS-75480,ASN-8380,South Africa,PMO - US,Direct Drop,DDP,Air,6/2/10,6/17/10,13-Dec-10,13-Dec-10,13-Dec-10,ARV,Pediatric,Aurobindo Pharma Limited,"Nevirapine 10mg/ml, oral suspension w/syringe, Bottle, 240 ml",Nevirapine,Generic,10mg/ml,Oral suspension,240,9630,30334.5,3.15,0.01,"Aurobindo Unit III, India",Yes,3732,4876.34,65.4,4876.34,3732
7398,104-CI-T01,Pre-PQ Process,SCMS-30410,ASN-2712,Côte d'Ivoire,PMO - US,Direct Drop,EXW,Air,Pre-PQ Process,9/18/08,24-Nov-08,24-Nov-08,24-Nov-08,HRDT,HIV test,BIO-RAD LABORATORIES (FRANCE),"#108853** HIV, Genie II HIV-1/HIV-2 Kit, 40 Tests","HIV, Genie II HIV-1/HIV-2 Kit",Genie,,Test kit,40,603,45828.0,76.0,1.9,Bio-Rad Laboratories,Yes,679,9698.22,89.82,9698.22,679
84342,104-CI-T30,FPQ-12800,SO-46361,DN-3567,Côte d'Ivoire,PMO - US,From RDC,N/A - From RDC,Air,8/9/13,N/A - From RDC,28-Mar-14,26-Mar-14,28-Apr-14,ARV,Pediatric,SCMS from RDC,"Zidovudine 10mg/ml, oral solution w/syringe, Bottle, 240 ml",Zidovudine,Generic,10mg/ml,Oral solution,240,2867,6020.7,2.1,0.01,"Aurobindo Unit III, India",Yes,5752,18607.76,7.45,18607.76,5752
60702,104-CI-T30,FPQ-15618,SCMS-272180,ASN-30880,Côte d'Ivoire,PMO - US,Direct Drop,EXW,Air,12/17/14,2/20/15,9-Apr-15,9-Apr-15,10-Apr-15,HRDT,HIV test,"CHEMBIO DIAGNOSTIC SYSTEMS, INC.","HIV 1/2, Stat-Pak HIV, Kit, 20 Tests","HIV 1/2, Stat-Pak HIV, Kit",Stat-Pak,,Test kit,20,2400,74400.0,31.0,1.55,Chembio Diagnostics Sys. Inc.,Yes,678,9253.44,87.57,9253.44,678
83388,106-HT-T30,FPQ-4384,SO-34720,DN-1590,Haiti,PMO - US,From RDC,N/A - From RDC,Air Charter,10/23/09,N/A - From RDC,25-Dec-09,17-Dec-09,17-Dec-09,ARV,Pediatric,SCMS from RDC,"Efavirenz 30mg/ml [Stocrin/Sustiva], oral solution, Bottle, 180 ml",Efavirenz,Stocrin/Sustiva,30mg/ml,Oral solution,180,230,3900.8,16.96,0.09,"MSD, Haarlem, NL",Yes,132,8329.13,8.41,8329.13,132
85187,200-ZW-T30,FPQ-6483,SO-37890,DN-2202,Zimbabwe,PMO - US,From RDC,N/A - From RDC,Truck,10/13/10,N/A - From RDC,30-Mar-11,13-Jun-11,13-Jun-11,ARV,Pediatric,SCMS from RDC,"Efavirenz 200mg, capsule, 90 Caps",Efavirenz,Generic,200mg,Capsule,90,811,7874.81,9.71,0.11,"Aurobindo Unit III, India",Yes,103,1224.02,16.98,1224.02,103
20239,107-RW-T30,FPQ-8742,SCMS-137421,ASN-15443,Rwanda,PMO - US,Direct Drop,EXW,Air,12/7/11,6/14/12,20-Jul-12,20-Jul-12,20-Jul-12,ARV,Adult,HETERO LABS LIMITED,"Efavirenz 600mg, tablets, 30 Tabs",Efavirenz,Generic,600mg,Tablet,30,20370,72720.9,3.57,0.12,Hetero Unit III Hyderabad IN,Yes,1751,13244.8,101.95,13244.8,1751
83072,110-ZM-T30,FPQ-9472,SO-41703,DN-2834,Zambia,PMO - US,From RDC,N/A - From RDC,Truck,3/8/12,N/A - From RDC,24-Sep-12,7-Sep-12,7-Sep-12,ARV,Adult,SCMS from RDC,"Emtricitabine/Tenofovir Disoproxil Fumarate 200/300mg, tablets, 30 Tabs",Emtricitabine/Tenofovir Disoproxil Fumarate,Generic,200/300mg,Tablet - FDC,30,107175,762014.25,7.11,0.24,Mylan (formerly Matrix) Nashik,Yes,8709,7317.47,1068.34,7317.47,8709
25220,133-NG-T30,FPQ-10765,SCMS-162440,ASN-17647,Nigeria,PMO - US,Direct Drop,EXW,Air,10/5/12,10/16/12,9-Jan-13,28-Jan-13,28-Jan-13,HRDT,HIV test,"Orgenics, Ltd","HIV 1/2, Determine Complete HIV Kit, 100 Tests","HIV 1/2, Determine Complete HIV Kit",Determine,,Test kit,100,2352,209328.0,89.0,0.89,"Alere Medical Co., Ltd.",Yes,1058,21683.23,293.48,21683.23,1058
27400,110-ZM-T30,FPQ-12634,SCMS-201910,ASN-21478,Zambia,PMO - US,Direct Drop,EXW,Air,7/17/13,8/6/13,18-Sep-13,18-Sep-13,18-Sep-13,HRDT,HIV test,"Trinity Biotech, Plc","HIV 1/2, Uni-Gold HIV Kit, 20 Tests","HIV 1/2, Uni-Gold HIV Kit",Uni-Gold,,Test kit,20,3000,96000.0,32.0,1.6,"Trinity Biotech, Plc",Yes,880,7616.19,118.75,7616.19,880
10993,110-ZM-T01,Pre-PQ Process,SO-15280,DN-952,Zambia,PMO - US,From RDC,N/A - From RDC,Air,Pre-PQ Process,N/A - From RDC,20-Oct-08,20-Oct-08,20-Oct-08,ARV,Pediatric,SCMS from RDC,"Zidovudine 10mg/ml, oral solution, Bottle, 240 ml",Zidovudine,Generic,10mg/ml,Oral solution,240,3200,6720.0,2.1,0.01,"Aurobindo Unit III, India",Yes,1120,8185.2,13.17,8185.2,1120
10724,117-ET-T01,Pre-PQ Process,SO-19400,DN-1027,Ethiopia,PMO - US,From RDC,N/A - From RDC,Air,Pre-PQ Process,N/A - From RDC,12-Dec-08,12-Dec-08,12-Dec-08,ARV,Adult,SCMS from RDC,"Lamivudine/Zidovudine 150/300mg, tablets, 60 Tabs",Lamivudine/Zidovudine,Generic,150/300mg,Tablet - FDC,60,31000,271560.0,8.76,0.15,"Aurobindo Unit III, India",Yes,1787,10073.76,532.26,10073.76,1787
86050,104-CI-T30,FPQ-13509,SO-47560,DN-3555,Côte d'Ivoire,PMO - US,From RDC,N/A - From RDC,Truck,12/24/13,N/A - From RDC,27-Feb-14,18-Feb-14,3-Apr-14,ARV,Pediatric,SCMS from RDC,"Zidovudine 10mg/ml, oral solution w/syringe, Bottle, 240 ml",Zidovudine,Generic,10mg/ml,Oral solution,240,2907,6104.7,2.1,0.01,"Aurobindo Unit III, India",Yes,1122,5520.83,6.28,5520.83,1122
37177,161-ZA-T30,FPQ-7175,SCMS-103460,ASN-10839,South Africa,PMO - US,Direct Drop,DDP,Ocean,3/10/11,3/24/11,2-Sep-11,2-Sep-11,2-Sep-11,ARV,Adult,Aurobindo Pharma Limited,"Zidovudine 300mg, tablets, 60 Tabs",Zidovudine,Generic,300mg,Tablet,60,66793,487588.9,7.3,0.12,"Aurobindo Unit III, India",Yes,3458,3787.72,804.52,3787.72,3458
270,108-VN-T01,Pre-PQ Process,SCMS-14200,ASN-1171,Vietnam,PMO - US,Direct Drop,EXW,Air,Pre-PQ Process,11/21/07,21-Jan-08,21-Jan-08,21-Jan-08,ARV,Adult,SUN PHARMACEUTICAL INDUSTRIES LTD (RANBAXY LABORATORIES LIMITED),"Zidovudine 300mg, tablets, 60 Tabs",Zidovudine,Generic,300mg,Tablet,60,400,3352.0,8.38,0.14,"Ranbaxy, Paonta Shahib, India",Yes,23,2149.05,5.36,2149.05,23
47050,111-MZ-T30,FPQ-8116,SCMS-118360,ASN-12611,Mozambique,PMO - US,Direct Drop,EXW,Air,8/4/11,8/24/11,12-Dec-11,12-Dec-11,12-Dec-11,HRDT,HIV test,"Orgenics, Ltd","HIV 1/2, Determine HIV Kit, without Lancets, 100 Tests","HIV 1/2, Determine HIV Kit, without Lancets",Determine,,Test kit,100,7587,589509.9,77.7,0.78,Inverness Japan,Yes,1306,26532.85,972.69,26532.85,1306
23831,106-HT-T30,FPQ-13494,SCMS-225420,ASN-24982,Haiti,PMO - US,Direct Drop,EXW,Air,1/21/14,2/19/14,14-Apr-14,14-Apr-14,16-Apr-14,HRDT,HIV test,"SHANGHAI KEHUA BIOENGINEERING CO.,LTD.  (KHB)","HIV 1/2, SKB Colloidal Gold, Diagnostic Kit, Antibody, 50 Tests","HIV 1/2, Colloidal Gold, Diagnostic Kit, Antibody",Colloidal Gold,,Test kit,1,350,8575.0,24.5,24.5,"KHB Test Kit Facility, Shanghai China",Yes,240,3126.61,8.82,3126.61,240
12515,111-MZ-T01,Pre-PQ Process,SO-1882,DN-817,Mozambique,PMO - US,From RDC,N/A - From RDC,Air,Pre-PQ Process,N/A - From RDC,7-Aug-08,7-Aug-08,7-Aug-08,ARV,Adult,SCMS from RDC,"Lamivudine/Nevirapine/Stavudine 150/200/30mg, tablets, 60 Tabs",Lamivudine/Nevirapine/Stavudine,Generic,150/200/30mg,Tablet - FDC,60,138325,995940.0,7.2,0.12,"Strides, Bangalore, India.",No,See DN-817 (ID#:10981),See DN-817 (ID#:10981),1593.5,9161.95,13123
20133,114-UG-T30,FPQ-4185,SCMS-54140,ASN-5318,Uganda,PMO - US,Direct Drop,FCA,Air,9/8/09,9/30/09,4-Nov-09,4-Nov-09,4-Nov-09,ARV,Adult,ABBVIE LOGISTICS (FORMERLY ABBOTT LOGISTICS BV),"Lopinavir/Ritonavir 200/50mg [Aluvia], tablets, 120 Tabs",Lopinavir/Ritonavir,Aluvia,200/50mg,Tablet,120,60,2169.6,36.16,0.3,ABBVIE Ludwigshafen Germany,Yes,36,814.04,4.25,814.04,36
5352,102-GY-T01,Pre-PQ Process,SCMS-765,ASN-575,Guyana,PMO - US,Direct Drop,EXW,Air,Pre-PQ Process,7/6/07,7-Aug-07,7-Aug-07,7-Aug-07,HRDT,HIV test,"Trinity Biotech, Plc","HIV 1/2, Uni-Gold HIV Kit, 20 Tests","HIV 1/2, Uni-Gold HIV Kit",Uni-Gold,,Test kit,20,1500,48000.0,32.0,1.6,"Trinity Biotech, Plc",Yes,515,8576.8,76.8,8576.8,515
31177,117-ET-T30,FPQ-9096,SCMS-133380,ASN-16134,Ethiopia,PMO - US,Direct Drop,EXW,Air,1/5/12,1/23/12,5-Sep-12,5-Sep-12,5-Sep-12,HRDT,HIV test,"CHEMBIO DIAGNOSTIC SYSTEMS, INC.","HIV 1/2, Stat-Pak HIV, Kit, 20 Tests","HIV 1/2, Stat-Pak HIV, Kit",Stat-Pak,,Test kit,20,44,1276.0,29.0,1.45,Chembio Diagnostics Sys. Inc.,Yes,15,218.75,1.79,218.75,15
52631,901-LR-T30,FPQ-8135,SCMS-118680,ASN-12405,Liberia,PMO - US,Direct Drop,EXW,Air,8/4/11,8/18/11,20-Oct-11,20-Oct-11,20-Oct-11,HRDT,HIV test,"Standard Diagnostics, Inc.","HIV 1/2, Bioline 3.0 Kit, Lancets, Capillary pipets, Alcohol swabs included, 25 Tests","HIV 1/2, Bioline 3.0 Kit, Lancets, Capillary pipets, Alcohol swabs included",Bioline,,Test kit,25,70,1400.0,20.0,0.8,"Standard Diagnostics, Korea",Yes,25,648.95,2.31,648.95,25
73301,114-UG-T30,FPQ-6563,SCMS-91740,ASN-9071,Uganda,PMO - US,Direct Drop,FCA,Air,10/31/10,11/17/10,21-Dec-10,21-Dec-10,21-Dec-10,ARV,Adult,Hoffmann-La Roche ltd Basel,"Saquinavir 500mg [Invirase], tablets, 120 Tabs",Saquinavir,Invirase,500mg,Tablet,120,98,10150.19,103.57,0.86,Roche Madrid,Yes,18,968.25,16.75,968.25,18
14180,110-ZM-T30,FPQ-14081,SCMS-238950,ASN-26391,Zambia,PMO - US,Direct Drop,EXW,Air,4/15/14,5/16/14,28-Jul-14,28-Jul-14,15-Aug-14,HRDT,HIV test,"Trinity Biotech, Plc","HIV 1/2, Uni-Gold HIV Kit, 20 Tests","HIV 1/2, Uni-Gold HIV Kit",Uni-Gold,,Test kit,20,9500,304000.0,32.0,1.6,"Trinity Biotech, Plc",Yes,2783,20621.1,312.51,20621.1,2783
85008,110-ZM-T30,FPQ-14162,SO-48680,DN-4082,Zambia,PMO - US,From RDC,N/A - From RDC,Truck,4/24/14,N/A - From RDC,30-Jan-15,19-Feb-15,20-Feb-15,ARV,Adult,SCMS from RDC,"Lamivudine/Zidovudine 150/300mg, tablets, 60 Tabs",Lamivudine/Zidovudine,Generic,150/300mg,Tablet - FDC,60,132000,871200.0,6.6,0.11,Mylan (formerly Matrix) Nashik,Yes,10615,22520.71,895.59,22520.71,10615
25760,108-VN-T30,FPQ-5899,SCMS-77430,ASN-8081,Vietnam,PMO - US,Direct Drop,EXW,Air,6/23/10,7/1/10,21-Sep-10,21-Sep-10,21-Sep-10,ARV,Adult,STRIDES ARCOLAB LIMITED,"Nevirapine 200mg, tablets, 60 Tabs",Nevirapine,Generic,200mg,Tablet,60,1247,3167.38,2.54,0.04,"Strides, Bangalore, India.",Yes,71,4035.45,6.83,4035.45,71
86756,110-ZM-T30,FPQ-13221,SO-47208,DN-4045,Zambia,PMO - US,From RDC,N/A - From RDC,Truck,10/31/13,N/A - From RDC,30-Jan-15,19-Feb-15,20-Feb-15,ARV,Adult,SCMS from RDC,"Lamivudine/Tenofovir Disoproxil Fumarate 300/300mg, tablets, 30 Tabs",Lamivudine/Tenofovir Disoproxil Fumarate,Generic,300/300mg,Tablet - FDC,30,18447,85225.14,4.62,0.15,Hetero Unit III Hyderabad IN,Yes,1906,2201.74,87.61,2201.74,1906
35250,108-VN-T30,FPQ-13524,SCMS-226190,ASN-27099,Vietnam,PMO - US,Direct Drop,FCA,Air,2/6/14,3/10/14,18-Aug-14,18-Aug-14,25-Aug-14,ARV,Adult,ABBVIE LOGISTICS (FORMERLY ABBOTT LOGISTICS BV),"Ritonavir 100mg [Norvir], film coated tablets, 30 Tabs",Ritonavir,Norvir,100mg,Tablet,30,300,6978.0,23.26,0.78,ABBVIE Ludwigshafen Germany,Yes,38,1779.09,7.17,1779.09,38
24324,161-ZA-T30,FPQ-5303,SCMS-68790,ASN-6911,South Africa,PMO - US,Direct Drop,DDP,Air,3/18/10,3/19/10,7-Jul-10,7-Jul-10,7-Jul-10,ARV,Adult,STRIDES ARCOLAB LIMITED,"Lamivudine 150mg, tablets, 60 Tabs",Lamivudine,Generic,150mg,Tablet,60,303125,779031.25,2.57,0.04,"Strides, Bangalore, India.",Yes,15006,20134.62,1679.59,20134.62,15006
11204,104-CI-T01,Pre-PQ Process,SO-604,DN-446,Côte d'Ivoire,PMO - US,From RDC,N/A - From RDC,Air,Pre-PQ Process,N/A - From RDC,30-Nov-07,30-Nov-07,30-Nov-07,ARV,Adult,SCMS from RDC,"Abacavir/Lamivudine/Zidovudine 300/150/300mg [Trizivir], tablets, 60 Tabs",Abacavir/Lamivudine/Zidovudine,Trizivir,300/150/300mg,Tablet - FDC,60,995,69650.0,70.0,1.17,GSK Ware (UK),Yes,219,1392,111.44,1392,219
84159,107-RW-T30,FPQ-9442,SO-41740,DN-2619,Rwanda,PMO - US,From RDC,N/A - From RDC,Air,3/1/12,N/A - From RDC,9-Apr-12,29-Mar-12,29-Mar-12,ARV,Pediatric,SCMS from RDC,"Abacavir 20mg/ml, oral solution w/syringe, Bottle, 240 ml",Abacavir,Generic,20mg/ml,Oral solution,240,1489,18612.5,12.5,0.05,"Aurobindo Unit III, India",Yes,557,5044.26,26.09,5044.26,557
83815,104-CI-T30,FPQ-13142,SO-47156,DN-3900,Côte d'Ivoire,PMO - US,From RDC,N/A - From RDC,Truck,10/22/13,N/A - From RDC,30-Sep-14,8-Sep-14,19-Sep-14,ARV,Pediatric,SCMS from RDC,"Zidovudine 10mg/ml, oral solution w/syringe, Bottle, 240 ml",Zidovudine,Generic,10mg/ml,Oral solution,240,156,327.6,2.1,0.01,"Aurobindo Unit III, India",Yes,100,396.32,0.34,396.32,100
85319,114-UG-T30,FPQ-10780,SO-43500,DN-2953,Uganda,PMO - US,From RDC,N/A - From RDC,Air,10/10/12,N/A - From RDC,2-Feb-13,2-Feb-13,2-Feb-13,ARV,Adult,SCMS from RDC,"Lamivudine 150mg, tablets, 60 Tabs",Lamivudine,Generic,150mg,Tablet,60,2131,4602.96,2.16,0.04,Hetero Unit III Hyderabad IN,Yes,117,2005.48,6.45,2005.48,117
38831,106-HT-T30,FPQ-7438,SCMS-106610,ASN-10879,Haiti,PMO - US,Direct Drop,EXW,Air,3/29/11,4/20/11,6-Jun-11,6-Jun-11,6-Jun-11,HRDT,HIV test,"SHANGHAI KEHUA BIOENGINEERING CO.,LTD.  (KHB)","HIV 1/2, SKB Colloidal Gold, Diagnostic Kit, Antibody, 50 Tests","HIV 1/2, Colloidal Gold, Diagnostic Kit, Antibody",Colloidal Gold,,Test kit,1,260,5980.0,23.0,23.0,"KHB Test Kit Facility, Shanghai China",Yes,197,2708.04,9.87,2708.04,197
83719,110-ZM-T30,FPQ-10728,SO-43462,DN-3340,Zambia,PMO - US,From RDC,N/A - From RDC,Truck,10/5/12,N/A - From RDC,5-Nov-13,5-Nov-13,12-Nov-13,ARV,Adult,SCMS from RDC,"Lamivudine/Zidovudine 150/300mg, tablets, 60 Tabs",Lamivudine/Zidovudine,Generic,150/300mg,Tablet - FDC,60,67271,470897.0,7.0,0.12,"Cipla, Goa, India",Yes,6041,10651.44,660.2,10651.44,6041
82506,110-ZM-T30,FPQ-9773,SO-41991,DN-2833,Zambia,PMO - US,From RDC,N/A - From RDC,Truck,4/27/12,N/A - From RDC,25-Sep-12,7-Sep-12,7-Sep-12,ARV,Adult,SCMS from RDC,"Nevirapine 200mg, tablets, 60 Tabs",Nevirapine,Generic,200mg,Tablet,60,18867,46035.48,2.44,0.04,Mylan (formerly Matrix) Nashik,Yes,17125,7317.47,64.54,7317.47,17125
17697,108-VN-T30,FPQ-6384,SCMS-87770,ASN-9407,Vietnam,PMO - US,Direct Drop,EXW,Air,9/30/10,10/18/10,9-Feb-11,9-Feb-11,9-Feb-11,ARV,Adult,HETERO LABS LIMITED,"Lamivudine/Nevirapine/Stavudine 150/200/30mg, tablets, 60 Tabs",Lamivudine/Nevirapine/Stavudine,Generic,150/200/30mg,Tablet - FDC,60,19760,94848.0,4.8,0.08,Hetero Unit III Hyderabad IN,Yes,3998,12974.12,204.49,12974.12,3998
5353,102-GY-T01,Pre-PQ Process,SCMS-767,ASN-620,Guyana,PMO - US,Direct Drop,EXW,Air,Pre-PQ Process,7/25/07,9-Aug-07,21-Aug-07,21-Aug-07,HRDT,HIV test,"Orgenics, Ltd","HIV 1/2, Determine HIV Kit, without Lancets, 100 Tests","HIV 1/2, Determine HIV Kit, without Lancets",Determine,,Test kit,100,300,21597.0,71.99,0.72,Inverness Japan,Yes,69,1398.6,34.56,1398.6,69
85265,113-ZW-T30,FPQ-8464,SO-40883,DN-2693,Zimbabwe,PMO - US,From RDC,N/A - From RDC,Truck,10/4/11,N/A - From RDC,14-Aug-12,27-Jun-12,27-Jun-12,ARV,Adult,SCMS from RDC,"Lamivudine/Stavudine 150/30mg, tablets, 60 Tabs",Lamivudine/Stavudine,Generic,150/30mg,Tablet - FDC,60,7150,21092.5,2.95,0.05,"Strides, Bangalore, India.",No,See DN-2693 (ID#:82481),See DN-2693 (ID#:82481),34.8,5530.11,7095
82366,151-NG-T30,FPQ-6243,SO-38320,DN-2090,Nigeria,PMO - US,From RDC,N/A - From RDC,Air Charter,8/25/10,N/A - From RDC,22-Feb-11,16-Feb-11,16-Feb-11,ARV,Adult,SCMS from RDC,"Lamivudine/Nevirapine/Zidovudine 150/200/300mg, tablets, 60 Tabs",Lamivudine/Nevirapine/Zidovudine,Generic,150/300/200mg,Tablet - FDC,60,141764,1590592.08,11.22,0.19,"Aurobindo Unit III, India",Yes,70109,43548,3429.32,43548,70109
80639,106-HT-T30,FPQ-14895,SCMS-261020,ASN-30367,Haiti,PMO - US,Direct Drop,EXW,Air,9/24/14,11/14/14,26-Feb-15,26-Feb-15,27-Feb-15,ARV,Adult,HETERO LABS LIMITED,"Efavirenz 600mg, tablets, 30 Tabs",Efavirenz,Generic,600mg,Tablet,30,56352,197232.0,3.5,0.12,"Hetero, Jadcherla, unit 5, IN",Yes,4792,30046.84,202.75,30046.84,4792
82633,111-MZ-T30,FPQ-12416,SO-45896,DN-3483,Mozambique,PMO - US,From RDC,N/A - From RDC,Truck,6/28/13,N/A - From RDC,31-Jan-14,10-Feb-14,17-Mar-14,ARV,Adult,SCMS from RDC,"Lamivudine/Nevirapine/Zidovudine 150/200/300mg, tablets, 60 Tabs",Lamivudine/Nevirapine/Zidovudine,Generic,150/300/200mg,Tablet - FDC,60,39600,327096.0,8.26,0.14,Mylan (formerly Matrix) Nashik,Yes,17181,15814.01,404.62,15814.01,17181
7176,107-RW-T01,Pre-PQ Process,SCMS-25080,ASN-2396,Rwanda,PMO - US,Direct Drop,EXW,Air,Pre-PQ Process,6/12/08,18-Oct-08,18-Oct-08,18-Oct-08,HRDT,HIV test,"Trinity Biotech, Plc","HIV 1/2, Uni-Gold HIV Kit, 20 Tests","HIV 1/2, Uni-Gold HIV Kit",Uni-Gold,,Test kit,20,3400,108800.0,32.0,1.6,"Trinity Biotech, Plc",Yes,1131,22370.64,174.08,22370.64,1131
11892,109-TZ-T01,Pre-PQ Process,SO-1999,DN-696,Tanzania,PMO - US,From RDC,N/A - From RDC,Air,Pre-PQ Process,N/A - From RDC,23-Apr-08,23-Apr-08,23-Apr-08,ARV,Adult,SCMS from RDC,"Efavirenz 600mg, tablets, 30 Tabs",Efavirenz,Generic,600mg,Tablet,30,18451,229161.42,12.42,0.41,"Aurobindo Unit III, India",Yes,1636,6195.24,366.66,6195.24,1636
63111,102-ML-T30,FPQ-13391,SCMS-221930,ASN-24507,Mali,PMO - US,Direct Drop,EXW,Air,12/16/13,1/22/14,19-Mar-14,19-Mar-14,24-Mar-14,HRDT,HIV test - Ancillary,"Orgenics, Ltd","HIV, Lancet, Safety, for HIV Test kits, 100 Pcs","HIV, Lancet, Safety, for HIV Test kits, 100 Pcs",Generic,,Test kit - Ancillary,100,153,765.0,5.0,0.05,"Alere Medical Co., Ltd.",No,See ASN-24507 (ID#:53327),See ASN-24507 (ID#:53327),0.79,5346.38,186
86022,104-CI-T30,FPQ-12144,SO-45600,DN-3431,Côte d'Ivoire,PMO - US,From RDC,N/A - From RDC,Truck,4/22/13,N/A - From RDC,3-Dec-13,10-Dec-13,8-Jan-14,ARV,Pediatric,SCMS from RDC,"Nevirapine 10mg/ml, oral suspension w/syringe, Bottle, 240 ml",Nevirapine,Generic,10mg/ml,Oral suspension,240,2000,3900.0,1.95,0.01,"Aurobindo Unit III, India",Yes,736,4747.87,4.82,4747.87,736
73348,103-ZW-T30,FPQ-15021,SCMS-261410,ASN-30816,Zimbabwe,PMO - US,Direct Drop,FCA,Air,10/15/14,10/30/14,28-Feb-15,28-Feb-15,28-Feb-15,ARV,Pediatric,ABBVIE LOGISTICS (FORMERLY ABBOTT LOGISTICS BV),"Lopinavir/Ritonavir 80/20mg/ml [Kaletra], oral solution, cool, Bottle 5 x 60 ml",Lopinavir/Ritonavir,Kaletra,80/20mg/ml,Oral solution,300,5362,165256.84,30.82,0.1,ABBVIE (Abbott) Logis. UK,Yes,5060,44952.61,169.88,44952.61,5060
83121,105-GY-T30,FPQ-11546,SO-44520,DN-3060,Guyana,PMO - US,From RDC,N/A - From RDC,Air,1/28/13,N/A - From RDC,18-Apr-13,15-Mar-13,15-Mar-13,ARV,Adult,SCMS from RDC,"Emtricitabine/Tenofovir Disoproxil Fumarate 200/300mg, tablets, 30 Tabs",Emtricitabine/Tenofovir Disoproxil Fumarate,Generic,200/300mg,Tablet - FDC,30,4917,31370.46,6.38,0.21,Hetero Unit III Hyderabad IN,Yes,1283,12862.56,38.81,12862.56,1283
86302,106-HT-T30,FPQ-4384,SO-36190,DN-1812,Haiti,PMO - US,From RDC,N/A - From RDC,Air,10/23/09,N/A - From RDC,17-May-10,19-May-10,19-May-10,ARV,Adult,SCMS from RDC,"Nevirapine 200mg, tablets, 60 Tabs",Nevirapine,Generic,200mg,Tablet,60,26400,70224.0,2.66,0.04,"Strides, Bangalore, India.",Yes,1456,25493.03,151.4,25493.03,1456
54755,200-ZW-T30,FPQ-6488,SCMS-90710,ASN-12598,Zimbabwe,PMO - US,Direct Drop,FCA,Air,10/26/10,11/10/10,21-Nov-11,21-Nov-11,21-Nov-11,ARV,Pediatric,ABBVIE LOGISTICS (FORMERLY ABBOTT LOGISTICS BV),"Lopinavir/Ritonavir 100/25mg [Aluvia], tablets, 60 Tabs",Lopinavir/Ritonavir,Generic,100/25mg,Tablet,60,5625,43368.75,7.71,0.13,ABBVIE Ludwigshafen Germany,Yes,665,7549.41,93.5,7549.41,665
19431,104-CI-T30,FPQ-13603,SCMS-228080,ASN-29972,Côte d'Ivoire,PMO - US,Direct Drop,EXW,Air,1/23/14,2/26/14,23-Jan-15,23-Jan-15,23-Jan-15,HRDT,HIV test,"Standard Diagnostics, Inc.","HIV 1/2, Bioline 3.0 Kit, Lancets, Capillary pipets, Alcohol swabs included, 25 Tests","HIV 1/2, Bioline 3.0 Kit, Lancets, Capillary pipets, Alcohol swabs included",Bioline,,Test kit,25,1400,28700.0,20.5,0.82,"Standard Diagnostics, Korea",Yes,437,5924.89,29.5,5924.89,437
28418,900-TZ-T30,FPQ-10394,SCMS-156500,ASN-16219,Tanzania,PMO - US,Direct Drop,EXW,Air,7/26/12,8/9/12,9-Oct-12,12-Oct-12,12-Oct-12,ARV,Adult,Aurobindo Pharma Limited,"Efavirenz 600mg, tablets, 30 Tabs",Efavirenz,Generic,600mg,Tablet,30,25741,84945.3,3.3,0.11,"Aurobindo Unit III, India",Yes,2210,9452.02,119.09,9452.02,2210
1162,104-CI-T01,Pre-PQ Process,SCMS-44130,ASN-4791,Côte d'Ivoire,PMO - US,Direct Drop,EXW,Air,Pre-PQ Process,4/15/09,15-Sep-09,15-Sep-09,15-Sep-09,HRDT,HIV test,BIO-RAD LABORATORIES (FRANCE),"#108853** HIV, Genie II HIV-1/HIV-2 Kit, 40 Tests","HIV, Genie II HIV-1/HIV-2 Kit",Genie,,Test kit,40,1000,110000.0,110.0,2.75,Bio-Rad Laboratories,Yes,1101,8074.03,215.6,8074.03,1101
84519,151-NG-T30,FPQ-4105,SO-33144,DN-1569,Nigeria,PMO - US,From RDC,N/A - From RDC,Air Charter,8/13/09,N/A - From RDC,18-Dec-09,18-Dec-09,18-Dec-09,ARV,Adult,SCMS from RDC,"Lamivudine/Tenofovir Disoproxil Fumarate 300/300mg, tablets, 30 Tabs",Lamivudine/Tenofovir Disoproxil Fumarate,Generic,300/300mg,Tablet - FDC,30,50040,500400.0,10.0,0.33,Mylan (formerly Matrix) Nashik,Yes,4161,11637.64,980.78,11637.64,4161
30819,109-TZ-T30,FPQ-6936,SCMS-100650,ASN-10469,Tanzania,PMO - US,Direct Drop,EXW,Air,12/27/10,3/2/11,1-Jun-11,1-Jun-11,1-Jun-11,HRDT,HIV test,"Orgenics, Ltd","HIV 1/2, Determine Complete HIV Kit, 100 Tests","HIV 1/2, Determine Complete HIV Kit",Determine,,Test kit,100,1250,100000.0,80.0,0.8,Inverness Japan,Yes,600,14398.69,165.0,14398.69,600
81083,104-CI-T30,FPQ-3882,SCMS-51810,ASN-4979,Côte d'Ivoire,PMO - US,Direct Drop,FCA,Air,7/24/09,8/24/09,8-Oct-09,8-Oct-09,8-Oct-09,ARV,Adult,ABBVIE LOGISTICS (FORMERLY ABBOTT LOGISTICS BV),"Lopinavir/Ritonavir 200/50mg [Aluvia], tablets, 120 Tabs",Lopinavir/Ritonavir,Aluvia,200/50mg,Tablet,120,7600,274816.0,36.16,0.3,ABBVIE Ludwigshafen Germany,No,See ASN-4979 (ID#:21174),See ASN-4979 (ID#:21174),538.64,28238.31,4794
85635,106-HT-T30,FPQ-4469,SO-34240,DN-1530,Haiti,PMO - US,From RDC,N/A - From RDC,Air,9/23/09,N/A - From RDC,30-Nov-09,30-Nov-09,30-Nov-09,ARV,Pediatric,SCMS from RDC,"Efavirenz 200mg, capsule, 90 Caps",Efavirenz,Generic,200mg,Capsule,90,735,8908.2,12.12,0.13,"Aurobindo Unit III, India",No,See DN-1530 (ID#:83964),See DN-1530 (ID#:83964),19.21,11091.78,1857
58192,161-ZA-T30,FPQ-6262,SCMS-84230,ASN-9617,South Africa,PMO - US,Direct Drop,DDP,Ocean,8/31/10,9/21/10,5-Apr-11,5-Apr-11,5-Apr-11,ARV,Adult,STRIDES ARCOLAB LIMITED,"Nevirapine 200mg, tablets, 60 Tabs",Nevirapine,Generic,200mg,Tablet,60,172428,494868.36,2.87,0.05,"Strides, Bangalore, India.",Yes,10859,17278.96,1066.94,17278.96,10859
44930,133-NG-T30,FPQ-12456,SCMS-196560,ASN-21218,Nigeria,PMO - US,Direct Drop,EXW,Air,6/10/13,7/10/13,18-Sep-13,18-Sep-13,18-Sep-13,HRDT,HIV test,"Orgenics, Ltd","HIV 1/2, Determine Complete HIV Kit, 100 Tests","HIV 1/2, Determine Complete HIV Kit",Determine,,Test kit,100,3055,271895.0,89.0,0.89,"Alere Medical Co., Ltd.",Yes,1241,13325.59,336.33,13325.59,1241
84469,151-NG-T30,FPQ-14989,SO-49936,DN-4261,Nigeria,PMO - US,From RDC,N/A - From RDC,Air Charter,9/19/14,N/A - From RDC,30-Jun-15,29-Apr-15,29-Apr-15,ARV,Adult,SCMS from RDC,"Efavirenz/Lamivudine/Tenofovir Disoproxil Fumarate 600/300/300mg, tablets, 30 Tabs",Efavirenz/Lamivudine/Tenofovir Disoproxil Fumarate,Generic,600/300/300mg,Tablet - FDC,30,290000,2784000.0,9.6,0.32,Hetero Unit III Hyderabad IN,Yes,37449,69097.98,2861.95,69097.98,37449
2463,107-RW-T01,Pre-PQ Process,SCMS-30312,ASN-3851,Rwanda,PMO - US,Direct Drop,CIP,Air,Pre-PQ Process,10/21/08,20-Apr-09,20-Apr-09,20-Apr-09,ARV,Adult,CIPLA LIMITED,"Lamivudine/Zidovudine 150/300mg, tablets, 60 Tabs",Lamivudine/Zidovudine,Generic,150/300mg,Tablet - FDC,60,7840,71344.0,9.1,0.15,"Cipla, Goa, India",Yes,719,853.88,139.83,853.88,719
12318,104-CI-T01,Pre-PQ Process,SO-33250,DN-1428,Côte d'Ivoire,PMO - US,From RDC,N/A - From RDC,Air,Date Not Captured,N/A - From RDC,21-Sep-09,21-Sep-09,21-Sep-09,ARV,Adult,SCMS from RDC,"Emtricitabine/Tenofovir Disoproxil Fumarate 200/300mg, tablets, 30 Tabs",Emtricitabine/Tenofovir Disoproxil Fumarate,Generic,200/300mg,Tablet - FDC,30,666,7825.5,11.75,0.39,Mylan (formerly Matrix) Nashik,Yes,54,1713.01,15.34,1713.01,54
60359,102-BI-T30,FPQ-12580,SCMS-199581,ASN-22108,Burundi,PMO - US,Direct Drop,EXW,Air,7/9/13,7/31/13,30-Oct-13,30-Oct-13,30-Oct-13,HRDT,HIV test,"CHEMBIO DIAGNOSTIC SYSTEMS, INC.","HIV 1/2, Stat-Pak Dipstick Assay Kit, 30 Tests","HIV 1/2, Stat-Pak Dipstick Assay Kit",Stat-Pak,,Test kit,30,428,11812.8,27.6,0.92,Chembio Diagnostics Sys. Inc.,Yes,47,732.47,14.61,732.47,47
38183,104-CI-T30,FPQ-12622,SCMS-201211,ASN-23979,Côte d'Ivoire,PMO - US,Direct Drop,EXW,Air,7/16/13,8/15/13,31-Jan-14,31-Jan-14,3-Feb-14,HRDT,HIV test,"Standard Diagnostics, Inc.","HIV 1/2, Bioline 3.0 Kit, Lancets, Capillary pipets, Alcohol swabs included, 25 Tests","HIV 1/2, Bioline 3.0 Kit, Lancets, Capillary pipets, Alcohol swabs included",Bioline,,Test kit,25,2400,49200.0,20.5,0.82,"Standard Diagnostics, Korea",Yes,831,9254.06,60.86,9254.06,831
84009,117-ET-T30,FPQ-5668,SO-36811,DN-1869,Ethiopia,PMO - US,From RDC,N/A - From RDC,Air,5/7/10,N/A - From RDC,30-Jun-10,18-Jun-10,18-Jun-10,ARV,Adult,SCMS from RDC,"Lamivudine 150mg, tablets, 60 Tabs",Lamivudine,Generic,150mg,Tablet,60,20000,46600.0,2.33,0.04,"Aurobindo Unit III, India",Yes,955,6154.8,100.47,6154.8,955
11434,110-ZM-T01,Pre-PQ Process,SO-942,DN-309,Zambia,PMO - US,From RDC,N/A - From RDC,Air,Pre-PQ Process,N/A - From RDC,21-Aug-07,21-Aug-07,21-Aug-07,ARV,Pediatric,SCMS from RDC,"Nevirapine 10mg/ml, oral suspension, Bottle, 240 ml",Nevirapine,Generic,10mg/ml,Oral suspension,240,10624,65868.8,6.2,0.03,"Aurobindo Unit III, India",Yes,3785,13116,105.39,13116,3785
82687,110-ZM-T30,FPQ-13692,SO-47992,DN-3889,Zambia,PMO - US,From RDC,N/A - From RDC,Truck,2/6/14,N/A - From RDC,30-Sep-14,2-Oct-14,22-Oct-14,ARV,Pediatric,SCMS from RDC,"Abacavir/Lamivudine 60/30mg, tablets, 60 Tabs",Abacavir/Lamivudine,Generic,60/30mg,Tablet - FDC,60,60000,237000.0,3.95,0.07,Mylan (formerly Matrix) Nashik,Yes,2484,3613.05,243.64,3613.05,2484
45608,102-KE-T30,FPQ-3984,SCMS-50870,ASN-4770,Kenya,PMO - US,Direct Drop,EXW,Air,7/20/09,7/31/09,11-Sep-09,11-Sep-09,11-Sep-09,HRDT,HIV test,"Trinity Biotech, Plc","HIV 1/2, Uni-Gold HIV Kit, 20 Tests","HIV 1/2, Uni-Gold HIV Kit",Uni-Gold,,Test kit,20,500,16000.0,32.0,1.6,"Trinity Biotech, Plc",Yes,170,2865.63,31.36,2865.63,170
82931,151-NG-T30,FPQ-6243,SO-38320,DN-2090,Nigeria,PMO - US,From RDC,N/A - From RDC,Air Charter,8/25/10,N/A - From RDC,22-Feb-11,16-Feb-11,16-Feb-11,ARV,Adult,SCMS from RDC,"Nevirapine 200mg, tablets, 60 Tabs",Nevirapine,Generic,200mg,Tablet,60,160786,414827.88,2.58,0.04,"Aurobindo Unit III, India",No,See DN-2090 (ID#:82366),See DN-2090 (ID#:82366),894.37,43548,70109
42038,102-KE-T30,FPQ-4587,SCMS-58380,ASN-5898,Kenya,PMO - US,Direct Drop,EXW,Air,11/18/09,12/2/09,16-Feb-10,19-Feb-10,19-Feb-10,HRDT,HIV test,"Orgenics, Ltd","HIV 1/2, Determine Complete HIV Kit, 100 Tests","HIV 1/2, Determine Complete HIV Kit",Determine,,Test kit,100,7888,631040.0,80.0,0.8,Inverness Japan,Yes,1357,12965.93,1360.52,12965.93,1357
82554,106-HT-T30,FPQ-11281,SO-44400,DN-3015,Haiti,PMO - US,From RDC,N/A - From RDC,Air,1/16/13,N/A - From RDC,9-Apr-13,14-Mar-13,14-Mar-13,ARV,Adult,SCMS from RDC,"Efavirenz 600mg, tablets, 30 Tabs",Efavirenz,Generic,600mg,Tablet,30,39936,132986.88,3.33,0.11,"Strides, Bangalore, India.",Yes,16035,161712.87,164.5,161712.87,16035
27938,110-ZM-T30,FPQ-8315,SCMS-120581,ASN-12827,Zambia,PMO - US,Direct Drop,EXW,Air,8/31/11,9/19/11,30-Nov-11,30-Nov-11,30-Nov-11,HRDT,HIV test,"Trinity Biotech, Plc","HIV 1/2, Uni-Gold HIV Kit, 20 Tests","HIV 1/2, Uni-Gold HIV Kit",Uni-Gold,,Test kit,20,5920,189440.0,32.0,1.6,"Trinity Biotech, Plc",Yes,1896,25136.39,312.58,25136.39,1896
10540,100-CI-T01,Pre-PQ Process,SO-283,DN-16,Côte d'Ivoire,PMO - US,From RDC,N/A - From RDC,,Pre-PQ Process,N/A - From RDC,22-Feb-07,22-Feb-07,22-Feb-07,ARV,Adult,SCMS from RDC,"Lamivudine/Zidovudine 150/300mg, tablets, 60 Tabs",Lamivudine/Zidovudine,Generic,150/300mg,Tablet - FDC,60,2230,22857.5,10.25,0.17,"Aurobindo Unit III, India",Yes,909,2804,,2804,909
12531,132-NG-T01,Pre-PQ Process,SO-2681,DN-843,Nigeria,PMO - US,From RDC,N/A - From RDC,Air,Pre-PQ Process,N/A - From RDC,28-Jul-08,28-Jul-08,28-Jul-08,ARV,Adult,SCMS from RDC,"Emtricitabine/Tenofovir Disoproxil Fumarate 200/300mg [Truvada], tablets, 30 Tabs",Emtricitabine/Tenofovir Disoproxil Fumarate,Truvada,300/200mg,Tablet - FDC,30,15000,393750.0,26.25,0.88,"Aspen-OSD, Port Elizabeth, SA",Yes,1309,7463.74,630.0,7463.74,1309
24129,102-SD-T30,FPQ-8261,SCMS-120442,ASN-12833,Sudan,PMO - US,Direct Drop,EXW,Air,8/29/11,9/14/11,6-Jan-12,6-Jan-12,6-Jan-12,HRDT,HIV test,"Orgenics, Ltd","HIV 1/2, Determine Complete HIV Kit, 100 Tests","HIV 1/2, Determine Complete HIV Kit",Determine,,Test kit,100,77,6853.0,89.0,0.89,"Alere Medical Co., Ltd.",Yes,36,1712.6,11.31,1712.6,36
86558,113-ZW-T30,FPQ-10632,SO-43213,DN-3083,Zimbabwe,PMO - US,From RDC,N/A - From RDC,Truck,9/11/12,N/A - From RDC,15-Apr-13,8-Apr-13,8-Apr-13,ARV,Adult,SCMS from RDC,"Lamivudine/Tenofovir Disoproxil Fumarate 300/300mg, tablets, 30 Tabs",Lamivudine/Tenofovir Disoproxil Fumarate,Generic,300/300mg,Tablet - FDC,30,138974,653177.8,4.7,0.16,Hetero Unit III Hyderabad IN,Yes,14845,14451.68,915.76,14451.68,14845
4368,108-VN-T01,Pre-PQ Process,SCMS-20390,ASN-2204,Vietnam,PMO - US,Direct Drop,EXW,Air,Pre-PQ Process,3/31/08,12-Aug-08,12-Aug-08,12-Aug-08,ARV,Adult,CIPLA LIMITED,"Lamivudine/Nevirapine/Stavudine 150/200/30mg, tablets, 60 Tabs",Lamivudine/Nevirapine/Stavudine,Generic,150/200/30mg,Tablet - FDC,60,10420,77108.0,7.4,0.12,"Cipla, Goa, India",Yes,1000,7526.06,123.37,7526.06,1000
83066,900-UG-T30,FPQ-10084,SO-42631,DN-2800,Uganda,PMO - US,From RDC,N/A - From RDC,Truck,6/7/12,N/A - From RDC,27-Sep-12,27-Sep-12,27-Sep-12,ARV,Adult,SCMS from RDC,"Efavirenz 600mg, tablets, 30 Tabs",Efavirenz,Generic,600mg,Tablet,30,66160,258685.6,3.91,0.13,"Aurobindo Unit III, India",Yes,5641,2175.07,362.68,2175.07,5641
66626,114-UG-T30,FPQ-14070,SCMS-237180,ASN-31555,Uganda,PMO - US,Direct Drop,EXW,Air,4/10/14,4/30/14,17-Apr-15,17-Apr-15,20-Apr-15,HRDT,HIV test,BIO-RAD LABORATORIES (FRANCE),"HIV 1/2, Genie III Kit, 50 Tests","HIV 1/2, Genie III Kit",Genie,,Test kit,50,30,2982.0,99.4,1.99,Bio-Rad Laboratories,Yes,17,660.77,3.07,660.77,17
84864,110-ZM-T30,FPQ-12066,SO-45081,DN-3360,Zambia,PMO - US,From RDC,N/A - From RDC,Truck,4/19/13,N/A - From RDC,24-Jan-14,24-Jan-14,17-Mar-14,ARV,Adult,SCMS from RDC,"Efavirenz/Emtricitabine/Tenofovir Disoproxil Fumarate 600/200/300mg, tablets, 30 Tabs",Efavirenz/Emtricitabine/Tenofovir Disoproxil Fumarate,Generic,600/200/300mg,Tablet - FDC,30,100619,1237613.7,12.3,0.41,"Cipla, Goa, India",Yes,47387,30981.39,1530.93,30981.39,47387
32775,106-HT-T30,FPQ-9894,SCMS-147610,ASN-15536,Haiti,PMO - US,Direct Drop,EXW,Air,5/22/12,6/13/12,10-Aug-12,10-Aug-12,10-Aug-12,HRDT,HIV test,"SHANGHAI KEHUA BIOENGINEERING CO.,LTD.  (KHB)","HIV 1/2, SKB Colloidal Gold, Diagnostic Kit, Antibody, 50 Tests","HIV 1/2, Colloidal Gold, Diagnostic Kit, Antibody",Colloidal Gold,,Test kit,1,600,14700.0,24.5,24.5,"KHB Test Kit Facility, Shanghai China",Yes,434,4209.61,20.61,4209.61,434
58491,101-CD-T30,FPQ-15736,SCMS-275290,ASN-30748,"Congo, DRC",PMO - US,Direct Drop,EXW,Air,1/26/15,2/9/15,3-Apr-15,3-Apr-15,15-Apr-15,ANTM,Malaria,AMSTELFARMA B.V.,"Sulfadoxine/Pyrimethamine 500/25mg, tablets, 1000 Tabs",Sulfadoxine/Pyrimethamine,Generic,500/25mg,Tablet - FDC,1000,580,19198.0,33.1,0.03,"Micro Labs, Hosur, India",Yes,500,3958.28,22.6,3958.28,500
83053,151-NG-T30,FPQ-9432,SO-41681,DN-2727,Nigeria,PMO - US,From RDC,N/A - From RDC,Air Charter,3/1/12,N/A - From RDC,2-Aug-12,9-Jul-12,9-Jul-12,ARV,Adult,SCMS from RDC,"Nevirapine 200mg, tablets, 60 Tabs",Nevirapine,Generic,200mg,Tablet,60,99999,243997.56,2.44,0.04,Mylan (formerly Matrix) Nashik,Yes,13437,21347.12,342.08,21347.12,13437
85266,113-ZW-T30,FPQ-8464,SO-40883,DN-2693,Zimbabwe,PMO - US,From RDC,N/A - From RDC,Truck,10/4/11,N/A - From RDC,14-Aug-12,27-Jun-12,27-Jun-12,ARV,Adult,SCMS from RDC,"Lamivudine/Nevirapine/Zidovudine 150/200/300mg, tablets, 60 Tabs",Lamivudine/Nevirapine/Zidovudine,Generic,150/300/200mg,Tablet - FDC,60,11574,119096.46,10.29,0.17,Mylan (formerly Matrix) Nashik,No,See DN-2693 (ID#:82481),See DN-2693 (ID#:82481),196.51,5530.11,7095
28210,900-TZ-T30,FPQ-10394,SCMS-156500,ASN-16217,Tanzania,PMO - US,Direct Drop,EXW,Air,7/26/12,8/9/12,9-Oct-12,9-Oct-12,9-Oct-12,ARV,Adult,Aurobindo Pharma Limited,"Efavirenz 600mg, tablets, 30 Tabs",Efavirenz,Generic,600mg,Tablet,30,64980,214434.0,3.3,0.11,"Aurobindo Unit III, India",Yes,5578,18826.62,300.64,18826.62,5578
21606,161-ZA-T30,FPQ-6708,SCMS-93490,ASN-10129,South Africa,PMO - US,Direct Drop,DDP,Ocean,11/26/10,12/14/10,4-Apr-11,4-Apr-11,4-Apr-11,ARV,Pediatric,Aurobindo Pharma Limited,"Nevirapine 10mg/ml, oral suspension w/syringe, Bottle, 240 ml",Nevirapine,Generic,10mg/ml,Oral suspension,240,3971,8418.52,2.12,0.01,"Aurobindo Unit III, India",Yes,1472,3524.95,13.89,3524.95,1472
83083,111-MZ-T30,FPQ-10210,SO-42820,DN-2862,Mozambique,PMO - US,From RDC,N/A - From RDC,Truck,6/28/12,N/A - From RDC,31-Oct-12,10-Oct-12,10-Oct-12,ARV,Adult,SCMS from RDC,"Nevirapine 200mg, tablets, 60 Tabs",Nevirapine,Generic,200mg,Tablet,60,3167,7664.14,2.42,0.04,Mylan (formerly Matrix) Nashik,Yes,775,3855.94,10.75,3855.94,775
19647,161-ZA-T30,FPQ-7400,SCMS-104240,ASN-12269,South Africa,PMO - US,Direct Drop,DDP,Ocean,3/11/11,3/30/11,18-Nov-11,18-Nov-11,18-Nov-11,ARV,Pediatric,GLAXOSMITHKLINE EXPORT LIMITED,"Abacavir 20mg/ml [Ziagen], oral solution, Bottle, 240 ml",Abacavir,Ziagen,20mg/ml,Oral solution,240,20000,185600.0,9.28,0.04,GSK Mississauga (Canada),Yes,7664,17022.13,306.24,17022.13,7664
85642,104-CI-T30,FPQ-4378,SO-34420,DN-1568,Côte d'Ivoire,PMO - US,From RDC,N/A - From RDC,Air,10/15/09,N/A - From RDC,14-Dec-09,11-Dec-09,11-Dec-09,ARV,Adult,SCMS from RDC,"Lamivudine/Nevirapine/Stavudine 150/200/30mg, tablets, 60 Tabs",Lamivudine/Nevirapine/Stavudine,Generic,150/200/30mg,Tablet - FDC,60,9024,60099.84,6.66,0.11,"Cipla, Goa, India",Yes,976,12369.8,117.8,12369.8,976
36654,114-UG-T30,FPQ-7268,SCMS-104120,ASN-11026,Uganda,PMO - US,Direct Drop,DDP,Air,3/11/11,3/25/11,2-Jun-11,2-Jun-11,2-Jun-11,ARV,Adult,ASPEN PHARMACARE,"Etravirine 100mg [Intelence], tablets, 120 Tabs",Etravirine,Intelence,100mg,Tablet,120,27,2361.42,87.46,0.73,"Janssen-Cilag, Latina, IT",Yes,5,41,3.9,41,5
81888,133-NG-T30,FPQ-12812,SCMS-210351,ASN-23947,Nigeria,PMO - US,Direct Drop,EXW,Air,8/13/13,11/1/13,18-Feb-14,13-Feb-14,12-Mar-14,HRDT,HIV test,"Orgenics, Ltd","HIV 1/2, Determine Complete HIV Kit, 100 Tests","HIV 1/2, Determine Complete HIV Kit",Determine,,Test kit,100,9363,833307.0,89.0,0.89,"Alere Medical Co., Ltd.",Yes,3800,58592.54,1030.8,58592.54,3800
63064,133-NG-T30,FPQ-12456,SCMS-196561,ASN-22347,Nigeria,PMO - US,Direct Drop,EXW,Air,6/10/13,7/10/13,7-Nov-13,7-Nov-13,17-Nov-13,HRDT,HIV test,"Orgenics, Ltd","HIV 1/2, Determine Complete HIV Kit, 100 Tests","HIV 1/2, Determine Complete HIV Kit",Determine,,Test kit,100,3023,269047.0,89.0,0.89,"Alere Medical Co., Ltd.",Yes,1221,19891.2,332.81,19891.2,1221
37987,161-ZA-T30,FPQ-5648,SCMS-75990,ASN-8794,South Africa,PMO - US,Direct Drop,DDP,Ocean,6/2/10,6/17/10,12-Jan-11,12-Jan-11,12-Jan-11,ARV,Adult,Aurobindo Pharma Limited,"Tenofovir Disoproxil Fumarate 300mg, tablets, 30 Tabs",Tenofovir Disoproxil Fumarate,Generic,300mg,Tablet,30,3619,25007.29,6.91,0.23,"Aurobindo Unit III, India",Yes,338,6147.09,53.92,6147.09,338
36717,104-CI-T30,FPQ-5207,SCMS-75360,ASN-7633,Côte d'Ivoire,PMO - US,Direct Drop,EXW,Air,2/25/10,6/7/10,3-Aug-10,3-Aug-10,3-Aug-10,HRDT,HIV test,"CHEMBIO DIAGNOSTIC SYSTEMS, INC.","HIV 1/2, Stat-Pak HIV, Kit, 20 Tests","HIV 1/2, Stat-Pak HIV, Kit",Stat-Pak,,Test kit,20,2483,67041.0,27.0,1.35,Chembio Diagnostics Sys. Inc.,Yes,706,6150.75,144.54,6150.75,706
64589,114-UG-T30,FPQ-11141,SCMS-176730,ASN-19001,Uganda,PMO - US,Direct Drop,EXW,Air,12/13/12,2/7/13,8-May-13,8-May-13,8-May-13,ARV,Pediatric,MICRO LABS LIMITED,"Efavirenz 50mg, capsule, 30 Caps",Efavirenz,Generic,50mg,Capsule,30,252,504.0,2.0,0.07,"Micro labs, Verna, Goa, India",Yes,9,1026.15,0.62,1026.15,9
35808,161-ZA-T30,FPQ-5303,SCMS-68750,ASN-8348,South Africa,PMO - US,Direct Drop,DDP,Air,3/18/10,3/19/10,13-Oct-10,27-Oct-10,27-Oct-10,ARV,Adult,CIPLA LIMITED,"Tenofovir Disoproxil Fumarate 300mg, tablets, 30 Tabs",Tenofovir Disoproxil Fumarate,Generic,300mg,Tablet,30,51920,406014.4,7.82,0.26,"Cipla, Goa, India",Yes,3549,3646.13,875.37,3646.13,3549
82347,104-CI-T30,FPQ-5925,SO-37141,DN-1983,Côte d'Ivoire,PMO - US,From RDC,N/A - From RDC,Air,6/23/10,N/A - From RDC,31-Aug-10,23-Aug-10,23-Aug-10,ARV,Adult,SCMS from RDC,"Stavudine 30mg, capsules, 60 Caps",Stavudine,Generic,30mg,Capsule,60,5670,7994.7,1.41,0.02,"Strides, Bangalore, India.",Yes,317,12648.36,17.24,12648.36,317
64850,161-ZA-T30,FPQ-5303,SCMS-68760,ASN-7110,South Africa,PMO - US,Direct Drop,DDP,Air,3/18/10,3/19/10,27-Jul-10,27-Jul-10,27-Jul-10,ARV,Adult,STRIDES ARCOLAB LIMITED,"Nevirapine 200mg, tablets, 60 Tabs",Nevirapine,Generic,200mg,Tablet,60,85111,246821.9,2.9,0.05,"Strides, Bangalore, India.",Yes,5437,9205.05,532.15,9205.05,5437
10643,110-ZM-T01,Pre-PQ Process,SO-1309,DN-484,Zambia,PMO - US,From RDC,N/A - From RDC,,Pre-PQ Process,N/A - From RDC,7-Dec-07,7-Dec-07,7-Dec-07,ARV,Adult,SCMS from RDC,"Lamivudine/Nevirapine/Stavudine 150/200/30mg, tablets, 60 Tabs",Lamivudine/Nevirapine/Stavudine,Generic,150/200/30mg,Tablet - FDC,60,14052,103984.8,7.4,0.12,"Cipla, Goa, India",Yes,1420,5780.2,166.38,5780.2,1420
7775,102-GY-T01,Pre-PQ Process,SCMS-42300,ASN-4318,Guyana,PMO - US,Direct Drop,EXW,Air,Pre-PQ Process,3/31/09,9-Jul-09,9-Jul-09,9-Jul-09,HRDT,HIV test,"Trinity Biotech, Plc","HIV 1/2, Uni-Gold HIV Kit, 20 Tests","HIV 1/2, Uni-Gold HIV Kit",Uni-Gold,,Test kit,20,1371,43872.0,32.0,1.6,"Trinity Biotech, Plc",Yes,468,5733.61,85.99,5733.61,468
20264,107-RW-T30,FPQ-12518,SCMS-198222,ASN-24715,Rwanda,PMO - US,Direct Drop,EXW,Air,6/21/13,8/12/13,27-Mar-14,27-Mar-14,27-Mar-14,HRDT,HIV test,"SHANGHAI KEHUA BIOENGINEERING CO.,LTD.  (KHB)","HIV 1/2, SKB Colloidal Gold, Diagnostic Kit, Antibody, 50 Tests","HIV 1/2, Colloidal Gold, Diagnostic Kit, Antibody",Colloidal Gold,,Test kit,1,2988,73206.0,24.5,24.5,"KHB Test Kit Facility, Shanghai China",Yes,1992,26266.34,90.56,26266.34,1992
84732,151-NG-T30,FPQ-9432,SO-42643,DN-2734,Nigeria,PMO - US,From RDC,N/A - From RDC,Air Charter,3/1/12,N/A - From RDC,2-Aug-12,10-Jul-12,10-Jul-12,ARV,Adult,SCMS from RDC,"Emtricitabine/Tenofovir Disoproxil Fumarate 200/300mg, tablets, 30 Tabs",Emtricitabine/Tenofovir Disoproxil Fumarate,Generic,200/300mg,Tablet - FDC,30,53000,376830.0,7.11,0.24,"Aurobindo Unit III, India",Yes,5252,21347.13,528.32,21347.13,5252
83088,900-CM-T30,FPQ-10641,SO-43381,DN-2898,Cameroon,PMO - US,From RDC,N/A - From RDC,Air Charter,9/19/12,N/A - From RDC,7-Nov-12,17-Oct-12,17-Oct-12,ARV,Adult,SCMS from RDC,"Efavirenz/Lamivudine/Tenofovir Disoproxil Fumarate 600/300/300mg, tablets, 30 Tabs",Efavirenz/Lamivudine/Tenofovir Disoproxil Fumarate,Generic,600/300/300mg,Tablet - FDC,30,20000,265400.0,13.27,0.44,Mylan (formerly Matrix) Nashik,Yes,3943,67732.55,372.09,67732.55,3943
66373,102-GY-T30,FPQ-4870,SCMS-63870,ASN-6095,Guyana,PMO - US,Direct Drop,EXW,Air,1/11/10,2/4/10,4-Mar-10,4-Mar-10,4-Mar-10,HRDT,HIV test,"Trinity Biotech, Plc","HIV 1/2, Uni-Gold HIV Kit, 20 Tests","HIV 1/2, Uni-Gold HIV Kit",Uni-Gold,,Test kit,20,2334,74688.0,32.0,1.6,"Trinity Biotech, Plc",Yes,807,6558.08,161.03,6558.08,807
84030,151-NG-T30,FPQ-5688,SO-36931,DN-1975,Nigeria,PMO - US,From RDC,N/A - From RDC,Air Charter,5/27/10,N/A - From RDC,31-Aug-10,17-Aug-10,17-Aug-10,ARV,Adult,SCMS from RDC,"Lamivudine/Nevirapine/Zidovudine 150/200/300mg, tablets, 60 Tabs",Lamivudine/Nevirapine/Zidovudine,Generic,150/300/200mg,Tablet - FDC,60,54125,607282.5,11.22,0.19,"Aurobindo Unit III, India",Yes,7050,6147.18,1309.3,6147.18,7050
17831,102-SD-T30,FPQ-7321,SCMS-107790,ASN-11120,Sudan,PMO - US,Direct Drop,EXW,Air,3/29/11,5/2/11,1-Jul-11,1-Jul-11,1-Jul-11,HRDT,HIV test,"Orgenics, Ltd","HIV 1/2, Determine Complete HIV Kit, 100 Tests","HIV 1/2, Determine Complete HIV Kit",Determine,,Test kit,100,378,33642.0,89.0,0.89,Inverness Japan,Yes,180,4529.86,55.51,4529.86,180
11550,114-UG-T01,Pre-PQ Process,SO-1928,DN-652,Uganda,PMO - US,From RDC,N/A - From RDC,,Pre-PQ Process,N/A - From RDC,7-Apr-08,7-Apr-08,7-Apr-08,ARV,Adult,SCMS from RDC,"Lamivudine/Nevirapine/Zidovudine 150/200/300mg, tablets, 60 Tabs",Lamivudine/Nevirapine/Zidovudine,Generic,150/300/200mg,Tablet - FDC,60,1450,19575.0,13.5,0.22,"Cipla, Goa, India",Yes,167,1472.77,31.32,1472.77,167
77735,104-CI-T30,FPQ-12806,SCMS-206590,ASN-24449,Côte d'Ivoire,PMO - US,Direct Drop,EXW,Air,8/9/13,9/16/13,3-Mar-14,3-Mar-14,26-Mar-14,ARV,Adult,MYLAN LABORATORIES LTD (FORMERLY MATRIX LABORATORIES),"Atazanavir/Ritonavir 300/100mg, tablets, 30 Tabs",Atazanavir/Ritonavir,Generic,300/100mg,Tablet,30,2100,42000.0,20.0,0.67,Mylan (formerly Matrix) Nashik,Yes,293,3169.34,51.95,3169.34,293
49063,133-NG-T30,FPQ-12456,SCMS-196561,ASN-22342,Nigeria,PMO - US,Direct Drop,EXW,Air,6/10/13,7/10/13,7-Nov-13,5-Nov-13,17-Nov-13,HRDT,HIV test,"Orgenics, Ltd","HIV 1/2, Determine Complete HIV Kit, 100 Tests","HIV 1/2, Determine Complete HIV Kit",Determine,,Test kit,100,3073,273497.0,89.0,0.89,"Alere Medical Co., Ltd.",Yes,1248,20602.3,338.32,20602.3,1248
11830,117-ET-T01,Pre-PQ Process,SO-1531,DN-526,Ethiopia,PMO - US,From RDC,N/A - From RDC,Air,Pre-PQ Process,N/A - From RDC,20-Dec-07,20-Dec-07,20-Dec-07,ARV,Pediatric,SCMS from RDC,"Zidovudine 10mg/ml, oral solution, Bottle, 240 ml",Zidovudine,Generic,10mg/ml,Oral solution,240,3286,7064.9,2.15,0.01,"Aurobindo Unit III, India",Yes,1215,8586,11.3,8586,1215
8893,108-VN-T01,Pre-PQ Process,SCMS-37190,ASN-3522,Vietnam,PMO - US,Direct Drop,EXW,Air,Pre-PQ Process,1/16/09,27-Mar-09,27-Mar-09,27-Mar-09,ARV,Adult,CIPLA LIMITED,"Lamivudine/Nevirapine/Stavudine 150/200/30mg, tablets, 60 Tabs",Lamivudine/Nevirapine/Stavudine,Generic,150/200/30mg,Tablet - FDC,60,24480,168912.0,6.9,0.12,"Cipla, Goa, India",Yes,2165,4443.97,331.07,4443.97,2165
6691,108-VN-T01,Pre-PQ Process,SCMS-750,ASN-804,Vietnam,PMO - US,Direct Drop,EXW,Air,Pre-PQ Process,7/3/07,24-Oct-07,24-Oct-07,24-Oct-07,ARV,Adult,SUN PHARMACEUTICAL INDUSTRIES LTD (RANBAXY LABORATORIES LIMITED),"Zidovudine 300mg, tablets, 60 Tabs",Zidovudine,Generic,300mg,Tablet,60,100,894.0,8.94,0.15,"Ranbaxy, Paonta Shahib, India",Yes,6,2794.34,1.43,2794.34,6
86325,151-NG-T30,FPQ-5688,SO-36935,DN-1979,Nigeria,PMO - US,From RDC,N/A - From RDC,Air Charter,5/27/10,N/A - From RDC,31-Aug-10,17-Aug-10,17-Aug-10,ARV,Adult,SCMS from RDC,"Lamivudine/Nevirapine/Zidovudine 150/200/300mg, tablets, 60 Tabs",Lamivudine/Nevirapine/Zidovudine,Generic,150/300/200mg,Tablet - FDC,60,1700,19074.0,11.22,0.19,"Aurobindo Unit III, India",Yes,224,6147.18,41.12,6147.18,224
83523,900-GH-T30,FPQ-7866,SO-40000,DN-2320,Ghana,PMO - US,From RDC,N/A - From RDC,Air,6/13/11,N/A - From RDC,14-Nov-11,14-Nov-11,14-Nov-11,ARV,Adult,SCMS from RDC,"Lamivudine/Zidovudine 150/300mg, tablets, 60 Tabs",Lamivudine/Zidovudine,Generic,150/300mg,Tablet - FDC,60,32168,265707.68,8.26,0.14,Mylan (formerly Matrix) Nashik,Yes,5199,585,438.42,585,5199
85315,104-CI-T30,FPQ-9749,SO-43030,DN-2910,Côte d'Ivoire,PMO - US,From RDC,N/A - From RDC,Truck,4/19/12,N/A - From RDC,30-Nov-12,5-Nov-12,5-Nov-12,ARV,Pediatric,SCMS from RDC,"Lamivudine/Zidovudine 30/60mg, tablets, 60 Tabs",Lamivudine/Zidovudine,Generic,30/60mg,Tablet - FDC,60,15120,41731.2,2.76,0.05,Mylan (formerly Matrix) Nashik,Yes,959,4424.91,58.51,4424.91,959
82297,114-UG-T30,FPQ-4325,SO-35970,DN-1677,Uganda,PMO - US,From RDC,N/A - From RDC,Air,9/23/09,N/A - From RDC,19-Mar-10,17-Mar-10,17-Mar-10,ARV,Adult,SCMS from RDC,"Lamivudine 150mg, tablets, 60 Tabs",Lamivudine,Generic,150mg,Tablet,60,3519,8586.36,2.44,0.04,Mylan (formerly Matrix) Nashik,Yes,2538,6298.34,16.83,6298.34,2538
84307,107-RW-T30,FPQ-12190,SO-45401,DN-3424,Rwanda,PMO - US,From RDC,N/A - From RDC,Truck,5/6/13,N/A - From RDC,29-Nov-13,5-Feb-14,24-Feb-14,ARV,Pediatric,SCMS from RDC,"Lamivudine 10mg/ml, oral solution w/syringe, Bottle, 240 ml",Lamivudine,Generic,10mg/ml,Oral solution,240,5233,7587.85,1.45,0.01,"Aurobindo Unit III, India",Yes,1855,6638.3,9.39,6638.3,1855
45695,106-HT-T30,FPQ-9635,SCMS-148400,ASN-15792,Haiti,PMO - US,Direct Drop,EXW,Air,5/14/12,7/12/12,18-Aug-12,18-Aug-12,18-Aug-12,ARV,Pediatric,Aurobindo Pharma Limited,"Efavirenz 50mg, capsule, 30 Caps",Efavirenz,Generic,50mg,Capsule,30,1764,3951.36,2.24,0.07,"Aurobindo Unit III, India",Yes,106,1615.07,5.54,1615.07,106
10677,119-NA-T01,Pre-PQ Process,SO-1765,DN-759,Namibia,PMO - US,From RDC,N/A - From RDC,Air,Pre-PQ Process,N/A - From RDC,19-Jun-08,19-Jun-08,19-Jun-08,ARV,Adult,SCMS from RDC,"Efavirenz 600mg, tablets, 30 Tabs",Efavirenz,Generic,600mg,Tablet,30,24320,292083.2,12.01,0.4,"Aurobindo Unit III, India",Yes,2094,4528.5,467.33,4528.5,2094
48216,109-TZ-T30,FPQ-9259,SCMS-136810,ASN-14309,Tanzania,PMO - US,Direct Drop,EXW,Air,1/27/12,2/3/12,25-May-12,25-May-12,25-May-12,HRDT,HIV test,"Trinity Biotech, Plc","HIV 1/2, Uni-Gold HIV Kit, 20 Tests","HIV 1/2, Uni-Gold HIV Kit",Uni-Gold,,Test kit,20,4250,136000.0,32.0,1.6,"Trinity Biotech, Plc",Yes,1386,13215.15,190.67,13215.15,1386
47625,161-ZA-T30,FPQ-5303,SCMS-68750,ASN-8703,South Africa,PMO - US,Direct Drop,DDP,Air,3/18/10,3/19/10,13-Oct-10,1-Dec-10,1-Dec-10,ARV,Adult,CIPLA LIMITED,"Tenofovir Disoproxil Fumarate 300mg, tablets, 30 Tabs",Tenofovir Disoproxil Fumarate,Generic,300mg,Tablet,30,54247,424211.54,7.82,0.26,"Cipla, Goa, India",Yes,3728,3646.13,914.6,3646.13,3728
15352,108-VN-T30,FPQ-10811,SCMS-166120,ASN-17672,Vietnam,PMO - US,Direct Drop,EXW,Air,10/15/12,11/9/12,29-Jan-13,29-Jan-13,29-Jan-13,ARV,Pediatric,Aurobindo Pharma Limited,"Lamivudine 10mg/ml, oral solution w/syringe, Bottle, 240 ml",Lamivudine,Generic,10mg/ml,Oral solution,240,464,858.4,1.85,0.01,"Aurobindo Unit III, India",Yes,437,1222.31,1.06,1222.31,437
11367,107-RW-T01,Pre-PQ Process,SO-308,DN-25,Rwanda,PMO - US,From RDC,N/A - From RDC,Air,Pre-PQ Process,N/A - From RDC,17-Mar-07,17-Mar-07,17-Mar-07,ARV,Adult,SCMS from RDC,"Tenofovir Disoproxil Fumarate 300mg [Viread], tablets, 30 Tabs",Tenofovir Disoproxil Fumarate,Viread,300mg,Tablet,30,4000,68000.0,17.0,0.57,Gilead(Nycomed) Oranienburg DE,Yes,256,12205.4,,12205.4,256
61959,114-UG-T30,FPQ-12477,SCMS-198690,ASN-21520,Uganda,PMO - US,Direct Drop,EXW,Air,7/8/13,7/30/13,14-Sep-13,14-Sep-13,14-Sep-13,ARV,Adult,STRIDES ARCOLAB LIMITED,"Efavirenz 600mg, tablets, 30 Tabs",Efavirenz,Generic,600mg,Tablet,30,111348,355200.12,3.19,0.11,"Strides, Bangalore, India.",Yes,6953,30711.92,439.38,30711.92,6953
28262,161-ZA-T30,FPQ-7175,SCMS-103840,ASN-10874,South Africa,PMO - US,Direct Drop,DDP,Ocean,3/10/11,3/28/11,14-Jul-11,14-Jul-11,14-Jul-11,ARV,Adult,CIPLA LIMITED,"Tenofovir Disoproxil Fumarate 300mg, tablets, 30 Tabs",Tenofovir Disoproxil Fumarate,Generic,300mg,Tablet,30,48000,310560.0,6.47,0.22,"Cipla, Goa, India",Yes,3247,7180.16,512.42,7180.16,3247
10718,113-ZW-T01,Pre-PQ Process,SO-1052,DN-838,Zimbabwe,PMO - US,From RDC,N/A - From RDC,Truck,Pre-PQ Process,N/A - From RDC,26-Jul-08,26-Jul-08,26-Jul-08,HRDT,HIV test,SCMS from RDC,"HIV 1/2, Bioline 3.0 Kit, Lancets, Capillary pipets, Alcohol swabs included, 25 Tests","HIV 1/2, Bioline 3.0 Kit, Lancets, Capillary pipets, Alcohol swabs included",Bioline,,Test kit,25,307,6140.0,20.0,0.8,"Standard Diagnostics, Korea",Yes,1368,5663,9.82,5663,1368
11661,114-UG-T01,Pre-PQ Process,SO-32120,DN-1303,Uganda,PMO - US,From RDC,N/A - From RDC,Air,Date Not Captured,N/A - From RDC,14-Aug-09,14-Aug-09,14-Aug-09,ARV,Adult,SCMS from RDC,"Nevirapine 200mg, tablets, 60 Tabs",Nevirapine,Generic,200mg,Tablet,60,2844,8247.6,2.9,0.05,"Aurobindo Unit III, India",Yes,1587,11206.84,16.17,11206.84,1587
58716,114-UG-T30,FPQ-9365,SCMS-142470,ASN-15272,Uganda,PMO - US,Direct Drop,DDP,Air,3/15/12,4/17/12,21-Jun-12,21-Jun-12,21-Jun-12,ARV,Adult,ASPEN PHARMACARE,"Darunavir 300mg [Prezista], tablets, 120 Tabs",Darunavir,Prezista,300mg,Tablet,120,173,11521.8,66.6,0.55,"Aspen-OSD, Port Elizabeth, SA",Yes,35,251.52,16.15,251.52,35
34718,104-CI-T30,FPQ-13198,SCMS-215300,ASN-25800,Côte d'Ivoire,PMO - US,Direct Drop,FCA,Air,10/28/13,11/22/13,13-May-14,13-May-14,15-May-14,ARV,Pediatric,LAWRENCE LABORATORIES (SUBSIDIARY OF BRISTOL MYERS SQUIBB),"Didanosine 25mg [Videx], chewable tablets, 60 Tabs",Didanosine,Videx,25mg,Chewable/dispersible tablet,60,1515,10605.0,7.0,0.12,Bristol-Myers Squibb Anagni IT,Yes,338,2864.63,10.9,2864.63,338
12294,106-HT-T01,Pre-PQ Process,SO-24832,DN-1278,Haiti,PMO - US,From RDC,N/A - From RDC,Air,Pre-PQ Process,N/A - From RDC,18-Jun-09,18-Jun-09,18-Jun-09,ARV,Pediatric,SCMS from RDC,"Efavirenz 50mg, capsule, 30 Caps",Efavirenz,Generic,50mg,Capsule,30,1428,3198.72,2.24,0.07,"Aurobindo Unit III, India",Yes,83,7789.85,6.27,7789.85,83
62712,114-UG-T30,FPQ-15303,SCMS-264920,ASN-30994,Uganda,PMO - US,Direct Drop,FCA,Air,11/11/14,11/25/14,20-Mar-15,20-Mar-15,20-Mar-15,ARV,Pediatric,ABBVIE LOGISTICS (FORMERLY ABBOTT LOGISTICS BV),"Lopinavir/Ritonavir 80/20mg/ml [Kaletra], oral solution, cool, Bottle 5 x 60 ml",Lopinavir/Ritonavir,Kaletra,80/20mg/ml,Oral solution,300,150,4623.0,30.82,0.1,ABBVIE (Abbott) Logis. UK,Yes,170,2265.89,5.44,2265.89,170
86606,102-BI-T30,FPQ-12602,SO-46040,DN-3336,Burundi,PMO - US,From RDC,N/A - From RDC,Air,7/9/13,N/A - From RDC,27-Oct-13,5-Nov-13,12-Nov-13,ARV,Adult,SCMS from RDC,"Efavirenz 600mg, tablets, 30 Tabs",Efavirenz,Generic,600mg,Tablet,30,5568,18541.44,3.33,0.11,"Strides, Bangalore, India.",Yes,342,3325.77,22.94,3325.77,342
17640,111-MZ-T30,FPQ-10880,SCMS-164000,ASN-18533,Mozambique,PMO - US,Direct Drop,EXW,Air,10/18/12,11/6/12,20-Mar-13,20-Mar-13,20-Mar-13,HRDT,HIV test,"Orgenics, Ltd","HIV 1/2, Determine Complete HIV Kit, 100 Tests","HIV 1/2, Determine Complete HIV Kit",Determine,,Test kit,100,1832,146560.0,80.0,0.8,"Alere Medical Co., Ltd.",Yes,829,8680.27,181.29,8680.27,829
49169,107-RW-T30,FPQ-8742,SCMS-137520,ASN-14659,Rwanda,PMO - US,Direct Drop,CIP,Air,12/7/11,4/3/12,26-Apr-12,26-Apr-12,26-Apr-12,ARV,Adult,MYLAN LABORATORIES LTD (FORMERLY MATRIX LABORATORIES),"Efavirenz/Lamivudine/Tenofovir Disoproxil Fumarate 600/300/300mg, tablets, 30 Tabs",Efavirenz/Lamivudine/Tenofovir Disoproxil Fumarate,Generic,600/300/300mg,Tablet - FDC,30,4560,62335.2,13.67,0.46,Mylan (formerly Matrix) Nashik,Yes,561,5610.17,87.39,5610.17,561
52206,106-HT-T30,FPQ-4389,SCMS-58030,ASN-7025,Haiti,PMO - US,Direct Drop,FCA,Air,11/3/09,11/13/09,18-Jun-10,18-Jun-10,18-Jun-10,ARV,Pediatric,ABBVIE LOGISTICS (FORMERLY ABBOTT LOGISTICS BV),"Lopinavir/Ritonavir 100/25mg [Aluvia], tablets, 60 Tabs",Lopinavir/Ritonavir,Generic,100/25mg,Tablet,60,300,2712.0,9.04,0.15,ABBVIE Ludwigshafen Germany,Yes,44,1075.54,5.85,1075.54,44
32316,102-SD-T30,FPQ-8264,SCMS-121842,ASN-12830,Sudan,PMO - US,Direct Drop,EXW,Air,9/7/11,9/14/11,6-Jan-12,6-Jan-12,6-Jan-12,HRDT,HIV test - Ancillary,"Orgenics, Ltd","Capillary Tubes, for Determine, EDTA, 50uL,100 Pcs","HIV, Capillary Tubes, for Determine, EDTA, 50uL,100 Pcs",Determine,,Test kit - Ancillary,100,2,16.0,8.0,0.08,"Alere Medical Co., Ltd.",Yes,2,885.49,0.03,885.49,2
85649,114-UG-T30,FPQ-4470,SO-34780,DN-1622,Uganda,PMO - US,From RDC,N/A - From RDC,Air,8/17/09,N/A - From RDC,3-Feb-10,3-Feb-10,3-Feb-10,ARV,Adult,SCMS from RDC,"Lamivudine/Nevirapine/Zidovudine 150/200/300mg, tablets, 60 Tabs",Lamivudine/Nevirapine/Zidovudine,Generic,150/300/200mg,Tablet - FDC,60,31000,351850.0,11.35,0.19,Mylan (formerly Matrix) Nashik,Yes,3941,42656.07,689.63,42656.07,3941
83115,109-TZ-T30,FPQ-10545,SO-43121,DN-3038,Tanzania,PMO - US,From RDC,N/A - From RDC,Truck,8/24/12,N/A - From RDC,1-Apr-13,15-Mar-13,15-Mar-13,ARV,Adult,SCMS from RDC,"Tenofovir Disoproxil Fumarate 300mg, tablets, 30 Tabs",Tenofovir Disoproxil Fumarate,Generic,300mg,Tablet,30,1773,7162.92,4.04,0.13,Mylan (formerly Matrix) Nashik,Yes,116,2035.84,10.04,2035.84,116
4458,108-VN-T01,Pre-PQ Process,SCMS-23330,ASN-2276,Vietnam,PMO - US,Direct Drop,EXW,Air,Pre-PQ Process,5/13/08,19-Sep-08,19-Sep-08,19-Sep-08,ARV,Adult,Aurobindo Pharma Limited,"Lamivudine/Zidovudine 150/300mg, tablets, 60 Tabs",Lamivudine/Zidovudine,Generic,150/300mg,Tablet - FDC,60,2016,18648.0,9.25,0.15,"Aurobindo Unit III, India",Yes,185,5551.97,29.84,5551.97,185
9874,108-VN-T01,Pre-PQ Process,SCMS-27330,ASN-2861,Vietnam,PMO - US,Direct Drop,CIP,Air,Pre-PQ Process,7/23/08,13-Nov-08,13-Nov-08,13-Nov-08,ARV,Pediatric,BRISTOL-MYERS SQUIBB,"Didanosine 25mg [Videx], chewable tablets, 60 Tabs",Didanosine,Videx,25mg,Chewable/dispersible tablet,60,240,1680.0,7.0,0.12,"BMS Meymac, France",Yes,52,1516.05,3.29,1516.05,52
12375,110-ZM-T01,Pre-PQ Process,SO-621,DN-224,Zambia,PMO - US,From RDC,N/A - From RDC,,Pre-PQ Process,N/A - From RDC,9-Jul-07,9-Jul-07,9-Jul-07,ARV,Pediatric,SCMS from RDC,"Abacavir 20mg/ml, oral solution, Bottle, 240 ml",Abacavir,Generic,20mg/ml,Oral solution,240,350,7525.0,21.5,0.09,"Aurobindo Unit III, India",Yes,124,874.57,12.04,874.57,124
10910,104-CI-T01,Pre-PQ Process,SO-1446,DN-504,Côte d'Ivoire,PMO - US,From RDC,N/A - From RDC,Air,Pre-PQ Process,N/A - From RDC,24-Jan-08,24-Jan-08,24-Jan-08,ARV,Pediatric,SCMS from RDC,"Abacavir 20mg/ml, [DON] oral solution, Bottle, 240 ml",Abacavir,Generic,20mg/ml,Oral solution,240,3119,0.0,0.0,0.0,"Aurobindo Unit III, India",Yes,1088,2951.94,0.0,2951.94,1088
11970,104-CI-T01,Pre-PQ Process,SO-27520,DN-1234,Côte d'Ivoire,PMO - US,From RDC,N/A - From RDC,Air,Pre-PQ Process,N/A - From RDC,11-Jun-09,11-Jun-09,11-Jun-09,ARV,Pediatric,SCMS from RDC,"Efavirenz 200mg, capsule, 90 Caps",Efavirenz,Generic,200mg,Capsule,90,1680,25636.8,15.26,0.17,"Aurobindo Unit III, India",Yes,3337,9936.96,50.25,9936.96,3337
35609,105-GH-T30,FPQ-13872,SCMS-235800,ASN-26462,Ghana,PMO - US,Direct Drop,EXW,Air,3/24/14,4/23/14,17-Jul-14,23-Jul-14,31-Jul-14,ARV,Adult,STRIDES ARCOLAB LIMITED,"Efavirenz 600mg, tablets, 30 Tabs",Efavirenz,Generic,600mg,Tablet,30,60000,191400.0,3.19,0.11,"Strides, Bangalore, India.",Yes,3862,25512.84,196.76,25512.84,3862
16794,107-RW-T30,FPQ-13651,SCMS-227720,ASN-25267,Rwanda,PMO - US,Direct Drop,EXW,Air,2/5/14,2/28/14,6-May-14,6-May-14,15-May-14,ARV,Pediatric,Aurobindo Pharma Limited,"Nevirapine 10mg/ml, oral suspension w/syringe, Bottle, 240 ml",Nevirapine,Generic,10mg/ml,Oral suspension,240,9690,14631.9,1.51,0.01,"Aurobindo Unit III, India",Yes,3790,66260.33,15.04,66260.33,3790
12135,110-ZM-T01,Pre-PQ Process,SO-1314,DN-466,Zambia,PMO - US,From RDC,N/A - From RDC,,Pre-PQ Process,N/A - From RDC,12-Dec-07,12-Dec-07,12-Dec-07,ARV,Adult,SCMS from RDC,"Nevirapine 200mg, tablets, 60 Tabs",Nevirapine,Generic,200mg,Tablet,60,60440,205496.0,3.4,0.06,"Aurobindo Unit III, India",Yes,5725,15671.53,328.79,15671.53,5725
36758,107-RW-T30,FPQ-10752,SCMS-162540,ASN-17494,Rwanda,PMO - US,Direct Drop,EXW,Air,10/3/12,10/17/12,30-Jan-13,30-Jan-13,30-Jan-13,ARV,Adult,HETERO LABS LIMITED,"Tenofovir Disoproxil Fumarate 300mg, tablets, 30 Tabs",Tenofovir Disoproxil Fumarate,Generic,300mg,Tablet,30,672,2520.0,3.75,0.12,Hetero Unit III Hyderabad IN,Yes,55,1276.53,3.53,1276.53,55
82588,901-CM-T30,FPQ-12520,SO-45830,DN-3228,Cameroon,PMO - US,From RDC,N/A - From RDC,Air Charter,6/21/13,N/A - From RDC,22-Jul-13,14-Jul-13,14-Jul-13,ARV,Adult,SCMS from RDC,"Nevirapine 200mg, tablets, 60 Tabs",Nevirapine,Generic,200mg,Tablet,60,19683,44483.58,2.26,0.04,"Strides, Bangalore, India.",Yes,1733,20893.21,55.03,20893.21,1733
43929,114-UG-T30,FPQ-8497,SCMS-124980,ASN-13223,Uganda,PMO - US,Direct Drop,FCA,Air,10/3/11,10/21/11,14-Jan-12,14-Jan-12,14-Jan-12,ARV,Adult,Hoffmann-La Roche ltd Basel,"Saquinavir 500mg [Invirase], tablets, 120 Tabs",Saquinavir,Invirase,500mg,Tablet,120,98,12362.16,126.14,1.05,Roche Basel,Yes,18,586.16,20.4,586.16,18
11616,114-UG-T01,Pre-PQ Process,SO-17820,DN-985,Uganda,PMO - US,From RDC,N/A - From RDC,Air,Pre-PQ Process,N/A - From RDC,9-Jan-09,9-Jan-09,9-Jan-09,ARV,Adult,SCMS from RDC,"Lamivudine/Nevirapine/Stavudine 150/200/30mg, tablets, 60 Tabs",Lamivudine/Nevirapine/Stavudine,Generic,150/200/30mg,Tablet - FDC,60,3374,24292.8,7.2,0.12,"Strides, Bangalore, India.",Yes,250,2331.03,47.61,2331.03,250
74930,110-ZM-T30,FPQ-4141,SCMS-53261,ASN-5854,Zambia,PMO - US,Direct Drop,EXW,Air,8/31/09,9/11/09,28-Jan-10,28-Jan-10,28-Jan-10,HRDT,HIV test,"Orgenics, Ltd","HIV 1/2, Determine Complete HIV Kit, 100 Tests","HIV 1/2, Determine Complete HIV Kit",Determine,,Test kit,100,2898,208656.0,72.0,0.72,Inverness Japan,Yes,1409,21714.68,408.97,21714.68,1409
50802,109-TZ-T30,FPQ-13048,SCMS-212160,ASN-22844,Tanzania,PMO - US,Direct Drop,EXW,Air,10/3/13,10/28/13,31-Dec-13,31-Dec-13,3-Jan-14,ARV,Adult,Aurobindo Pharma Limited,"Zidovudine 300mg, tablets, 60 Tabs",Zidovudine,Generic,300mg,Tablet,60,11500,62445.0,5.43,0.09,"Aurobindo Unit III, India",Yes,632,4168.19,77.24,4168.19,632
38157,111-MZ-T30,FPQ-8527,SCMS-130160,ASN-13822,Mozambique,PMO - US,Direct Drop,EXW,Air,10/5/11,12/29/11,2-May-12,2-May-12,2-May-12,HRDT,HIV test,"Orgenics, Ltd","HIV 1/2, Determine Complete HIV Kit, 100 Tests","HIV 1/2, Determine Complete HIV Kit",Determine,,Test kit,100,1133,90640.0,80.0,0.8,"Alere Medical Co., Ltd.",Yes,539,10925.46,149.56,10925.46,539
84934,105-GY-T30,FPQ-14042,SO-48500,DN-3737,Guyana,PMO - US,From RDC,N/A - From RDC,Air,4/9/14,N/A - From RDC,30-Jun-14,3-Jun-14,18-Jul-14,ARV,Adult,SCMS from RDC,"Lopinavir/Ritonavir 200/50mg, tablets, 120 Tabs",Lopinavir/Ritonavir,Generic,200/50mg,Tablet,120,1031,20321.01,19.71,0.16,Mylan (formerly Matrix) Nashik,Yes,298,4353.04,20.89,4353.04,298
83038,114-UG-T30,FPQ-9875,SO-42050,DN-2675,Uganda,PMO - US,From RDC,N/A - From RDC,Air,5/9/12,N/A - From RDC,4-Jul-12,12-Jun-12,12-Jun-12,ARV,Adult,SCMS from RDC,"Efavirenz 600mg, tablets, 30 Tabs",Efavirenz,Generic,600mg,Tablet,30,20000,78200.0,3.91,0.13,"Strides, Bangalore, India.",Yes,2501,18520.22,109.64,18520.22,2501
26917,117-ET-T30,FPQ-6608,SCMS-92100,ASN-9295,Ethiopia,PMO - US,Direct Drop,EXW,Air,11/9/10,11/24/10,13-Jan-11,13-Jan-11,13-Jan-11,HRDT,HIV test,"SHANGHAI KEHUA BIOENGINEERING CO.,LTD.  (KHB)","HIV 1/2, SKB Colloidal Gold, Diagnostic Kit, Antibody, 50 Tests","HIV 1/2, Colloidal Gold, Diagnostic Kit, Antibody",Colloidal Gold,,Test kit,1,990,22770.0,23.0,23.0,"KHB Test Kit Facility, Shanghai China",Yes,718,6161.42,37.57,6161.42,718
85219,105-GY-T30,FPQ-8024,SO-40451,DN-2474,Guyana,PMO - US,From RDC,N/A - From RDC,Air,8/19/11,N/A - From RDC,31-Jan-12,18-Jan-12,18-Jan-12,ARV,Pediatric,SCMS from RDC,"Lamivudine 10mg/ml, oral solution w/syringe, Bottle, 240 ml",Lamivudine,Generic,10mg/ml,Oral solution,240,284,525.4,1.85,0.01,"Aurobindo Unit III, India",Yes,103,1783.38,0.87,1783.38,103
5894,108-VN-T01,Pre-PQ Process,SCMS-26170,ASN-2339,Vietnam,PMO - US,Direct Drop,EXW,Air,Pre-PQ Process,7/1/08,3-Sep-08,3-Sep-08,3-Sep-08,ARV,Adult,Aurobindo Pharma Limited,"Lamivudine 150mg, tablets, 60 Tabs",Lamivudine,Generic,150mg,Tablet,60,15960,38304.0,2.4,0.04,"Aurobindo Unit III, India",Yes,755,6609.02,61.29,6609.02,755
11270,114-UG-T01,Pre-PQ Process,SO-2344,DN-818,Uganda,PMO - US,From RDC,N/A - From RDC,Air,Pre-PQ Process,N/A - From RDC,21-Aug-08,21-Aug-08,21-Aug-08,ARV,Adult,SCMS from RDC,"Lamivudine/Zidovudine 150/300mg, tablets, 60 Tabs",Lamivudine/Zidovudine,Generic,150/300mg,Tablet - FDC,60,1350,12757.5,9.45,0.16,"Aurobindo Unit III, India",Yes,239,1277.22,20.41,1277.22,239
53327,102-ML-T30,FPQ-13391,SCMS-221930,ASN-24507,Mali,PMO - US,Direct Drop,EXW,Air,12/16/13,1/22/14,19-Mar-14,19-Mar-14,24-Mar-14,HRDT,HIV test,"Orgenics, Ltd","HIV 1/2, Determine Complete HIV Kit, 100 Tests","HIV 1/2, Determine Complete HIV Kit",Determine,,Test kit,100,431,34480.0,80.0,0.8,"Alere Medical Co., Ltd.",Yes,186,5346.38,35.45,5346.38,186
37152,114-UG-T30,FPQ-4320,SCMS-58160,ASN-5935,Uganda,PMO - US,Direct Drop,EXW,Air,11/16/09,11/25/09,2-Feb-10,2-Feb-10,2-Feb-10,ARV,Pediatric,EMCURE PHARMACEUTICALS LTD,"Atazanavir 150mg, capsules, 60 Caps",Atazanavir,Generic,150mg,Capsule,60,240,6261.6,26.09,0.43,"Emcure Plot No.P-2, I.T-B.T. Park, Phase II, MIDC, Hinjwadi, Pune, India",Yes,25,915.09,12.27,915.09,25
83175,111-MZ-T30,FPQ-12416,SO-45892,DN-3376,Mozambique,PMO - US,From RDC,N/A - From RDC,Truck,6/28/13,N/A - From RDC,29-Nov-13,28-Nov-13,12-Dec-13,ARV,Adult,SCMS from RDC,"Lamivudine/Nevirapine/Zidovudine 150/200/300mg, tablets, 60 Tabs",Lamivudine/Nevirapine/Zidovudine,Generic,150/300/200mg,Tablet - FDC,60,38976,334414.08,8.58,0.14,Hetero Unit III Hyderabad IN,Yes,7482,5846.08,413.67,5846.08,7482
5280,108-VN-T01,Pre-PQ Process,SCMS-476,ASN-387,Vietnam,PMO - US,Direct Drop,EXW,Air,Pre-PQ Process,11/14/06,14-Mar-07,16-May-07,16-May-07,ARV,Pediatric,Aurobindo Pharma Limited,"Didanosine 100mg, chewable/dispersible tablets, 60 Tabs",Didanosine,Generic,100mg,Chewable/dispersible tablet,60,1700,17850.0,10.5,0.18,"Aurobindo Unit III, India",Yes,356,14982.1,,14982.1,356
35067,133-NG-T30,FPQ-10765,SCMS-162440,ASN-17527,Nigeria,PMO - US,Direct Drop,EXW,Air,10/5/12,10/16/12,9-Jan-13,9-Jan-13,9-Jan-13,HRDT,HIV test,"Orgenics, Ltd","HIV 1/2, Determine Complete HIV Kit, 100 Tests","HIV 1/2, Determine Complete HIV Kit",Determine,,Test kit,100,2744,244216.0,89.0,0.89,"Alere Medical Co., Ltd.",Yes,1186,24927.19,342.39,24927.19,1186
64545,133-NG-T30,FPQ-7193,SCMS-103110,ASN-11267,Nigeria,PMO - US,Direct Drop,EXW,Air,2/16/11,3/30/11,7-Jul-11,12-Jul-11,12-Jul-11,HRDT,HIV test,"Orgenics, Ltd","HIV 1/2, Determine Complete HIV Kit, 100 Tests","HIV 1/2, Determine Complete HIV Kit",Determine,,Test kit,100,2128,189392.0,89.0,0.89,Inverness Japan,Yes,1022,23826.25,312.5,23826.25,1022
86595,104-CI-T30,FPQ-11254,SO-44130,DN-3279,Côte d'Ivoire,PMO - US,From RDC,N/A - From RDC,Truck,12/14/12,N/A - From RDC,28-Aug-13,28-Aug-13,28-Aug-13,ARV,Pediatric,SCMS from RDC,"Efavirenz 200mg, scored tablets, 90 Tabs",Efavirenz,Generic,200mg,Tablet,90,7800,56940.0,7.3,0.08,"Strides, Bangalore, India.",Yes,462,3033.26,70.43,3033.26,462
22079,161-ZA-T30,FPQ-6262,SCMS-83820,ASN-9484,South Africa,PMO - US,Direct Drop,DDP,Ocean,8/31/10,9/24/10,10-Mar-11,4-Mar-11,4-Mar-11,ARV,Adult,Aurobindo Pharma Limited,"Efavirenz 600mg, tablets, 30 Tabs",Efavirenz,Generic,600mg,Tablet,30,63967,289770.51,4.53,0.15,"Aurobindo Unit III, India",Yes,5491,15331.49,624.75,15331.49,5491
20172,111-MZ-T30,FPQ-10880,SCMS-164000,ASN-18532,Mozambique,PMO - US,Direct Drop,EXW,Air,10/18/12,11/6/12,20-Mar-13,21-Mar-13,21-Mar-13,HRDT,HIV test,"Orgenics, Ltd","HIV 1/2, Determine Complete HIV Kit, 100 Tests","HIV 1/2, Determine Complete HIV Kit",Determine,,Test kit,100,2939,235120.0,80.0,0.8,"Alere Medical Co., Ltd.",Yes,1330,13801.89,290.84,13801.89,1330
86402,900-GH-T30,FPQ-7866,SO-40000,DN-2320,Ghana,PMO - US,From RDC,N/A - From RDC,Air,6/13/11,N/A - From RDC,14-Nov-11,14-Nov-11,14-Nov-11,ARV,Adult,SCMS from RDC,"Nevirapine 200mg, tablets, 60 Tabs",Nevirapine,Generic,200mg,Tablet,60,45084,113160.84,2.51,0.04,Hetero Unit III Hyderabad IN,No,See DN-2320 (ID#:83523),See DN-2320 (ID#:83523),186.72,585,5199
1628,110-ZM-T01,Pre-PQ Process,SCMS-18030,ASN-1619,Zambia,PMO - US,Direct Drop,EXW,Air,Pre-PQ Process,2/25/08,14-May-08,14-May-08,14-May-08,HRDT,HIV test,"Trinity Biotech, Plc","HIV 1/2, Uni-Gold HIV Kit, 20 Tests","HIV 1/2, Uni-Gold HIV Kit",Uni-Gold,,Test kit,20,6040,193280.0,32.0,1.6,"Trinity Biotech, Plc",Yes,2052,24689,309.25,24689,2052
11683,104-CI-T01,Pre-PQ Process,SO-33230,DN-1427,Côte d'Ivoire,PMO - US,From RDC,N/A - From RDC,Air,Date Not Captured,N/A - From RDC,25-Sep-09,25-Sep-09,25-Sep-09,ARV,Adult,SCMS from RDC,"Lamivudine 150mg, tablets, 60 Tabs",Lamivudine,Generic,150mg,Tablet,60,4400,10736.0,2.44,0.04,"Aurobindo Unit III, India",Yes,640,5678.7,21.04,5678.7,640
52093,107-RW-T30,FPQ-4248,SCMS-43860,ASN-8371,Rwanda,PMO - US,Direct Drop,CIP,Air,2/27/09,4/15/10,10-Oct-10,10-Oct-10,10-Oct-10,ARV,Adult,MYLAN LABORATORIES LTD (FORMERLY MATRIX LABORATORIES),"Lamivudine/Zidovudine 150/300mg, tablets, 60 Tabs",Lamivudine/Zidovudine,Generic,150/300mg,Tablet - FDC,60,21080,189720.0,9.0,0.15,Mylan (formerly Matrix) Nashik,Yes,1716,17074.8,371.85,17074.8,1716
75980,102-KE-T30,FPQ-4587,SCMS-58380,ASN-5877,Kenya,PMO - US,Direct Drop,EXW,Air,11/18/09,12/2/09,16-Feb-10,16-Feb-10,16-Feb-10,HRDT,HIV test,"Orgenics, Ltd","HIV 1/2, Determine Complete HIV Kit, 100 Tests","HIV 1/2, Determine Complete HIV Kit",Determine,,Test kit,100,8500,680000.0,80.0,0.8,Inverness Japan,Yes,1462,14419.86,1466.08,14419.86,1462
63826,104-CI-T30,FPQ-12150,SCMS-191930,ASN-23812,Côte d'Ivoire,PMO - US,Direct Drop,FCA,Air,4/29/13,6/12/13,24-Jan-14,24-Jan-14,27-Jan-14,ARV,Pediatric,ABBVIE LOGISTICS (FORMERLY ABBOTT LOGISTICS BV),"Lopinavir/Ritonavir 80/20mg/ml [Kaletra], oral solution, cool, Bottle 5 x 60 ml",Lopinavir/Ritonavir,Kaletra,80/20mg/ml,Oral solution,300,340,10478.8,30.82,0.1,ABBVIE (Abbott) Logis. UK,Yes,336,3899.33,12.96,3899.33,336
3010,102-NG-T01,Pre-PQ Process,SCMS-16900,ASN-1411,Nigeria,PMO - US,Direct Drop,EXW,Air,Pre-PQ Process,1/29/08,12-Mar-08,12-Mar-08,12-Mar-08,HRDT,HIV test,"Orgenics, Ltd","HIV 1/2, Determine HIV Kit, without Lancets, 100 Tests","HIV 1/2, Determine HIV Kit, without Lancets",Determine,,Test kit,100,3199,255888.01,79.99,0.8,Inverness Japan,Yes,550,8213.59,409.42,8213.59,550
83176,102-BI-T30,FPQ-12602,SO-46030,DN-3382,Burundi,PMO - US,From RDC,N/A - From RDC,Air,7/9/13,N/A - From RDC,15-Nov-13,22-Nov-13,27-Nov-13,ARV,Adult,SCMS from RDC,"Lamivudine/Tenofovir Disoproxil Fumarate 300/300mg, tablets, 30 Tabs",Lamivudine/Tenofovir Disoproxil Fumarate,Generic,300/300mg,Tablet - FDC,30,1920,9024.0,4.7,0.16,Mylan (formerly Matrix) Nashik,Yes,160,1527.29,11.16,1527.29,160
82844,104-CI-T30,FPQ-4187,SO-33530,DN-1508,Côte d'Ivoire,PMO - US,From RDC,N/A - From RDC,Air,9/9/09,N/A - From RDC,26-Nov-09,5-Nov-09,5-Nov-09,ARV,Adult,SCMS from RDC,"Nevirapine 200mg, tablets, 60 Tabs",Nevirapine,Generic,200mg,Tablet,60,6050,17545.0,2.9,0.05,"Aurobindo Unit III, India",Yes,442,5028.04,34.39,5028.04,442
85966,151-NG-T30,FPQ-11022,SO-43841,DN-3151,Nigeria,PMO - US,From RDC,N/A - From RDC,Air,11/15/12,N/A - From RDC,21-May-13,23-May-13,23-May-13,ARV,Pediatric,SCMS from RDC,"Lamivudine/Nevirapine/Stavudine 60/100/12mg, dispersible tablets, 60 Tabs",Lamivudine/Nevirapine/Stavudine,Generic,60/100/12mg,Chewable/dispersible tablet - FDC,60,2027,8716.1,4.3,0.07,"Cipla, Goa, India",Yes,218,1941.82,10.78,1941.82,218
30065,133-NG-T30,FPQ-6606,SCMS-91790,ASN-8940,Nigeria,PMO - US,Direct Drop,EXW,Air,10/29/10,11/9/10,17-Dec-10,17-Dec-10,17-Dec-10,HRDT,HIV test,"Trinity Biotech, Plc","HIV 1/2, Uni-Gold HIV Kit, 20 Tests","HIV 1/2, Uni-Gold HIV Kit",Uni-Gold,,Test kit,20,3750,120000.0,32.0,1.6,"Trinity Biotech, Plc",Yes,1072,16036.98,198.0,16036.98,1072
66680,108-VN-T30,FPQ-6384,SCMS-87780,ASN-9408,Vietnam,PMO - US,Direct Drop,EXW,Air,9/30/10,10/18/10,16-Feb-11,16-Feb-11,16-Feb-11,ARV,Adult,HETERO LABS LIMITED,"Lamivudine/Nevirapine/Stavudine 150/200/30mg, tablets, 60 Tabs",Lamivudine/Nevirapine/Stavudine,Generic,150/200/30mg,Tablet - FDC,60,5200,24960.0,4.8,0.08,Hetero Unit III Hyderabad IN,No,See ASN-9408 (ID#:39263),See ASN-9408 (ID#:39263),53.81,18473.57,5359
46228,103-ZW-T30,FPQ-13969,SCMS-239220,ASN-27095,Zimbabwe,PMO - US,Direct Drop,EXW,Air,4/8/14,5/16/14,30-Jul-14,30-Jul-14,31-Jul-14,ARV,Pediatric,MYLAN LABORATORIES LTD (FORMERLY MATRIX LABORATORIES),"Lamivudine/Zidovudine 30/60mg, tablets, 60 Tabs",Lamivudine/Zidovudine,Generic,30/60mg,Tablet - FDC,60,48127,95772.73,1.99,0.03,Mylan (formerly Matrix) Nashik,Yes,2383,18232.17,98.45,18232.17,2383
82688,103-ZW-T30,FPQ-13990,SO-48471,DN-3890,Zimbabwe,PMO - US,From RDC,N/A - From RDC,Truck,4/1/14,N/A - From RDC,30-Aug-14,15-Sep-14,17-Oct-14,ARV,Pediatric,SCMS from RDC,"Abacavir/Lamivudine 60/30mg, tablets, 60 Tabs",Abacavir/Lamivudine,Generic,60/30mg,Tablet - FDC,60,23000,90850.0,3.95,0.07,Mylan (formerly Matrix) Nashik,Yes,952,1521.08,93.39,1521.08,952
12189,114-UG-T01,Pre-PQ Process,SO-2792,DN-793,Uganda,PMO - US,From RDC,N/A - From RDC,Air,Pre-PQ Process,N/A - From RDC,22-Jul-08,22-Jul-08,22-Jul-08,ARV,Pediatric,SCMS from RDC,"Zidovudine 10mg/ml, oral solution, Bottle, 240 ml",Zidovudine,Generic,10mg/ml,Oral solution,240,6036,12675.6,2.1,0.01,"Aurobindo Unit III, India",Yes,2253,15923.41,20.28,15923.41,2253
83782,111-MZ-T30,FPQ-13123,SO-47084,DN-3627,Mozambique,PMO - US,From RDC,N/A - From RDC,Truck,10/21/13,N/A - From RDC,3-Jun-14,3-Jun-14,11-Jun-14,ARV,Adult,SCMS from RDC,"Abacavir 300mg, tablets, 60 Tabs",Abacavir,Generic,300mg,Tablet,60,3386,38024.78,11.23,0.19,Mylan (formerly Matrix) Nashik,Yes,15942,4768.06,39.09,4768.06,15942
83316,103-ZW-T30,FPQ-13967,SO-48420,DN-4159,Zimbabwe,PMO - US,From RDC,N/A - From RDC,Truck,4/2/14,N/A - From RDC,31-Mar-15,17-Mar-15,19-Mar-15,ARV,Pediatric,SCMS from RDC,"Abacavir/Lamivudine 60/30mg, tablets, 60 Tabs",Abacavir/Lamivudine,Generic,60/30mg,Tablet - FDC,60,19996,78984.2,3.95,0.07,Mylan (formerly Matrix) Nashik,Yes,1119,1417.12,81.2,1417.12,1119
83400,110-ZM-T30,FPQ-4273,SO-33710,DN-1648,Zambia,PMO - US,From RDC,N/A - From RDC,Truck,9/17/09,N/A - From RDC,5-Mar-10,5-Mar-10,5-Mar-10,ARV,Pediatric,SCMS from RDC,"Didanosine 100mg, chewable/dispersible tablets, 60 Tabs",Didanosine,Generic,100mg,Chewable/dispersible tablet,60,10000,77200.0,7.72,0.13,"Aurobindo Unit III, India",Yes,2085,3379.64,151.31,3379.64,2085
38308,106-HT-T30,FPQ-16241,SCMS-289480,ASN-32512,Haiti,PMO - US,Direct Drop,EXW,Air,5/5/15,5/29/15,2-Jul-15,2-Jul-15,6-Jul-15,ARV,Pediatric,Aurobindo Pharma Limited,"Nevirapine 50mg, dispersible tablets (tablets for oral suspension), 30 Tabs",Nevirapine,Generic,50mg,Chewable/dispersible tablet,30,2303,2878.75,1.25,0.04,"Aurobindo Unit III, India",Yes,143,2251.42,3.39,2251.42,143
10726,110-ZM-T01,Pre-PQ Process,SO-2492,DN-966,Zambia,PMO - US,From RDC,N/A - From RDC,Truck,Pre-PQ Process,N/A - From RDC,7-Nov-08,7-Nov-08,7-Nov-08,ARV,Adult,SCMS from RDC,"Nevirapine 200mg, tablets, 60 Tabs",Nevirapine,Generic,200mg,Tablet,60,50000,170000.0,3.4,0.06,Hetero Unit III Hyderabad IN,Yes,2764,2938.92,333.2,2938.92,2764
15687,161-ZA-T30,FPQ-5303,SCMS-68980,ASN-7526,South Africa,PMO - US,Direct Drop,DDP,Air,3/18/10,3/19/10,24-Aug-10,24-Aug-10,24-Aug-10,ARV,Pediatric,Aurobindo Pharma Limited,"Lamivudine 10mg/ml, oral solution w/syringe, Bottle, 240 ml",Lamivudine,Generic,10mg/ml,Oral solution,240,8474,25422.0,3.0,0.01,"Aurobindo Unit III, India",Yes,3206,2154.51,54.81,2154.51,3206
11842,104-CI-T01,Pre-PQ Process,SO-1544,DN-547,Côte d'Ivoire,PMO - US,From RDC,N/A - From RDC,Air,Pre-PQ Process,N/A - From RDC,15-Jan-08,15-Jan-08,15-Jan-08,ARV,Pediatric,SCMS from RDC,"Nevirapine 10mg/ml, oral suspension, Bottle, 240 ml",Nevirapine,Generic,10mg/ml,Oral suspension,240,965,1852.8,1.92,0.01,"Aurobindo Unit III, India",Yes,344,1729,2.96,1729,344
83017,109-TZ-T30,FPQ-8297,SO-40614,DN-2588,Tanzania,PMO - US,From RDC,N/A - From RDC,Truck,8/22/11,N/A - From RDC,4-May-12,13-Mar-12,13-Mar-12,ARV,Adult,SCMS from RDC,"Lamivudine 150mg, tablets, 60 Tabs",Lamivudine,Generic,150mg,Tablet,60,96018,223721.94,2.33,0.04,Macleods Daman Plant INDIA,Yes,4271,3825.8,369.14,3825.8,4271
11914,510-KE-T01,Pre-PQ Process,SO-12690,DN-875,Kenya,PMO - US,From RDC,N/A - From RDC,Air,Pre-PQ Process,N/A - From RDC,26-Aug-08,26-Aug-08,26-Aug-08,HRDT,HIV test,SCMS from RDC,"HIV 1/2, Uni-Gold HIV Kit, 20 Tests","HIV 1/2, Uni-Gold HIV Kit",Uni-Gold,,Test kit,20,4926,157632.0,32.0,1.6,"Trinity Biotech, Plc",Yes,2695,11898.8,252.21,11898.8,2695
23866,108-VN-T30,FPQ-3934,SCMS-48730,ASN-4803,Vietnam,PMO - US,Direct Drop,FCA,Air,7/6/09,7/14/09,15-Sep-09,15-Sep-09,15-Sep-09,ARV,Adult,ABBVIE LOGISTICS (FORMERLY ABBOTT LOGISTICS BV),"Lopinavir/Ritonavir 200/50mg [Aluvia], tablets, 120 Tabs",Lopinavir/Ritonavir,Aluvia,200/50mg,Tablet,120,560,46032.0,82.2,0.68,ABBVIE Ludwigshafen Germany,Yes,83,436.86,90.22,436.86,83
20319,110-ZM-T30,FPQ-14236,SCMS-239740,ASN-26572,Zambia,PMO - US,Direct Drop,EXW,Air,5/2/14,5/20/14,12-Sep-14,12-Sep-14,17-Sep-14,HRDT,HIV test,"Orgenics, Ltd","HIV 1/2, Determine Complete HIV Kit, 100 Tests","HIV 1/2, Determine Complete HIV Kit",Determine,,Test kit,100,6000,480000.0,80.0,0.8,"Alere Medical Co., Ltd.",Yes,2439,30885.26,493.44,30885.26,2439
50261,113-ZW-T30,FPQ-13939,SCMS-240580,ASN-27033,Zimbabwe,PMO - US,Direct Drop,EXW,Air Charter,4/1/14,5/26/14,23-Jul-14,22-Jul-14,29-Jul-14,ARV,Adult,Aurobindo Pharma Limited,"Lamivudine/Tenofovir Disoproxil Fumarate 300/300mg, tablets, 30 Tabs",Lamivudine/Tenofovir Disoproxil Fumarate,Generic,300/300mg,Tablet - FDC,30,18000,83700.0,4.65,0.16,"Aurobindo Unit VII, IN",Yes,1764,13959.22,86.04,13959.22,1764
84737,104-CI-T30,FPQ-8790,SO-41202,DN-2752,Côte d'Ivoire,PMO - US,From RDC,N/A - From RDC,Air,11/11/11,N/A - From RDC,31-Jul-12,31-Jul-12,31-Jul-12,ARV,Adult,SCMS from RDC,"Lamivudine/Zidovudine 150/300mg, tablets, 60 Tabs",Lamivudine/Zidovudine,Generic,150/300mg,Tablet - FDC,60,336,2614.08,7.78,0.13,Mylan (formerly Matrix) Nashik,Yes,27,1845.31,3.66,1845.31,27
10811,100-CI-T01,Pre-PQ Process,SO-350,DN-28,Côte d'Ivoire,PMO - US,From RDC,N/A - From RDC,,Pre-PQ Process,N/A - From RDC,8-Mar-07,8-Mar-07,8-Mar-07,ARV,Adult,SCMS from RDC,"Ritonavir 100mg [Norvir], capsules, cool, 4 x 84 Caps",Ritonavir,Norvir,100mg,Capsule,336,360,13809.6,38.36,0.11,ABBVIE (Abbott) France,Yes,630,3660.4,,3660.4,630
25830,161-ZA-T30,FPQ-5303,SCMS-68980,ASN-8160,South Africa,PMO - US,Direct Drop,DDP,Air,3/18/10,3/19/10,24-Aug-10,8-Dec-10,8-Dec-10,ARV,Pediatric,Aurobindo Pharma Limited,"Lamivudine 10mg/ml, oral solution w/syringe, Bottle, 240 ml",Lamivudine,Generic,10mg/ml,Oral solution,240,11640,34920.0,3.0,0.01,"Aurobindo Unit III, India",Yes,4386,12917.3,75.29,12917.3,4386
21493,102-BI-T30,FPQ-12580,SCMS-199580,ASN-21349,Burundi,PMO - US,Direct Drop,EXW,Air,7/9/13,7/31/13,20-Sep-13,20-Sep-13,20-Sep-13,HRDT,HIV test,"CHEMBIO DIAGNOSTIC SYSTEMS, INC.","HIV 1/2, Stat-Pak Dipstick Assay Kit, 30 Tests","HIV 1/2, Stat-Pak Dipstick Assay Kit",Stat-Pak,,Test kit,30,1249,34472.4,27.6,0.92,Chembio Diagnostics Sys. Inc.,Yes,145,1682.15,42.64,1682.15,145
85670,151-NG-T30,FPQ-4537,SO-34914,DN-1778,Nigeria,PMO - US,From RDC,N/A - From RDC,Air Charter,11/6/09,N/A - From RDC,31-May-10,18-May-10,18-May-10,ARV,Adult,SCMS from RDC,"Efavirenz 600mg, tablets, 30 Tabs",Efavirenz,Generic,600mg,Tablet,30,7500,35625.0,4.75,0.16,"Aurobindo Unit III, India",Yes,662,9736.1,76.81,9736.1,662
84116,900-SZ-T30,FPQ-8417,SO-40701,DN-2391,Swaziland,PMO - US,From RDC,N/A - From RDC,Air,9/14/11,N/A - From RDC,17-Nov-11,18-Oct-11,18-Oct-11,ARV,Adult,SCMS from RDC,"Lamivudine/Nevirapine/Zidovudine 150/200/300mg, tablets, 60 Tabs",Lamivudine/Nevirapine/Zidovudine,Generic,150/300/200mg,Tablet - FDC,60,45000,504900.0,11.22,0.19,"Aurobindo Unit III, India",Yes,5961,20144.99,833.08,20144.99,5961
82370,114-UG-T30,FPQ-6427,SO-37560,DN-2121,Uganda,PMO - US,From RDC,N/A - From RDC,Truck,9/29/10,N/A - From RDC,28-Feb-11,22-Mar-11,22-Mar-11,ARV,Adult,SCMS from RDC,"Lamivudine/Nevirapine/Zidovudine 150/200/300mg, tablets, 60 Tabs",Lamivudine/Nevirapine/Zidovudine,Generic,150/300/200mg,Tablet - FDC,60,117367,1316857.74,11.22,0.19,"Aurobindo Unit III, India",Yes,17496,104604.06,2839.15,104604.06,17496
11530,106-HT-T01,Pre-PQ Process,SO-2598,DN-783,Haiti,PMO - US,From RDC,N/A - From RDC,Air,Pre-PQ Process,N/A - From RDC,13-Jun-08,13-Jun-08,13-Jun-08,ARV,Adult,SCMS from RDC,"Nevirapine 200mg, tablets, 60 Tabs",Nevirapine,Generic,200mg,Tablet,60,17843,60666.2,3.4,0.06,"Aurobindo Unit III, India",Yes,1667,19069.17,97.07,19069.17,1667
34772,161-ZA-T30,FPQ-7175,SCMS-103890,ASN-11307,South Africa,PMO - US,Direct Drop,DDP,Ocean,3/10/11,3/28/11,2-Sep-11,2-Sep-11,2-Sep-11,ARV,Adult,STRIDES ARCOLAB LIMITED,"Lamivudine 150mg, tablets, 60 Tabs",Lamivudine,Generic,150mg,Tablet,60,515000,1251450.0,2.43,0.04,"Strides, Bangalore, India.",Yes,23273,31656.61,2064.89,31656.61,23273
3354,117-ET-T01,Pre-PQ Process,SCMS-28690,ASN-2840,Ethiopia,PMO - US,Direct Drop,EXW,Air,Pre-PQ Process,8/22/08,17-Nov-08,17-Nov-08,17-Nov-08,HRDT,HIV test,"SHANGHAI KEHUA BIOENGINEERING CO.,LTD.  (KHB)","HIV 1/2, SKB Colloidal Gold, Diagnostic Kit, Antibody, 50 Tests","HIV 1/2, Colloidal Gold, Diagnostic Kit, Antibody",Colloidal Gold,,Test kit,1,6998,160954.0,23.0,23.0,"KHB Test Kit Facility, Shanghai China",Yes,4913,46117.09,315.47,46117.09,4913
19685,110-ZM-T30,FPQ-11561,SCMS-183050,ASN-19389,Zambia,PMO - US,Direct Drop,FCA,Air,2/13/13,3/28/13,22-May-13,22-May-13,22-May-13,ARV,Pediatric,ABBVIE LOGISTICS (FORMERLY ABBOTT LOGISTICS BV),"Lopinavir/Ritonavir 80/20mg/ml [Kaletra], oral solution, cool, Bottle 5 x 60 ml",Lopinavir/Ritonavir,Kaletra,80/20mg/ml,Oral solution,300,1500,46230.0,30.82,0.1,ABBVIE (Abbott) Logis. UK,Yes,1374,10365.13,57.19,10365.13,1374
15999,109-TZ-T30,FPQ-12540,SCMS-198780,ASN-20860,Tanzania,PMO - US,Direct Drop,EXW,Air,7/3/13,7/16/13,24-Sep-13,24-Sep-13,24-Sep-13,ARV,Adult,Aurobindo Pharma Limited,"Lamivudine/Nevirapine/Zidovudine 150/200/300mg, tablets, 60 Tabs",Lamivudine/Nevirapine/Zidovudine,Generic,150/300/200mg,Tablet - FDC,60,36426,296143.38,8.13,0.14,"Aurobindo Unit III, India",Yes,4609,17581.92,366.33,17581.92,4609
83700,114-UG-T30,FPQ-11133,SO-43910,DN-3237,Uganda,PMO - US,From RDC,N/A - From RDC,Truck,12/13/12,N/A - From RDC,31-Jul-13,26-Aug-13,26-Aug-13,ARV,Adult,SCMS from RDC,"Lamivudine/Nevirapine/Zidovudine 150/200/300mg, tablets, 60 Tabs",Lamivudine/Nevirapine/Zidovudine,Generic,150/300/200mg,Tablet - FDC,60,15117,124866.42,8.26,0.14,"Strides, Bangalore, India.",Yes,8057,10734.13,154.46,10734.13,8057
11352,113-ZW-T01,Pre-PQ Process,SO-21020,DN-1411,Zimbabwe,PMO - US,From RDC,N/A - From RDC,Truck,Date Not Captured,N/A - From RDC,22-Sep-09,22-Sep-09,22-Sep-09,ARV,Adult,SCMS from RDC,"Efavirenz 600mg, tablets, 30 Tabs",Efavirenz,Generic,600mg,Tablet,30,4000,42480.0,10.62,0.35,"Aurobindo Unit III, India",Yes,9020,14958.2,83.26,14958.2,9020
83574,151-NG-T30,FPQ-8952,SO-41267,DN-2579,Nigeria,PMO - US,From RDC,N/A - From RDC,Air Charter,12/8/11,N/A - From RDC,20-Jun-12,16-Feb-12,16-Feb-12,ARV,Adult,SCMS from RDC,"Efavirenz 600mg, tablets, 30 Tabs",Efavirenz,Generic,600mg,Tablet,30,91166,375603.92,4.12,0.14,"Strides, Bangalore, India.",Yes,6073,25231.96,526.6,25231.96,6073
85073,106-HT-T30,FPQ-4469,SO-34240,DN-1530,Haiti,PMO - US,From RDC,N/A - From RDC,Air,9/23/09,N/A - From RDC,30-Nov-09,30-Nov-09,30-Nov-09,ARV,Pediatric,SCMS from RDC,"Nevirapine 10mg/ml, oral suspension, Bottle, 240 ml",Nevirapine,Generic,10mg/ml,Oral suspension,240,4704,9031.68,1.92,0.01,"Aurobindo Unit III, India",No,See DN-1530 (ID#:83964),See DN-1530 (ID#:83964),19.47,11091.78,1857
10647,100-ZW-T01,Pre-PQ Process,SO-708,DN-479,Zimbabwe,PMO - US,From RDC,N/A - From RDC,Air,Pre-PQ Process,N/A - From RDC,5-Feb-08,5-Feb-08,5-Feb-08,ARV,Adult,SCMS from RDC,"Efavirenz 600mg, tablets, 30 Tabs",Efavirenz,Generic,600mg,Tablet,30,1860,23101.2,12.42,0.41,"Cipla, Goa, India",Yes,2425,13356.65,36.96,13356.65,2425
86461,114-UG-T30,FPQ-9321,SO-41521,DN-2596,Uganda,PMO - US,From RDC,N/A - From RDC,Truck,2/10/12,N/A - From RDC,24-Apr-12,3-Apr-12,3-Apr-12,ARV,Adult,SCMS from RDC,"Efavirenz 600mg, tablets, 30 Tabs",Efavirenz,Generic,600mg,Tablet,30,1150,4738.0,4.12,0.14,"Strides, Bangalore, India.",Yes,70,1494.6,6.64,1494.6,70
85005,151-NG-T30,FPQ-14156,SO-48892,DN-4052,Nigeria,PMO - US,From RDC,N/A - From RDC,Air Charter,4/25/14,N/A - From RDC,30-Jan-15,29-Dec-14,6-Jan-15,ARV,Adult,SCMS from RDC,"Lamivudine/Nevirapine/Zidovudine 150/200/300mg, tablets, 60 Tabs",Lamivudine/Nevirapine/Zidovudine,Generic,150/300/200mg,Tablet - FDC,60,320300,2472716.0,7.72,0.13,Mylan (formerly Matrix) Nashik,Yes,87076,194623.44,2541.95,194623.44,87076
84553,151-NG-T30,FPQ-4537,SO-36112,DN-1790,Nigeria,PMO - US,From RDC,N/A - From RDC,Air Charter,11/6/09,N/A - From RDC,31-May-10,18-May-10,18-May-10,ARV,Adult,SCMS from RDC,"Zidovudine 300mg, tablets, 60 Tabs",Zidovudine,Generic,300mg,Tablet,60,10076,75872.28,7.53,0.13,"Aurobindo Unit III, India",Yes,553,9736.1,163.58,9736.1,553
82489,114-UG-T30,FPQ-9875,SO-42083,DN-2743,Uganda,PMO - US,From RDC,N/A - From RDC,Air,5/9/12,N/A - From RDC,17-Aug-12,1-Aug-12,1-Aug-12,ARV,Adult,SCMS from RDC,"Lamivudine/Tenofovir Disoproxil Fumarate 300/300mg, tablets, 30 Tabs",Lamivudine/Tenofovir Disoproxil Fumarate,Generic,300/300mg,Tablet - FDC,30,60000,332400.0,5.54,0.18,Mylan (formerly Matrix) Nashik,Yes,4547,30482.8,466.02,30482.8,4547
34987,108-VN-T30,FPQ-12539,SCMS-199820,ASN-23648,Vietnam,PMO - US,Direct Drop,EXW,Air,7/11/13,8/2/13,13-Jun-14,22-Jan-14,22-Jan-14,ARV,Adult,MYLAN LABORATORIES LTD (FORMERLY MATRIX LABORATORIES),"Efavirenz/Lamivudine/Tenofovir Disoproxil Fumarate 600/300/300mg, tablets, 30 Tabs",Efavirenz/Lamivudine/Tenofovir Disoproxil Fumarate,Generic,600/300/300mg,Tablet - FDC,30,15500,172825.0,11.15,0.37,Mylan (formerly Matrix) Nashik,Yes,1745,3977.24,213.78,3977.24,1745
78671,161-ZA-T30,FPQ-6708,SCMS-93510,ASN-11510,South Africa,PMO - US,Direct Drop,DDP,Ocean,11/26/10,12/14/10,14-Oct-11,14-Oct-11,14-Oct-11,ARV,Pediatric,Aurobindo Pharma Limited,"Nevirapine 10mg/ml, oral suspension w/syringe, Bottle, 240 ml",Nevirapine,Generic,10mg/ml,Oral suspension,240,8500,18020.0,2.12,0.01,"Aurobindo Unit III, India",Yes,3061,3530.94,29.73,3530.94,3061
11142,100-HT-T01,Pre-PQ Process,SO-831,DN-278,Haiti,PMO - US,From RDC,N/A - From RDC,Air,Pre-PQ Process,N/A - From RDC,7-Aug-07,7-Aug-07,7-Aug-07,HRDT,HIV test,SCMS from RDC,"HIV 1/2, Capillus HIV Kit, 100 Tests","HIV 1/2, Capillus HIV Kit",Capillus,,Test kit,100,75,10425.0,139.0,1.39,"Trinity Biotech, Plc",Yes,50,791.84,16.68,791.84,50
11508,104-CI-T01,Pre-PQ Process,SO-1144,DN-538,Côte d'Ivoire,PMO - US,From RDC,N/A - From RDC,Air,Pre-PQ Process,N/A - From RDC,28-Dec-07,28-Dec-07,28-Dec-07,ARV,Pediatric,SCMS from RDC,"Nevirapine 10mg/ml, oral suspension, Bottle, 240 ml",Nevirapine,Generic,10mg/ml,Oral suspension,240,475,912.0,1.92,0.01,"Aurobindo Unit III, India",Yes,170,1301,1.46,1301,170
11119,104-CI-T01,Pre-PQ Process,SO-625,DN-166,Côte d'Ivoire,PMO - US,From RDC,N/A - From RDC,,Pre-PQ Process,N/A - From RDC,21-Jun-07,21-Jun-07,21-Jun-07,ARV,Adult,SCMS from RDC,"Indinavir 400mg [Crixivan], capsules, 180 Caps",Indinavir,Crixivan,400mg,Capsule,180,4402,220100.0,50.0,0.28,MSD Elkton USA,Yes,994,3501,,3501,994
71712,106-HT-T30,FPQ-15102,SCMS-260780,ASN-31453,Haiti,PMO - US,Direct Drop,EXW,Air,10/10/14,11/5/14,5-May-15,22-Apr-15,23-Apr-15,HRDT,HIV test,"Orgenics, Ltd","HIV 1/2, Determine Complete HIV Kit, 100 Tests","HIV 1/2, Determine Complete HIV Kit",Determine,,Test kit,100,5698,569800.0,100.0,1.0,"Alere Medical Co., Ltd.",Yes,2314,22194.09,670.65,22194.09,2314
21301,109-TZ-T30,FPQ-5437,SCMS-71420,ASN-7131,Tanzania,PMO - US,Direct Drop,EXW,Air,4/15/10,4/23/10,2-Aug-10,2-Aug-10,2-Aug-10,ARV,Pediatric,EMCURE PHARMACEUTICALS LTD,"Atazanavir 150mg, capsules, 60 Caps",Atazanavir,Generic,150mg,Capsule,60,1065,27785.85,26.09,0.43,"Emcure Plot No.P-2, I.T-B.T. Park, Phase II, MIDC, Hinjwadi, Pune, India",Yes,112,1122.07,59.91,1122.07,112
10732,111-MZ-T01,Pre-PQ Process,SO-15080,DN-1034,Mozambique,PMO - US,From RDC,N/A - From RDC,Air,Pre-PQ Process,N/A - From RDC,21-Feb-09,21-Feb-09,21-Feb-09,ARV,Adult,SCMS from RDC,"Lamivudine/Nevirapine/Zidovudine 150/200/300mg, tablets, 60 Tabs",Lamivudine/Nevirapine/Zidovudine,Generic,150/300/200mg,Tablet - FDC,60,13100,154580.0,11.8,0.2,"Aurobindo Unit III, India",Yes,6036,3671.92,302.98,3671.92,6036
11626,107-RW-T01,Pre-PQ Process,SO-17230,DN-961,Rwanda,PMO - US,From RDC,N/A - From RDC,Truck,Pre-PQ Process,N/A - From RDC,28-Oct-08,28-Oct-08,28-Oct-08,ARV,Adult,SCMS from RDC,"Nevirapine 200mg, tablets, 60 Tabs",Nevirapine,Generic,200mg,Tablet,60,288,921.6,3.2,0.05,"Aurobindo Unit III, India",Yes,28,896.26,1.81,896.26,28
65349,161-ZA-T30,FPQ-7175,SCMS-103680,ASN-12948,South Africa,PMO - US,Direct Drop,DDP,Ocean,3/10/11,3/23/11,1-Dec-11,1-Dec-11,1-Dec-11,ARV,Adult,EMCURE PHARMACEUTICALS LTD,"Efavirenz 600mg, tablets, 30 Tabs",Efavirenz,Generic,600mg,Tablet,30,96224,413763.2,4.3,0.14,"Emcure Plot No.P-2, I.T-B.T. Park, Phase II, MIDC, Hinjwadi, Pune, India",Yes,7556,9582.53,682.71,9582.53,7556
84147,114-UG-T30,FPQ-8520,SO-40910,DN-2546,Uganda,PMO - US,From RDC,N/A - From RDC,Truck,10/5/11,N/A - From RDC,9-Mar-12,15-Feb-12,15-Feb-12,ARV,Adult,SCMS from RDC,"Nevirapine 200mg, tablets, 60 Tabs",Nevirapine,Generic,200mg,Tablet,60,534,1377.72,2.58,0.04,"Strides, Bangalore, India.",Yes,30,2030,2.27,2030,30
85445,103-ZW-T30,FPQ-12086,SO-45140,DN-3571,Zimbabwe,PMO - US,From RDC,N/A - From RDC,Truck,4/19/13,N/A - From RDC,31-Mar-14,24-Mar-14,4-Apr-14,ARV,Pediatric,SCMS from RDC,"Lamivudine/Nevirapine/Zidovudine 30/50/60mg, dispersible tablets, 60 Tabs",Lamivudine/Nevirapine/Zidovudine,Generic,30/50/60mg,Chewable/dispersible tablet - FDC,60,290000,1087500.0,3.75,0.06,Mylan (formerly Matrix) Nashik,Yes,16192,18090.64,1345.24,18090.64,16192
38632,106-HT-T30,FPQ-14083,SCMS-240130,ASN-28761,Haiti,PMO - US,Direct Drop,EXW,Ocean,5/11/14,6/2/14,9-Jan-15,9-Jan-15,12-Jan-15,ARV,Adult,MICRO LABS LIMITED,"Lamivudine 150mg, tablets, 60 Tabs",Lamivudine,Generic,150mg,Tablet,60,960,1651.2,1.72,0.03,"Micro labs, Verna, Goa, India",Yes,8385,12336.45,1.7,12336.45,8385
61715,107-RW-T30,FPQ-8741,SCMS-129500,ASN-15287,Rwanda,PMO - US,Direct Drop,EXW,Air,11/30/11,3/14/12,29-Jun-12,29-Jun-12,29-Jun-12,ARV,Pediatric,CIPLA LIMITED,"Abacavir 20mg/ml, oral solution, Bottle, 240 ml",Abacavir,Generic,20mg/ml,Oral solution,240,4192,35632.0,8.5,0.04,"Cipla, Goa, India",Yes,1514,6072.8,49.96,6072.8,1514
41099,161-ZA-T30,FPQ-5303,SCMS-68740,ASN-8174,South Africa,PMO - US,Direct Drop,DDP,Air,3/18/10,3/19/10,1-Sep-10,11-Oct-10,11-Oct-10,ARV,Adult,CIPLA LIMITED,"Tenofovir Disoproxil Fumarate 300mg, tablets, 30 Tabs",Tenofovir Disoproxil Fumarate,Generic,300mg,Tablet,30,83238,650921.16,7.82,0.26,"Cipla, Goa, India",Yes,5663,5298.02,1403.39,5298.02,5663
81421,161-ZA-T30,FPQ-6262,SCMS-84210,ASN-9173,South Africa,PMO - US,Direct Drop,DDP,Ocean,8/31/10,9/21/10,9-Feb-11,9-Feb-11,9-Feb-11,ARV,Adult,CIPLA LIMITED,"Tenofovir Disoproxil Fumarate 300mg, tablets, 30 Tabs",Tenofovir Disoproxil Fumarate,Generic,300mg,Tablet,30,58423,410713.69,7.03,0.23,"Cipla, Goa, India",Yes,4007,6639.33,885.5,6639.33,4007
85022,110-ZM-T30,FPQ-15448,SO-50480,DN-4182,Zambia,PMO - US,From RDC,N/A - From RDC,Truck,11/25/14,N/A - From RDC,15-May-15,25-May-15,22-Jun-15,ARV,Adult,SCMS from RDC,"Efavirenz 600mg, tablets, 30 Tabs",Efavirenz,Generic,600mg,Tablet,30,108856,339630.72,3.12,0.1,"Strides, Bangalore, India.",Yes,6431,43219.06,399.75,43219.06,6431
82729,901-NA-T30,FPQ-14670,SO-49560,DN-3907,Namibia,PMO - US,From RDC,N/A - From RDC,Truck,7/30/14,N/A - From RDC,30-Sep-14,15-Sep-14,25-Sep-14,ARV,Adult,SCMS from RDC,"Lamivudine/Nevirapine/Zidovudine 150/200/300mg, tablets, 60 Tabs",Lamivudine/Nevirapine/Zidovudine,Generic,150/300/200mg,Tablet - FDC,60,40000,324400.0,8.11,0.14,"Cipla, Goa, India",Yes,9632,15571.48,333.48,15571.48,9632
12210,114-UG-T01,Pre-PQ Process,SO-2344,DN-818,Uganda,PMO - US,From RDC,N/A - From RDC,Air,Pre-PQ Process,N/A - From RDC,21-Aug-08,21-Aug-08,21-Aug-08,ARV,Adult,SCMS from RDC,"Efavirenz 600mg, tablets, 30 Tabs",Efavirenz,Generic,600mg,Tablet,30,1300,15613.0,12.01,0.4,"Aurobindo Unit III, India",No,See DN-818 (ID#:11270),See DN-818 (ID#:11270),24.98,1277.22,239
11637,114-UG-T01,Pre-PQ Process,SO-26161,DN-1226,Uganda,PMO - US,From RDC,N/A - From RDC,Air,Pre-PQ Process,N/A - From RDC,1-Jun-09,1-Jun-09,1-Jun-09,ARV,Adult,SCMS from RDC,"Lamivudine/Zidovudine 150/300mg, tablets, 60 Tabs",Lamivudine/Zidovudine,Generic,150/300mg,Tablet - FDC,60,685,6000.6,8.76,0.15,Mylan (formerly Matrix) Nashik,Yes,67,1122.87,11.76,1122.87,67
49378,110-ZM-T30,FPQ-4141,SCMS-53260,ASN-5857,Zambia,PMO - US,Direct Drop,EXW,Air,8/31/09,9/11/09,3-Feb-10,3-Feb-10,3-Feb-10,HRDT,HIV test,"Trinity Biotech, Plc","HIV 1/2, Uni-Gold HIV Kit, 20 Tests","HIV 1/2, Uni-Gold HIV Kit",Uni-Gold,,Test kit,20,5500,176000.0,32.0,1.6,"Trinity Biotech, Plc",Yes,1907,17975.84,344.96,17975.84,1907
74517,103-ZW-T30,FPQ-15220,SCMS-261591,ASN-31190,Zimbabwe,PMO - US,Direct Drop,FCA,Air,10/27/14,10/30/14,14-May-15,14-May-15,14-May-15,ARV,Pediatric,ABBVIE LOGISTICS (FORMERLY ABBOTT LOGISTICS BV),"Lopinavir/Ritonavir 80/20mg/ml [Kaletra], oral solution, cool, Bottle 5 x 60 ml",Lopinavir/Ritonavir,Kaletra,80/20mg/ml,Oral solution,300,2625,80902.5,30.82,0.1,ABBVIE (Abbott) Logis. UK,Yes,2583,20559.39,95.22,20559.39,2583
84027,151-NG-T30,FPQ-5023,SO-36436,DN-1955,Nigeria,PMO - US,From RDC,N/A - From RDC,Air Charter,2/10/10,N/A - From RDC,16-Aug-10,17-Aug-10,17-Aug-10,ARV,Adult,SCMS from RDC,"Lamivudine/Nevirapine/Zidovudine 150/200/300mg, tablets, 60 Tabs",Lamivudine/Nevirapine/Zidovudine,Generic,150/300/200mg,Tablet - FDC,60,28868,323898.96,11.22,0.19,"Aurobindo Unit III, India",Yes,3570,6147.18,698.33,6147.18,3570
83880,114-UG-T30,FPQ-15294,SO-50090,DN-4102,Uganda,PMO - US,From RDC,N/A - From RDC,Truck,11/3/14,N/A - From RDC,27-Feb-15,24-Feb-15,24-Feb-15,ARV,Adult,SCMS from RDC,"Efavirenz/Lamivudine/Tenofovir Disoproxil Fumarate 600/300/300mg, tablets, 30 Tabs",Efavirenz/Lamivudine/Tenofovir Disoproxil Fumarate,Generic,600/300/300mg,Tablet - FDC,30,2361,24200.25,10.25,0.34,"Aurobindo Unit VII, IN",Yes,1255,4438,28.48,4438,1255
65601,144-BW-T30,FPQ-4167,SCMS-54130,ASN-6032,Botswana,PMO - US,Direct Drop,EXW,Air,9/9/09,9/30/09,1-Mar-10,1-Mar-10,1-Mar-10,HRDT,HIV test - Ancillary,Orasure Technologies Inc.,"#109435**HIV, OraQuick Controls Kit, 3 Vials","HIV, OraQuick Controls Kit, 3 Vials",OraQuick,,Test kit - Ancillary,3,10,250.0,25.0,8.33,"Orasure Technologies, Inc USA",Yes,6,402.42,0.49,402.42,6
10797,114-UG-T01,Pre-PQ Process,SO-33570,DN-1464,Uganda,PMO - US,From RDC,N/A - From RDC,Air,Date Not Captured,N/A - From RDC,8-Oct-09,8-Oct-09,8-Oct-09,ARV,Adult,SCMS from RDC,"Lamivudine/Nevirapine/Stavudine 150/200/30mg, tablets, 60 Tabs",Lamivudine/Nevirapine/Stavudine,Generic,150/200/30mg,Tablet - FDC,60,240,1680.0,7.0,0.12,"Cipla, Goa, India",Yes,23,1173.1,3.29,1173.1,23
84164,111-MZ-T30,FPQ-8157,SO-40380,DN-2635,Mozambique,PMO - US,From RDC,N/A - From RDC,Truck,8/4/11,N/A - From RDC,28-Jun-12,28-Jun-12,28-Jun-12,ARV,Pediatric,SCMS from RDC,"Nevirapine 10mg/ml, oral suspension w/syringe, Bottle, 240 ml",Nevirapine,Generic,10mg/ml,Oral suspension,240,26807,52273.65,1.95,0.01,"Aurobindo Unit III, India",Yes,9937,14700,86.25,14700,9937
2502,102-KE-T01,Pre-PQ Process,SCMS-42970,ASN-4098,Kenya,PMO - US,Direct Drop,EXW,Air,Pre-PQ Process,4/4/09,18-Jun-09,18-Jun-09,18-Jun-09,HRDT,HIV test,"Trinity Biotech, Plc","HIV 1/2, Uni-Gold HIV Kit, 20 Tests","HIV 1/2, Uni-Gold HIV Kit",Uni-Gold,,Test kit,20,5,160.0,32.0,1.6,"Trinity Biotech, Plc",Yes,2,12561.4,0.31,12561.4,2
84825,104-CI-T30,FPQ-10633,SO-43310,DN-3200,Côte d'Ivoire,PMO - US,From RDC,N/A - From RDC,Truck,9/11/12,N/A - From RDC,6-Jul-13,19-Jul-13,19-Jul-13,ARV,Adult,SCMS from RDC,"Efavirenz/Lamivudine/Tenofovir Disoproxil Fumarate 600/300/300mg, tablets, 30 Tabs",Efavirenz/Lamivudine/Tenofovir Disoproxil Fumarate,Generic,600/300/300mg,Tablet - FDC,30,46600,490232.0,10.52,0.35,Hetero Unit III Hyderabad IN,Yes,6107,23753.64,687.31,23753.64,6107
85876,114-UG-T30,FPQ-9355,SO-41591,DN-2740,Uganda,PMO - US,From RDC,N/A - From RDC,Truck,2/20/12,N/A - From RDC,5-Sep-12,30-Jul-12,30-Jul-12,ARV,Adult,SCMS from RDC,"Lamivudine/Nevirapine/Zidovudine 150/200/300mg, tablets, 60 Tabs",Lamivudine/Nevirapine/Zidovudine,Generic,150/300/200mg,Tablet - FDC,60,4879,47862.99,9.81,0.16,Mylan (formerly Matrix) Nashik,Yes,637,5081.05,67.1,5081.05,637
85360,151-NG-T30,FPQ-10477,SO-43040,DN-3138,Nigeria,PMO - US,From RDC,N/A - From RDC,Air Charter,8/9/12,N/A - From RDC,6-May-13,3-May-13,3-May-13,ARV,Adult,SCMS from RDC,"Efavirenz/Emtricitabine/Tenofovir Disoproxil Fumarate 600/200/300mg, tablets, 30 Tabs",Efavirenz/Emtricitabine/Tenofovir Disoproxil Fumarate,Generic,600/200/300mg,Tablet - FDC,30,59615,772610.4,12.96,0.43,"Cipla, Goa, India",Yes,7722,14547.55,1083.2,14547.55,7722
11390,104-CI-T01,Pre-PQ Process,SO-594,DN-198,Côte d'Ivoire,PMO - US,From RDC,N/A - From RDC,,Pre-PQ Process,N/A - From RDC,25-Jun-07,25-Jun-07,25-Jun-07,ARV,Adult,SCMS from RDC,"Abacavir 300mg, tablets, 60 Tabs",Abacavir,Generic,300mg,Tablet,60,957,34260.6,35.8,0.6,"Aurobindo Unit III, India",Yes,95,1448,54.82,1448,95
82511,900-SS-T30,FPQ-10517,SO-43070,DN-2858,South Sudan,PMO - US,From RDC,N/A - From RDC,Air,8/17/12,N/A - From RDC,15-Nov-12,23-Oct-12,23-Oct-12,ARV,Adult,SCMS from RDC,"Lamivudine 150mg, tablets, 60 Tabs",Lamivudine,Generic,150mg,Tablet,60,270,599.4,2.22,0.04,Hetero Unit III Hyderabad IN,Yes,513,4934.43,0.84,4934.43,513
33807,106-HT-T30,FPQ-11287,SCMS-176360,ASN-21068,Haiti,PMO - US,Direct Drop,FCA,Air,1/16/13,2/5/13,11-Sep-13,11-Sep-13,11-Sep-13,ARV,Pediatric,ABBVIE LOGISTICS (FORMERLY ABBOTT LOGISTICS BV),"Lopinavir/Ritonavir 100/25mg [Aluvia], tablets, 60 Tabs",Lopinavir/Ritonavir,Generic,100/25mg,Tablet,60,612,3635.28,5.94,0.1,ABBVIE Ludwigshafen Germany,Yes,76,1259.05,4.5,1259.05,76
12633,110-ZM-T01,Pre-PQ Process,SO-478,DN-99,Zambia,PMO - US,From RDC,N/A - From RDC,,Pre-PQ Process,N/A - From RDC,26-Apr-07,26-Apr-07,26-Apr-07,ARV,Pediatric,SCMS from RDC,"Efavirenz 50mg [Stocrin/Sustiva], capsule, 30 Caps",Efavirenz,Stocrin/Sustiva,50mg,Capsule,30,1030,3574.1,3.47,0.12,"MSD Manati, Puerto Rico, (USA)",Yes,48,574.56,,574.56,48
11233,106-HT-T01,Pre-PQ Process,SO-2058,DN-692,Haiti,PMO - US,From RDC,N/A - From RDC,Air,Pre-PQ Process,N/A - From RDC,3-Apr-08,3-Apr-08,3-Apr-08,ARV,Adult,SCMS from RDC,"Lamivudine/Zidovudine 150/300mg, tablets, 60 Tabs",Lamivudine/Zidovudine,Generic,150/300mg,Tablet - FDC,60,7558,71423.1,9.45,0.16,"Aurobindo Unit III, India",Yes,2166,20578.2,114.28,20578.2,2166
60160,106-HT-T30,FPQ-3948,SCMS-51130,ASN-4983,Haiti,PMO - US,Direct Drop,FCA,Air,7/29/09,8/19/09,6-Oct-09,6-Oct-09,6-Oct-09,ARV,Pediatric,ABBVIE LOGISTICS (FORMERLY ABBOTT LOGISTICS BV),"Lopinavir/Ritonavir 100/25mg [Aluvia], tablets, 60 Tabs",Lopinavir/Ritonavir,Generic,100/25mg,Tablet,60,90,925.2,10.28,0.17,ABBVIE Ludwigshafen Germany,Yes,17,693.54,1.81,693.54,17
84178,114-UG-T30,FPQ-9355,SO-41592,DN-2722,Uganda,PMO - US,From RDC,N/A - From RDC,Truck,2/20/12,N/A - From RDC,5-Sep-12,29-Jun-12,29-Jun-12,ARV,Adult,SCMS from RDC,"Nevirapine 200mg, tablets, 60 Tabs",Nevirapine,Generic,200mg,Tablet,60,3262,8187.62,2.51,0.04,"Strides, Bangalore, India.",Yes,190,1095.22,11.48,1095.22,190
19405,109-TZ-T30,FPQ-12197,SCMS-189360,ASN-21234,Tanzania,PMO - US,Direct Drop,EXW,Air,4/30/13,5/29/13,17-Sep-13,16-Sep-13,16-Sep-13,HRDT,HIV test,"Standard Diagnostics, Inc.","HIV 1/2, Determine Complete HIV Kit, 100 Tests","HIV 1/2, Determine Complete HIV Kit",Determine,,Test kit,100,3039,0.0,0.0,0.0,"Alere Medical Co., Ltd.",Yes,1257,21351.18,0.0,21351.18,1257
65291,117-ET-T30,FPQ-9098,SCMS-133530,ASN-15834,Ethiopia,PMO - US,Direct Drop,EXW,Air,1/10/12,1/23/12,28-Aug-12,28-Aug-12,28-Aug-12,HRDT,HIV test,"Trinity Biotech, Plc","HIV 1/2, Uni-Gold HIV Kit, 20 Tests","HIV 1/2, Uni-Gold HIV Kit",Uni-Gold,,Test kit,20,167,5344.0,32.0,1.6,"Trinity Biotech, Plc",Yes,60,911.32,7.49,911.32,60
86482,113-ZW-T30,FPQ-8464,SO-40883,DN-2693,Zimbabwe,PMO - US,From RDC,N/A - From RDC,Truck,10/4/11,N/A - From RDC,14-Aug-12,27-Jun-12,27-Jun-12,ARV,Adult,SCMS from RDC,"Nevirapine 200mg, tablets, 60 Tabs",Nevirapine,Generic,200mg,Tablet,60,20000,48800.0,2.44,0.04,"Aurobindo Unit III, India",No,See DN-2693 (ID#:82481),See DN-2693 (ID#:82481),80.52,5530.11,7095
82570,114-UG-T30,FPQ-11133,SO-43890,DN-3122,Uganda,PMO - US,From RDC,N/A - From RDC,Truck,12/13/12,N/A - From RDC,7-Jun-13,7-Jun-13,7-Jun-13,ARV,Adult,SCMS from RDC,"Zidovudine 300mg, tablets, 60 Tabs",Zidovudine,Generic,300mg,Tablet,60,1530,10006.2,6.54,0.11,"Aurobindo Unit III, India",Yes,11337,23809.39,12.38,23809.39,11337
86067,114-UG-T30,FPQ-13108,SO-46872,DN-3607,Uganda,PMO - US,From RDC,N/A - From RDC,Truck,10/16/13,N/A - From RDC,21-Mar-14,18-Apr-14,28-Apr-14,ARV,Adult,SCMS from RDC,"Lamivudine/Nevirapine/Zidovudine 150/200/300mg, tablets, 60 Tabs",Lamivudine/Nevirapine/Zidovudine,Generic,150/300/200mg,Tablet - FDC,60,34138,281979.88,8.26,0.14,"Aurobindo Unit III, India",Yes,4009,4947.38,289.88,4947.38,4009
2766,108-VN-T01,Pre-PQ Process,SCMS-749,ASN-744,Vietnam,PMO - US,Direct Drop,EXW,Air,Pre-PQ Process,7/3/07,2-Oct-07,2-Oct-07,2-Oct-07,ARV,Pediatric,Aurobindo Pharma Limited,"Lamivudine 10mg/ml, oral solution, Bottle, 240 ml",Lamivudine,Generic,10mg/ml,Oral solution,240,500,950.0,1.9,0.01,"Aurobindo Unit III, India",No,See ASN-744 (ID#:1356),See ASN-744 (ID#:1356),1.52,13762.41,960
5645,102-BW-T01,Pre-PQ Process,SCMS-18730,ASN-1608,Botswana,PMO - US,Direct Drop,EXW,Air,Pre-PQ Process,3/11/08,23-Jun-08,4-Jun-08,4-Jun-08,HRDT,HIV test,"Orgenics, Ltd","HIV 1/2, Determine HIV Kit, without Lancets, 100 Tests","HIV 1/2, Determine HIV Kit, without Lancets",Determine,,Test kit,100,200,14398.0,71.99,0.72,Inverness Japan,Yes,46,1028.18,23.04,1028.18,46
43344,101-CD-T30,FPQ-12093,SCMS-189070,ASN-20218,"Congo, DRC",PMO - US,Direct Drop,EXW,Air,4/23/13,5/17/13,28-Nov-13,28-Nov-13,3-Dec-13,ARV,Pediatric,Aurobindo Pharma Limited,"Nevirapine 50mg, dispersible tablets (tablets for oral suspension), 30 Tabs",Nevirapine,Generic,50mg,Chewable/dispersible tablet,30,1014,1267.5,1.25,0.04,"Aurobindo Unit III, India",No,See ASN-20218 (ID#:20450),See ASN-20218 (ID#:20450),1.57,2782.94,81
84185,110-ZM-T30,FPQ-9472,SO-41711,DN-2805,Zambia,PMO - US,From RDC,N/A - From RDC,Truck,3/8/12,N/A - From RDC,31-Aug-12,7-Sep-12,7-Sep-12,ARV,Adult,SCMS from RDC,"Efavirenz 600mg, tablets, 30 Tabs",Efavirenz,Generic,600mg,Tablet,30,155202,591319.62,3.81,0.13,"Emcure Plot No.P-2, I.T-B.T. Park, Phase II, MIDC, Hinjwadi, Pune, India",Yes,11334,7317.48,829.03,7317.48,11334
84512,114-UG-T30,FPQ-4454,SO-34280,DN-1540,Uganda,PMO - US,From RDC,N/A - From RDC,Air,9/25/09,N/A - From RDC,7-Dec-09,2-Dec-09,2-Dec-09,ARV,Adult,SCMS from RDC,"Nevirapine 200mg, tablets, 60 Tabs",Nevirapine,Generic,200mg,Tablet,60,1300,3770.0,2.9,0.05,"Aurobindo Unit III, India",Yes,125,2697.65,7.39,2697.65,125
10623,112-NG-T01,Pre-PQ Process,SO-565,DN-373,Nigeria,PMO - US,From RDC,N/A - From RDC,Air,Pre-PQ Process,N/A - From RDC,20-Sep-07,20-Sep-07,20-Sep-07,ARV,Adult,SCMS from RDC,"Lamivudine/Zidovudine+Nevirapine 150/300+200mg, tablets, co-blister, 60+60 Tabs",Lamivudine/Zidovudine+Nevirapine,Generic,150/300+200mg,Tablet - FDC + co-blister,120,9980,204590.0,20.5,0.17,"Aspen-OSD, Port Elizabeth, SA",Yes,2846,13873,327.34,13873,2846
2687,108-VN-T01,Pre-PQ Process,SCMS-169,ASN-272,Vietnam,PMO - US,Direct Drop,EXW,Air,Pre-PQ Process,11/15/06,14-Mar-07,14-Mar-07,14-Mar-07,ARV,Pediatric,CIPLA LIMITED,"Lamivudine 10mg/ml, oral solution, Bottle, 240 ml",Lamivudine,Generic,10mg/ml,Oral solution,240,1000,2440.0,2.44,0.01,"Cipla, Goa, India",No,See ASN-272 (ID#:1282),See ASN-272 (ID#:1282),,18772.94,2575
39769,102-SD-T30,FPQ-8264,SCMS-121852,ASN-13538,Sudan,PMO - US,Direct Drop,EXW,Air,9/7/11,9/14/11,20-Feb-12,20-Feb-12,20-Feb-12,HRDT,HIV test - Ancillary,"Orgenics, Ltd","Capillary Tubes, for Determine, EDTA, 50uL,100 Pcs","HIV, Capillary Tubes, for Determine, EDTA, 50uL,100 Pcs",Determine,,Test kit - Ancillary,100,2,16.0,8.0,0.08,"Alere Medical Co., Ltd.",Yes,2,980.7,0.03,980.7,2
47853,109-TZ-T30,FPQ-4157,SCMS-52775,ASN-5402,Tanzania,PMO - US,Direct Drop,EXW,Air,8/27/09,9/3/09,18-Jan-10,18-Jan-10,18-Jan-10,HRDT,HIV test,"Orgenics, Ltd","HIV 1/2, Determine HIV Kit, without Lancets, 100 Tests","HIV 1/2, Determine HIV Kit, without Lancets",Determine,,Test kit,100,2024,141680.0,70.0,0.7,Inverness Japan,Yes,461,6923.2,277.69,6923.2,461
14348,133-NG-T30,FPQ-7553,SCMS-108720,ASN-11270,Nigeria,PMO - US,Direct Drop,EXW,Air,4/28/11,5/23/11,27-Jul-11,27-Jul-11,27-Jul-11,HRDT,HIV test,"Orgenics, Ltd","HIV 1/2, Determine Complete HIV Kit, 100 Tests","HIV 1/2, Determine Complete HIV Kit",Determine,,Test kit,100,2044,181916.0,89.0,0.89,Inverness Japan,Yes,976,26014.88,300.16,26014.88,976
5857,107-RW-T01,Pre-PQ Process,SCMS-25140,ASN-2116,Rwanda,PMO - US,Direct Drop,EXW,Air,Pre-PQ Process,6/12/08,22-Jul-08,22-Jul-08,22-Jul-08,HRDT,HIV test,"Orgenics, Ltd","HIV 1/2, Determine HIV Kit, without Lancets, 100 Tests","HIV 1/2, Determine HIV Kit, without Lancets",Determine,,Test kit,100,4327,302890.0,70.0,0.7,Inverness Japan,Yes,986,26574.61,484.62,26574.61,986
85770,100-BJ-T30,FPQ-7658,SO-39780,DN-2251,Benin,PMO - US,From RDC,N/A - From RDC,Air,5/15/11,N/A - From RDC,4-Jul-11,30-Jun-11,30-Jun-11,ARV,Adult,SCMS from RDC,"Lamivudine/Zidovudine 150/300mg, tablets, 60 Tabs",Lamivudine/Zidovudine,Generic,150/300mg,Tablet - FDC,60,15000,123900.0,8.26,0.14,"Aurobindo Unit III, India",Yes,1440,6477.67,204.44,6477.67,1440
83565,101-CD-T30,FPQ-8840,SO-41148,DN-2512,"Congo, DRC",PMO - US,From RDC,N/A - From RDC,Air,11/21/11,N/A - From RDC,16-Mar-12,14-Mar-12,14-Mar-12,ARV,Pediatric,SCMS from RDC,"Nevirapine 10mg/ml, oral suspension w/syringe, Bottle, 240 ml",Nevirapine,Generic,10mg/ml,Oral suspension,240,2463,4802.85,1.95,0.01,"Aurobindo Unit III, India",No,See DN-2512 (ID#:82443),See DN-2512 (ID#:82443),6.73,5636.3,1072
72158,109-TZ-T30,FPQ-5174,SCMS-66910,ASN-6720,Tanzania,PMO - US,Direct Drop,FCA,Air,3/1/10,3/12/10,11-Jun-10,11-Jun-10,11-Jun-10,ARV,Adult,ABBVIE LOGISTICS (FORMERLY ABBOTT LOGISTICS BV),"Lopinavir/Ritonavir 200/50mg [Aluvia], tablets, 120 Tabs",Lopinavir/Ritonavir,Aluvia,200/50mg,Tablet,120,7145,258363.2,36.16,0.3,ABBVIE Ludwigshafen Germany,Yes,1604,9915.56,557.03,9915.56,1604
68361,108-VN-T30,FPQ-10286,SCMS-156270,ASN-17262,Vietnam,PMO - US,Direct Drop,EXW,Air,7/25/12,8/14/12,19-Dec-12,19-Dec-12,19-Dec-12,ARV,Pediatric,MYLAN LABORATORIES LTD (FORMERLY MATRIX LABORATORIES),"Lamivudine/Nevirapine/Zidovudine 30/50/60mg, dispersible tablets, 60 Tabs",Lamivudine/Nevirapine/Zidovudine,Generic,30/50/60mg,Chewable/dispersible tablet - FDC,60,10508,43608.2,4.15,0.07,Mylan (formerly Matrix) Nashik,Yes,678,2148.1,61.14,2148.1,678
12926,117-ET-T01,Pre-PQ Process,SO-34350,DN-1502,Ethiopia,PMO - US,From RDC,N/A - From RDC,Air,Date Not Captured,N/A - From RDC,27-Oct-09,27-Oct-09,27-Oct-09,ARV,Adult,SCMS from RDC,"Nevirapine 200mg, tablets, 60 Tabs",Nevirapine,Generic,200mg,Tablet,60,12873,37331.7,2.9,0.05,"Aurobindo Unit III, India",Yes,1258,6027.68,80.49,6027.68,1258
10673,110-ZM-T01,Pre-PQ Process,SO-2730,DN-821,Zambia,PMO - US,From RDC,N/A - From RDC,Truck,Pre-PQ Process,N/A - From RDC,29-Jul-08,29-Jul-08,29-Jul-08,ARV,Adult,SCMS from RDC,"Lamivudine/Nevirapine/Stavudine 150/200/30mg, tablets, 60 Tabs",Lamivudine/Nevirapine/Stavudine,Generic,150/200/30mg,Tablet - FDC,60,50000,360000.0,7.2,0.12,"Strides, Bangalore, India.",Yes,3679,5014.65,576.0,5014.65,3679
85878,104-CI-T30,FPQ-8790,SO-41180,DN-2751,Côte d'Ivoire,PMO - US,From RDC,N/A - From RDC,Air,11/11/11,N/A - From RDC,31-Jul-12,31-Jul-12,31-Jul-12,ARV,Adult,SCMS from RDC,"Lamivudine/Zidovudine 150/300mg, tablets, 60 Tabs",Lamivudine/Zidovudine,Generic,150/300mg,Tablet - FDC,60,45000,347400.0,7.72,0.13,"Aurobindo Unit III, India",Yes,4050,11592.26,487.05,11592.26,4050
11622,151-NG-T01,Pre-PQ Process,SO-21781,DN-1130,Nigeria,PMO - US,From RDC,N/A - From RDC,Air,Pre-PQ Process,N/A - From RDC,24-Mar-09,24-Mar-09,24-Mar-09,ARV,Adult,SCMS from RDC,"Emtricitabine/Tenofovir Disoproxil Fumarate 200/300mg [Truvada], tablets, 30 Tabs",Emtricitabine/Tenofovir Disoproxil Fumarate,Truvada,300/200mg,Tablet - FDC,30,143,3753.75,26.25,0.88,"Aspen-OSD, Port Elizabeth, SA",Yes,14,6443.61,7.36,6443.61,14
83423,114-UG-T30,FPQ-4495,SO-34940,DN-1801,Uganda,PMO - US,From RDC,N/A - From RDC,Air,10/28/09,N/A - From RDC,3-May-10,3-May-10,3-May-10,ARV,Adult,SCMS from RDC,"Efavirenz 600mg, tablets, 30 Tabs",Efavirenz,Generic,600mg,Tablet,30,2579,12250.25,4.75,0.16,"Aurobindo Unit III, India",Yes,358,2485.92,26.41,2485.92,358
83973,117-ET-T30,FPQ-4828,SO-35470,DN-1616,Ethiopia,PMO - US,From RDC,N/A - From RDC,Air,12/28/09,N/A - From RDC,28-Feb-10,15-Jan-10,15-Jan-10,ARV,Adult,SCMS from RDC,"Lamivudine/Zidovudine 150/300mg, tablets, 60 Tabs",Lamivudine/Zidovudine,Generic,150/300mg,Tablet - FDC,60,16019,140326.44,8.76,0.15,"Aurobindo Unit III, India",Yes,1454,5187.5,302.54,5187.5,1454
54965,102-KE-T30,FPQ-6114,SCMS-80820,ASN-8590,Kenya,PMO - US,Direct Drop,EXW,Air,7/23/10,8/27/10,12-Nov-10,12-Nov-10,12-Nov-10,HRDT,HIV test,"Orgenics, Ltd","HIV 1/2, Determine Complete HIV Kit, 100 Tests","HIV 1/2, Determine Complete HIV Kit",Determine,,Test kit,100,1,89.0,89.0,0.89,Inverness Japan,Yes,1233,13753.58,0.19,13753.58,1233
12920,111-MZ-T01,Pre-PQ Process,SO-26425,DN-1455,Mozambique,PMO - US,From RDC,N/A - From RDC,Truck,Date Not Captured,N/A - From RDC,17-Sep-09,17-Sep-09,17-Sep-09,ARV,Adult,SCMS from RDC,"Lamivudine/Nevirapine/Stavudine 150/200/30mg, tablets, 60 Tabs",Lamivudine/Nevirapine/Stavudine,Generic,150/200/30mg,Tablet - FDC,60,1604,11420.48,7.12,0.12,"Strides, Bangalore, India.",Yes,120,1799.88,22.38,1799.88,120
48516,106-HT-T30,FPQ-15038,SCMS-262950,ASN-30813,Haiti,PMO - US,Direct Drop,EXW,Air,10/22/14,12/24/14,30-Mar-15,30-Mar-15,31-Mar-15,ARV,Pediatric,Aurobindo Pharma Limited,"Zidovudine 100mg, capsules, 100 Caps",Zidovudine,Generic,100mg,Capsule,100,120,540.0,4.5,0.04,"Aurobindo Unit III, India",Yes,9,820.56,0.56,820.56,9
11242,110-ZM-T01,Pre-PQ Process,SO-1891,DN-676,Zambia,PMO - US,From RDC,N/A - From RDC,,Pre-PQ Process,N/A - From RDC,1-Apr-08,1-Apr-08,1-Apr-08,ARV,Adult,SCMS from RDC,"Nevirapine 200mg, tablets, 60 Tabs",Nevirapine,Generic,200mg,Tablet,60,32358,110017.2,3.4,0.06,"Ranbaxy, Paonta Shahib, India",Yes,3146,13332,176.03,13332,3146
34614,111-MZ-T30,FPQ-5613,SCMS-81040,ASN-8356,Mozambique,PMO - US,Direct Drop,EXW,Air,6/20/10,8/10/10,4-Nov-10,4-Nov-10,4-Nov-10,HRDT,HIV test,"Orgenics, Ltd","HIV 1/2, Determine Complete HIV Kit, 100 Tests","HIV 1/2, Determine Complete HIV Kit",Determine,,Test kit,100,212,16960.0,80.0,0.8,Inverness Japan,Yes,97,1910.93,36.57,1910.93,97
14941,109-TZ-T30,FPQ-6203,SCMS-82750,ASN-8080,Tanzania,PMO - US,Direct Drop,EXW,Air,8/18/10,8/25/10,22-Oct-10,22-Oct-10,22-Oct-10,ARV,Adult,MYLAN LABORATORIES LTD (FORMERLY MATRIX LABORATORIES),"Efavirenz/Emtricitabine/Tenofovir Disoproxil Fumarate 600/200/300mg, tablets, 30 Tabs",Efavirenz/Emtricitabine/Tenofovir Disoproxil Fumarate,Generic,600/200/300mg,Tablet - FDC,30,9000,179100.0,19.9,0.66,Mylan (formerly Matrix) Nashik,Yes,1081,5834.1,386.14,5834.1,1081
70912,107-RW-T30,FPQ-13874,SCMS-232310,ASN-25542,Rwanda,PMO - US,Direct Drop,EXW,Air,3/12/14,4/3/14,28-Apr-14,28-Apr-14,28-Apr-14,HRDT,HIV test,"SHANGHAI KEHUA BIOENGINEERING CO.,LTD.  (KHB)","HIV 1/2, SKB Colloidal Gold, Diagnostic Kit, Antibody, 50 Tests","HIV 1/2, Colloidal Gold, Diagnostic Kit, Antibody",Colloidal Gold,,Test kit,1,5994,146853.0,24.5,24.5,"KHB Test Kit Facility, Shanghai China",Yes,3996,53062.21,150.96,53062.21,3996
86387,151-NG-T30,FPQ-6800,SO-39690,DN-2228,Nigeria,PMO - US,From RDC,N/A - From RDC,Air Charter,12/7/10,N/A - From RDC,21-Jun-11,5-Jul-11,5-Jul-11,ARV,Adult,SCMS from RDC,"Nevirapine 200mg, tablets, 60 Tabs",Nevirapine,Generic,200mg,Tablet,60,17376,43613.76,2.51,0.04,"Strides, Bangalore, India.",Yes,1237,13398.06,71.96,13398.06,1237
11472,110-ZM-T01,Pre-PQ Process,SO-1073,DN-371,Zambia,PMO - US,From RDC,N/A - From RDC,,Pre-PQ Process,N/A - From RDC,21-Sep-07,21-Sep-07,21-Sep-07,ARV,Pediatric,SCMS from RDC,"Stavudine 1mg/ml, powder for oral solution, 200 ml",Stavudine,Generic,1mg/ml,Oral solution,200,2950,4277.5,1.45,0.01,"Aurobindo Unit III, India",Yes,267,3094,6.84,3094,267
54296,161-ZA-T30,FPQ-5648,SCMS-75750,ASN-9197,South Africa,PMO - US,Direct Drop,DDP,Ocean,6/2/10,6/17/10,1-Feb-11,1-Feb-11,1-Feb-11,ARV,Adult,Aurobindo Pharma Limited,"Efavirenz 600mg, tablets, 30 Tabs",Efavirenz,Generic,600mg,Tablet,30,32083,144694.33,4.51,0.15,"Aurobindo Unit III, India",Yes,2808,630.5,311.96,630.5,2808
16277,117-ET-T30,FPQ-9096,SCMS-133330,ASN-14559,Ethiopia,PMO - US,Direct Drop,EXW,Air,1/5/12,1/23/12,25-Apr-12,25-Apr-12,25-Apr-12,HRDT,HIV test,"Trinity Biotech, Plc","HIV 1/2, Uni-Gold HIV Kit, 20 Tests","HIV 1/2, Uni-Gold HIV Kit",Uni-Gold,,Test kit,20,26,832.0,32.0,1.6,"Trinity Biotech, Plc",Yes,17,334.65,1.17,334.65,17
85074,104-CI-T30,FPQ-4187,SO-33471,DN-1534,Côte d'Ivoire,PMO - US,From RDC,N/A - From RDC,Air,9/9/09,N/A - From RDC,1-Dec-09,2-Dec-09,2-Dec-09,ARV,Pediatric,SCMS from RDC,"Efavirenz 50mg, capsule, 30 Caps",Efavirenz,Generic,50mg,Capsule,30,3444,7714.56,2.24,0.07,"Aurobindo Unit III, India",Yes,200,1211.48,15.12,1211.48,200
39659,102-BI-T30,FPQ-10907,SCMS-167290,ASN-17563,Burundi,PMO - US,Direct Drop,EXW,Air,11/7/12,11/21/12,4-Jan-13,4-Jan-13,4-Jan-13,HRDT,HIV test,"Orgenics, Ltd","HIV 1/2, Determine Complete HIV Kit, 100 Tests","HIV 1/2, Determine Complete HIV Kit",Determine,,Test kit,100,1472,117760.0,80.0,0.8,"Alere Medical Co., Ltd.",Yes,638,16189.94,145.67,16189.94,638
83986,104-CI-T30,FPQ-4378,SO-34414,DN-1676,Côte d'Ivoire,PMO - US,From RDC,N/A - From RDC,Air,10/15/09,N/A - From RDC,9-Mar-10,10-Mar-10,10-Mar-10,ARV,Pediatric,SCMS from RDC,"Efavirenz 200mg, capsule, 90 Caps",Efavirenz,Generic,200mg,Capsule,90,769,7743.83,10.07,0.11,"Aurobindo Unit III, India",Yes,93,4519.96,15.18,4519.96,93
18269,111-MZ-T30,FPQ-10606,SCMS-162160,ASN-17088,Mozambique,PMO - US,Direct Drop,EXW,Air,9/12/12,10/10/12,25-Dec-12,25-Dec-12,25-Dec-12,HRDT,HIV test,"Orgenics, Ltd","HIV 1/2, Determine Kit without Lancets, Buffer or Caplillary Tubes, 100 Tests","HIV 1/2, Determine Kit without Lancets, Buffer or Capillary Tubes, 100 Tests",Determine,,Test kit,100,81,5844.15,72.15,0.72,"Alere Medical Co., Ltd.",Yes,16,467.26,8.19,467.26,16
82714,104-CI-T30,FPQ-14370,SO-49100,DN-3851,Côte d'Ivoire,PMO - US,From RDC,N/A - From RDC,Truck,5/23/14,N/A - From RDC,31-Oct-14,18-Aug-14,5-Sep-14,ARV,Adult,SCMS from RDC,"Abacavir/Lamivudine 600/300mg, tablets, 30 Tabs",Abacavir/Lamivudine,Generic,600/300mg,Tablet - FDC,30,2756,37261.12,13.52,0.45,"Cipla, Patalganga, India",Yes,248,1933.72,38.3,1933.72,248
67806,107-RW-T30,FPQ-8742,SCMS-137410,ASN-15442,Rwanda,PMO - US,Direct Drop,EXW,Air,12/7/11,5/18/12,20-Jul-12,20-Jul-12,20-Jul-12,ARV,Adult,HETERO LABS LIMITED,"Efavirenz 600mg, tablets, 30 Tabs",Efavirenz,Generic,600mg,Tablet,30,3007,10734.99,3.57,0.12,Hetero Unit III Hyderabad IN,Yes,262,3840.85,15.05,3840.85,262
11564,105-GY-T01,Pre-PQ Process,SO-18470,DN-1017,Guyana,PMO - US,From RDC,N/A - From RDC,Air,Pre-PQ Process,N/A - From RDC,21-Nov-08,21-Nov-08,21-Nov-08,ARV,Adult,SCMS from RDC,"Zidovudine 300mg, tablets, 60 Tabs",Zidovudine,Generic,300mg,Tablet,60,416,3286.4,7.9,0.13,"Aurobindo Unit III, India",Yes,49,1465.71,6.44,1465.71,49
74609,101-KE-T30,FPQ-10314,SCMS-153910,ASN-17660,Kenya,PMO - US,Direct Drop,CIP,Air,7/12/12,11/6/12,28-Feb-13,28-Feb-13,28-Feb-13,HRDT,HIV test,"Orgenics, Ltd","HIV 1/2, Determine Complete HIV Kit, 100 Tests","HIV 1/2, Determine Complete HIV Kit",Determine,,Test kit,100,1,89.0,89.0,0.89,"Alere Medical Co., Ltd.",Yes,1476,91.66,0.12,91.66,1476
82505,110-ZM-T30,FPQ-8476,SO-40956,DN-2832,Zambia,PMO - US,From RDC,N/A - From RDC,Truck,9/27/11,N/A - From RDC,17-Sep-12,7-Sep-12,7-Sep-12,ARV,Adult,SCMS from RDC,"Zidovudine 300mg, tablets, 60 Tabs",Zidovudine,Generic,300mg,Tablet,60,16258,109904.08,6.76,0.11,Mylan (formerly Matrix) Nashik,Yes,2321,7317.48,181.34,7317.48,2321
24934,151-NG-T30,FPQ-5124,SCMS-66900,ASN-6712,Nigeria,PMO - US,Direct Drop,FCA,Air,2/15/10,3/5/10,21-Jun-10,21-Jun-10,21-Jun-10,ARV,Adult,Hoffmann-La Roche ltd Basel,"Saquinavir 500mg [Invirase], tablets, 120 Tabs",Saquinavir,Invirase,500mg,Tablet,120,430,40713.32,94.68,0.79,Roche Basel,Yes,77,729.03,87.78,729.03,77
84328,104-CI-T30,FPQ-12800,SO-46351,DN-3511,Côte d'Ivoire,PMO - US,From RDC,N/A - From RDC,Air,8/9/13,N/A - From RDC,31-Jan-14,18-Feb-14,4-Mar-14,ARV,Pediatric,SCMS from RDC,"Abacavir/Lamivudine 60/30mg, tablets, 60 Tabs",Abacavir/Lamivudine,Generic,60/30mg,Tablet - FDC,60,9500,38000.0,4.0,0.07,"Aurobindo Unit III, India",Yes,449,3051.95,47.01,3051.95,449
82345,151-NG-T30,FPQ-5023,SO-36413,DN-1967,Nigeria,PMO - US,From RDC,N/A - From RDC,Air Charter,2/10/10,N/A - From RDC,9-Aug-10,17-Aug-10,17-Aug-10,ARV,Adult,SCMS from RDC,"Emtricitabine/Tenofovir Disoproxil Fumarate 200/300mg, tablets, 30 Tabs",Emtricitabine/Tenofovir Disoproxil Fumarate,Generic,200/300mg,Tablet - FDC,30,6203,72885.25,11.75,0.39,Mylan (formerly Matrix) Nashik,Yes,560,6147.18,157.14,6147.18,560
83544,151-NG-T30,FPQ-7812,SO-40723,DN-2395,Nigeria,PMO - US,From RDC,N/A - From RDC,Air Charter,6/6/11,N/A - From RDC,5-Dec-11,13-Oct-11,13-Oct-11,ARV,Adult,SCMS from RDC,"Lamivudine/Nevirapine/Zidovudine 150/200/300mg, tablets, 60 Tabs",Lamivudine/Nevirapine/Zidovudine,Generic,150/300/200mg,Tablet - FDC,60,94848,1064194.56,11.22,0.19,Mylan (formerly Matrix) Nashik,No,See DN-2395 (ID#:82415),See DN-2395 (ID#:82415),1755.92,21326.73,28277
1954,108-VN-T01,Pre-PQ Process,SCMS-27290,ASN-2854,Vietnam,PMO - US,Direct Drop,FCA,Air,Pre-PQ Process,7/24/08,2-Dec-08,2-Dec-08,2-Dec-08,ARV,Adult,ABBVIE LOGISTICS (FORMERLY ABBOTT LOGISTICS BV),"Lopinavir/Ritonavir 200/50mg [Aluvia], tablets, 120 Tabs",Lopinavir/Ritonavir,Aluvia,200/50mg,Tablet,120,434,35674.8,82.2,0.68,ABBVIE Ludwigshafen Germany,Yes,113,2709.98,69.92,2709.98,113
15240,106-HT-T30,FPQ-14083,SCMS-240220,ASN-26559,Haiti,PMO - US,Direct Drop,EXW,Air,5/11/14,6/2/14,18-Jul-14,18-Jul-14,31-Jul-14,ARV,Pediatric,Aurobindo Pharma Limited,"Abacavir 20mg/ml, oral solution, Bottle, 240 ml",Abacavir,Generic,20mg/ml,Oral solution,240,375,2561.25,6.83,0.03,"Aurobindo Unit III, India",Yes,300,2949.23,2.63,2949.23,300
10786,110-ZM-T01,Pre-PQ Process,SO-31950,DN-1361,Zambia,PMO - US,From RDC,N/A - From RDC,Truck,Date Not Captured,N/A - From RDC,4-Sep-09,4-Sep-09,4-Sep-09,ARV,Adult,SCMS from RDC,"Zidovudine 300mg, tablets, 60 Tabs",Zidovudine,Generic,300mg,Tablet,60,9700,74787.0,7.71,0.13,"Aurobindo Unit III, India",Yes,551,2448.71,146.58,2448.71,551
85145,102-UG-T30,FPQ-6202,SO-37280,DN-2002,Uganda,PMO - US,From RDC,N/A - From RDC,Air,8/6/10,N/A - From RDC,30-Sep-10,2-Sep-10,2-Sep-10,ARV,Adult,SCMS from RDC,"Lamivudine/Zidovudine 150/300mg, tablets, 60 Tabs",Lamivudine/Zidovudine,Generic,150/300mg,Tablet - FDC,60,40213,343821.15,8.55,0.14,Hetero Unit III Hyderabad IN,Yes,3457,35689.71,741.28,35689.71,3457
30601,110-ZM-T30,FPQ-4691,SCMS-60711,ASN-6614,Zambia,PMO - US,Direct Drop,EXW,Air,12/16/09,12/22/09,3-May-10,23-Apr-10,23-Apr-10,HRDT,HIV test,"Orgenics, Ltd","HIV 1/2, Determine Complete HIV Kit, 100 Tests","HIV 1/2, Determine Complete HIV Kit",Determine,,Test kit,100,2700,194400.0,72.0,0.72,Inverness Japan,Yes,1304,19502.09,419.13,19502.09,1304
78387,114-UG-T30,FPQ-5837,SCMS-80710,ASN-7974,Uganda,PMO - US,Direct Drop,DDU,Air,6/25/10,8/11/10,1-Sep-10,1-Sep-10,1-Sep-10,ARV,Adult,ASPEN PHARMACARE,"Etravirine 100mg [Intelence], tablets, 120 Tabs",Etravirine,Intelence,100mg,Tablet,120,50,4199.01,83.98,0.7,"Janssen-Cilag, Latina, IT",Yes,10,435,9.05,435,10
10086,117-ET-T01,Pre-PQ Process,SCMS-32410,ASN-3259,Ethiopia,PMO - US,Direct Drop,EXW,Air,Pre-PQ Process,10/22/08,30-Jan-09,30-Jan-09,30-Jan-09,HRDT,HIV test,"CHEMBIO DIAGNOSTIC SYSTEMS, INC.","HIV 1/2, Stat-Pak HIV, Kit, 20 Tests","HIV 1/2, Stat-Pak HIV, Kit",Stat-Pak,,Test kit,20,3711,100197.0,27.0,1.35,Chembio Diagnostics Sys. Inc.,Yes,1341,6112.63,196.39,6112.63,1341
82880,151-NG-T30,FPQ-4537,SO-35110,DN-1777,Nigeria,PMO - US,From RDC,N/A - From RDC,Air Charter,11/6/09,N/A - From RDC,31-Mar-10,18-May-10,18-May-10,ARV,Adult,SCMS from RDC,"Lamivudine/Zidovudine+Efavirenz 150/300mg+600mg, tablets, co-blister 60+30 Tabs",Lamivudine/Zidovudine+Efavirenz,Generic,150/300mg+600mg,Tablet - FDC + co-blister,90,854,23485.0,27.5,0.31,"Aurobindo Unit III, India",Yes,142,9736.1,50.63,9736.1,142
85200,113-ZW-T30,FPQ-7052,SO-38512,DN-2343,Zimbabwe,PMO - US,From RDC,N/A - From RDC,Truck,1/19/11,N/A - From RDC,30-Sep-11,7-Oct-11,7-Oct-11,ARV,Adult,SCMS from RDC,"Lamivudine/Nevirapine/Stavudine 150/200/30mg, tablets, 60 Tabs",Lamivudine/Nevirapine/Stavudine,Generic,150/200/30mg,Tablet - FDC,60,9226,49635.88,5.38,0.09,"Cipla, Goa, India",No,See DN-2343 (ID#:82977),See DN-2343 (ID#:82977),81.9,12956.94,5154
69179,161-ZA-T30,FPQ-6708,SCMS-93590,ASN-10512,South Africa,PMO - US,Direct Drop,DDP,Ocean,11/26/10,12/14/10,30-May-11,30-May-11,30-May-11,ARV,Adult,CIPLA LIMITED,"Tenofovir Disoproxil Fumarate 300mg, tablets, 30 Tabs",Tenofovir Disoproxil Fumarate,Generic,300mg,Tablet,30,150000,1029000.0,6.86,0.23,"Cipla, Goa, India",Yes,10156,13731.6,1697.85,13731.6,10156
26440,110-ZM-T30,FPQ-6263,SCMS-87290,ASN-8998,Zambia,PMO - US,Direct Drop,EXW,Air,9/8/10,10/7/10,17-Dec-10,17-Dec-10,17-Dec-10,HRDT,HIV test,"Orgenics, Ltd","HIV 1/2, Determine Complete HIV Kit, 100 Tests","HIV 1/2, Determine Complete HIV Kit",Determine,,Test kit,100,2730,218400.0,80.0,0.8,Inverness Japan,Yes,1318,21737.72,470.87,21737.72,1318
14097,102-BI-T30,FPQ-14594,SCMS-250110,ASN-28194,Burundi,PMO - US,Direct Drop,EXW,Air,7/17/14,8/6/14,6-Oct-14,6-Oct-14,6-Oct-14,HRDT,HIV test,"Orgenics, Ltd","HIV 1/2, Determine Complete HIV Kit, 100 Tests","HIV 1/2, Determine Complete HIV Kit",Determine,,Test kit,100,3484,278720.0,80.0,0.8,"Alere Medical Co., Ltd.",Yes,1415,33228.68,286.52,33228.68,1415
64594,106-HT-T30,FPQ-14895,SCMS-261140,ASN-31141,Haiti,PMO - US,Direct Drop,FCA,Air,9/24/14,11/14/14,24-Apr-15,24-Apr-15,24-Apr-15,ARV,Pediatric,ABBVIE LOGISTICS (FORMERLY ABBOTT LOGISTICS BV),"Lopinavir/Ritonavir 80/20mg/ml [Kaletra], oral solution, cool, Bottle 5 x 60 ml",Lopinavir/Ritonavir,Kaletra,80/20mg/ml,Oral solution,300,610,18800.2,30.82,0.1,ABBVIE (Abbott) Logis. UK,Yes,708,3428.37,19.33,3428.37,708
12839,117-ET-T01,Pre-PQ Process,SO-14230,DN-907,Ethiopia,PMO - US,From RDC,N/A - From RDC,Truck,Pre-PQ Process,N/A - From RDC,16-Sep-08,16-Sep-08,16-Sep-08,ARV,Adult,SCMS from RDC,"Ritonavir 100mg [Norvir], capsules, cool, 4 x 84 Caps",Ritonavir,Norvir,100mg,Capsule,336,14,537.04,38.36,0.11,ABBVIE (Abbott) Logis. UK,Yes,25,505,0.86,505,25
85967,114-UG-T30,FPQ-11133,SO-43881,DN-3156,Uganda,PMO - US,From RDC,N/A - From RDC,Truck,12/13/12,N/A - From RDC,31-May-13,30-May-13,30-May-13,ARV,Adult,SCMS from RDC,"Lamivudine/Tenofovir Disoproxil Fumarate 300/300mg, tablets, 30 Tabs",Lamivudine/Tenofovir Disoproxil Fumarate,Generic,300/300mg,Tablet - FDC,30,1380,6486.0,4.7,0.16,"Aurobindo Unit VII, IN",Yes,142,1034.64,8.02,1034.64,142
43805,106-HT-T30,FPQ-13797,SCMS-234040,ASN-27086,Haiti,PMO - US,Direct Drop,EXW,Ocean,3/20/14,5/5/14,20-Oct-14,20-Oct-14,24-Oct-14,ARV,Adult,HETERO LABS LIMITED,"Lamivudine/Zidovudine 150/300mg, tablets, 60 Tabs",Lamivudine/Zidovudine,Generic,150/300mg,Tablet - FDC,60,9227,60990.47,6.61,0.11,Hetero Unit III Hyderabad IN,Yes,813,1922.5,62.7,1922.5,813
58309,102-BI-T30,FPQ-13998,SCMS-234680,ASN-26424,Burundi,PMO - US,Direct Drop,EXW,Air,4/1/14,4/29/14,26-Jun-14,26-Jun-14,26-Jun-14,HRDT,HIV test,"CHEMBIO DIAGNOSTIC SYSTEMS, INC.","HIV 1/2, Stat-Pak Dipstick Assay Kit, 30 Tests","HIV 1/2, Stat-Pak Dipstick Assay Kit",Stat-Pak,,Test kit,30,539,14876.4,27.6,0.92,Chembio Diagnostics Sys. Inc.,Yes,58,871.28,15.29,871.28,58
67057,107-RW-T30,FPQ-14090,SCMS-239700,ASN-28331,Rwanda,PMO - US,Direct Drop,EXW,Air,4/17/14,6/9/14,17-Oct-14,17-Oct-14,17-Oct-14,HRDT,HIV test,"Orgenics, Ltd","HIV 1/2, Determine Complete HIV Kit, 100 Tests","HIV 1/2, Determine Complete HIV Kit",Determine,,Test kit,100,1891,151280.0,80.0,0.8,"Alere Medical Co., Ltd.",Yes,766,14125.63,155.52,14125.63,766
15005,133-NG-T30,FPQ-9599,SCMS-144190,ASN-16132,Nigeria,PMO - US,Direct Drop,EXW,Air,3/27/12,5/3/12,18-Sep-12,18-Sep-12,18-Sep-12,HRDT,HIV test,"Trinity Biotech, Plc","HIV 1/2, Uni-Gold HIV Kit, 20 Tests","HIV 1/2, Uni-Gold HIV Kit",Uni-Gold,,Test kit,20,8018,256576.0,32.0,1.6,"Trinity Biotech, Plc",Yes,2607,28595.45,359.72,28595.45,2607
86027,109-TZ-T30,FPQ-12587,SO-45995,DN-3458,Tanzania,PMO - US,From RDC,N/A - From RDC,Truck,7/4/13,N/A - From RDC,31-Dec-13,25-Feb-14,13-Mar-14,ARV,Adult,SCMS from RDC,"Emtricitabine/Tenofovir Disoproxil Fumarate 200/300mg, tablets, 30 Tabs",Emtricitabine/Tenofovir Disoproxil Fumarate,Generic,200/300mg,Tablet - FDC,30,337,1978.19,5.87,0.2,Mylan (formerly Matrix) Nashik,No,See DN-3458 (ID#:83196),See DN-3458 (ID#:83196),2.45,5989.25,2304
84650,151-NG-T30,FPQ-7217,SO-39610,DN-2225,Nigeria,PMO - US,From RDC,N/A - From RDC,Air Charter,2/21/11,N/A - From RDC,15-Jun-11,6-Jul-11,6-Jul-11,ARV,Adult,SCMS from RDC,"Lamivudine/Nevirapine/Zidovudine 150/200/300mg, tablets, 60 Tabs",Lamivudine/Nevirapine/Zidovudine,Generic,150/300/200mg,Tablet - FDC,60,53109,595882.98,11.22,0.19,"Aurobindo Unit III, India",Yes,19464,13398.06,983.21,13398.06,19464
12509,106-HT-T01,Pre-PQ Process,SO-2348,DN-745,Haiti,PMO - US,From RDC,N/A - From RDC,Air,Pre-PQ Process,N/A - From RDC,2-Jun-08,2-Jun-08,2-Jun-08,ARV,Adult,SCMS from RDC,"Zidovudine 300mg, tablets, 60 Tabs",Zidovudine,Generic,300mg,Tablet,60,1925,15688.75,8.15,0.14,"Aurobindo Unit III, India",Yes,111,1355.06,25.1,1355.06,111
11346,151-NG-T01,Pre-PQ Process,SO-27817,DN-1367,Nigeria,PMO - US,From RDC,N/A - From RDC,Air Charter,Date Not Captured,N/A - From RDC,4-Aug-09,4-Aug-09,4-Aug-09,ARV,Adult,SCMS from RDC,"Emtricitabine/Tenofovir Disoproxil Fumarate 200/300mg [Truvada], tablets, 30 Tabs",Emtricitabine/Tenofovir Disoproxil Fumarate,Truvada,300/200mg,Tablet - FDC,30,8462,222127.5,26.25,0.88,"Aspen-OSD, Port Elizabeth, SA",Yes,1225,7445.71,435.37,7445.71,1225
56194,113-ZW-T30,FPQ-13939,SCMS-234730,ASN-26146,Zimbabwe,PMO - US,Direct Drop,EXW,Air Charter,4/1/14,5/12/14,14-Jun-14,14-Jun-14,16-Jun-14,ARV,Adult,CIPLA LIMITED,"Lamivudine/Tenofovir Disoproxil Fumarate 300/300mg, tablets, 30 Tabs",Lamivudine/Tenofovir Disoproxil Fumarate,Generic,300/300mg,Tablet - FDC,30,25811,118472.49,4.59,0.15,"Cipla, Kurkumbh, India",Yes,2829,24936.5,121.79,24936.5,2829
85777,104-CI-T30,FPQ-6495,SO-39390,DN-2294,Côte d'Ivoire,PMO - US,From RDC,N/A - From RDC,Air,10/4/10,N/A - From RDC,22-Jul-11,22-Jul-11,22-Jul-11,ARV,Pediatric,SCMS from RDC,"Nevirapine 10mg/ml, oral suspension w/syringe, Bottle, 240 ml",Nevirapine,Generic,10mg/ml,Oral suspension,240,600,1170.0,1.95,0.01,"Aurobindo Unit III, India",Yes,224,3545.1,2.52,3545.1,224
83210,103-ZW-T30,FPQ-12086,SO-45123,DN-3549,Zimbabwe,PMO - US,From RDC,N/A - From RDC,Truck,4/19/13,N/A - From RDC,31-Mar-14,11-Feb-14,4-Mar-14,ARV,Pediatric,SCMS from RDC,"Efavirenz 200mg, scored tablets, 90 Tabs",Efavirenz,Generic,200mg,Tablet,90,266,2473.8,9.3,0.1,"Strides, Bangalore, India.",Yes,17,1200,3.06,1200,17
11060,104-CI-T01,Pre-PQ Process,SO-27530,DN-1313,Côte d'Ivoire,PMO - US,From RDC,N/A - From RDC,Air,Date Not Captured,N/A - From RDC,19-Aug-09,19-Aug-09,19-Aug-09,ARV,Adult,SCMS from RDC,"Lamivudine/Stavudine 150/30mg, tablets, 60 Tabs",Lamivudine/Stavudine,Generic,150/30mg,Tablet - FDC,60,10480,39824.0,3.8,0.06,"Cipla, Goa, India",Yes,786,11032.42,78.06,11032.42,786
12100,107-RW-T01,Pre-PQ Process,SO-833,DN-361,Rwanda,PMO - US,From RDC,N/A - From RDC,Air,Pre-PQ Process,N/A - From RDC,16-Oct-07,16-Oct-07,16-Oct-07,HRDT,HIV test,SCMS from RDC,"HIV 1/2, Uni-Gold HIV Kit, 20 Tests","HIV 1/2, Uni-Gold HIV Kit",Uni-Gold,,Test kit,20,1883,60256.0,32.0,1.6,"Trinity Biotech, Plc",Yes,627,7670.04,96.41,7670.04,627
161,117-ET-T01,Pre-PQ Process,SCMS-11070,ASN-916,Ethiopia,PMO - US,Direct Drop,EXW,Air,Pre-PQ Process,10/3/07,20-Nov-07,20-Nov-07,20-Nov-07,ARV,Adult,Aurobindo Pharma Limited,"Stavudine 30mg, capsules, 60 Caps",Stavudine,Generic,30mg,Capsule,60,64000,99200.0,1.55,0.03,"Aurobindo Unit III, India",Yes,4228,12237.61,158.72,12237.61,4228
12454,111-MZ-T01,Pre-PQ Process,SO-1039,DN-601,Mozambique,PMO - US,From RDC,N/A - From RDC,Air,Pre-PQ Process,N/A - From RDC,8-Apr-08,5-Apr-08,5-Apr-08,ARV,Adult,SCMS from RDC,"Lamivudine/Nevirapine/Zidovudine 150/200/300mg, tablets, 60 Tabs",Lamivudine/Nevirapine/Zidovudine,Generic,150/300/200mg,Tablet - FDC,60,42700,576450.0,13.5,0.22,"Aurobindo Unit III, India",No,See DN-601 (ID#:10651),See DN-601 (ID#:10651),922.32,8118.64,5092
84566,106-HT-T30,FPQ-4384,SO-34660,DN-1837,Haiti,PMO - US,From RDC,N/A - From RDC,Air,10/23/09,N/A - From RDC,31-May-10,1-Jun-10,1-Jun-10,ARV,Adult,SCMS from RDC,"Lamivudine/Zidovudine 150/300mg, tablets, 60 Tabs",Lamivudine/Zidovudine,Generic,150/300mg,Tablet - FDC,60,14875,130305.0,8.76,0.15,Mylan (formerly Matrix) Nashik,No,See DN-1837 (ID#:83429),See DN-1837 (ID#:83429),280.94,1005.2,4176
77750,103-ZW-T30,FPQ-9905,SCMS-148290,ASN-16913,Zimbabwe,PMO - US,Direct Drop,FCA,Air,5/29/12,7/18/12,8-Nov-12,22-Nov-12,22-Nov-12,ARV,Pediatric,ABBVIE LOGISTICS (FORMERLY ABBOTT LOGISTICS BV),"Lopinavir/Ritonavir 80/20mg/ml [Kaletra], oral solution, cool, Bottle 5 x 60 ml",Lopinavir/Ritonavir,Kaletra,80/20mg/ml,Oral solution,300,1364,42038.48,30.82,0.1,ABBVIE (Abbott) Logis. UK,Yes,1309,15578.89,58.94,15578.89,1309
84085,111-MZ-T30,FPQ-7053,SO-39340,DN-2193,Mozambique,PMO - US,From RDC,N/A - From RDC,Truck,1/24/11,N/A - From RDC,31-May-11,23-Jun-11,23-Jun-11,ARV,Adult,SCMS from RDC,"Stavudine 30mg, capsules, 60 Caps",Stavudine,Generic,30mg,Capsule,60,630,882.0,1.4,0.02,"Aurobindo Unit III, India",Yes,485,947.52,1.46,947.52,485
25844,109-TZ-T30,FPQ-9211,SCMS-136920,ASN-14276,Tanzania,PMO - US,Direct Drop,EXW,Air,1/25/12,2/17/12,8-May-12,8-May-12,8-May-12,HRDT,HIV test,"Orgenics, Ltd","HIV 1/2, Determine Complete HIV Kit, 100 Tests","HIV 1/2, Determine Complete HIV Kit",Determine,,Test kit,100,1130,90400.0,80.0,0.8,"Alere Medical Co., Ltd.",Yes,537,10626.8,126.74,10626.8,537
83859,103-ZW-T30,FPQ-14459,SO-49182,DN-4004,Zimbabwe,PMO - US,From RDC,N/A - From RDC,Truck,6/13/14,N/A - From RDC,24-Nov-14,11-Nov-14,18-Nov-14,ARV,Pediatric,SCMS from RDC,"Lamivudine/Zidovudine 30/60mg, dispersible tablets, 60 Tabs",Lamivudine/Zidovudine,Generic,30/60mg,Chewable/dispersible tablet - FDC,60,10893,21677.07,1.99,0.03,"Cipla, Goa, India",Yes,735,6331.93,22.28,6331.93,735
33441,108-VN-T30,FPQ-14516,SCMS-251680,ASN-29384,Vietnam,PMO - US,Direct Drop,EXW,Air,7/9/14,8/11/14,24-Dec-14,24-Dec-14,24-Dec-14,ARV,Adult,HETERO LABS LIMITED,"Tenofovir Disoproxil Fumarate 300mg, tablets, 30 Tabs",Tenofovir Disoproxil Fumarate,Generic,300mg,Tablet,30,6000,21300.0,3.55,0.12,Hetero Unit III Hyderabad IN,Yes,2490,4545.64,21.9,4545.64,2490
61998,117-ET-T30,FPQ-9098,SCMS-133560,ASN-16135,Ethiopia,PMO - US,Direct Drop,EXW,Air,1/10/12,1/23/12,5-Sep-12,5-Sep-12,5-Sep-12,HRDT,HIV test,"CHEMBIO DIAGNOSTIC SYSTEMS, INC.","HIV 1/2, Stat-Pak HIV, Kit, 20 Tests","HIV 1/2, Stat-Pak HIV, Kit",Stat-Pak,,Test kit,20,340,9860.0,29.0,1.45,Chembio Diagnostics Sys. Inc.,Yes,128,810.96,13.82,810.96,128
82908,106-HT-T30,FPQ-5523,SO-36760,DN-1964,Haiti,PMO - US,From RDC,N/A - From RDC,Air,4/19/10,N/A - From RDC,10-Aug-10,23-Aug-10,23-Aug-10,ARV,Adult,SCMS from RDC,"Efavirenz 600mg, tablets, 30 Tabs",Efavirenz,Generic,600mg,Tablet,30,39312,174938.4,4.45,0.15,"Strides, Bangalore, India.",Yes,7225,69748.5,377.17,69748.5,7225
9000,106-HT-T01,Pre-PQ Process,SCMS-40050,ASN-3743,Haiti,PMO - US,Direct Drop,EXW,Air,Pre-PQ Process,3/6/09,21-Apr-09,21-Apr-09,21-Apr-09,ARV,Adult,MYLAN LABORATORIES LTD (FORMERLY MATRIX LABORATORIES),"Tenofovir Disoproxil Fumarate 300mg, tablets, 30 Tabs",Tenofovir Disoproxil Fumarate,Generic,300mg,Tablet,30,560,5040.0,9.0,0.3,Mylan (formerly Matrix) Nashik,Yes,32050,806.55,9.88,806.55,32050
18405,106-HT-T30,FPQ-11442,SCMS-177182,ASN-19520,Haiti,PMO - US,Direct Drop,EXW,Air,1/30/13,3/11/13,10-Jun-13,10-Jun-13,10-Jun-13,ARV,Pediatric,Aurobindo Pharma Limited,"Nevirapine 10mg/ml, oral suspension w/syringe, Bottle, 240 ml",Nevirapine,Generic,10mg/ml,Oral suspension,240,2052,3098.52,1.51,0.01,"Aurobindo Unit III, India",Yes,908,6438.91,3.83,6438.91,908
19246,109-TZ-T30,FPQ-12050,SCMS-186920,ASN-20340,Tanzania,PMO - US,Direct Drop,EXW,Air,4/12/13,5/14/13,5-Sep-13,5-Sep-13,5-Sep-13,ARV,Adult,MYLAN LABORATORIES LTD (FORMERLY MATRIX LABORATORIES),"Atazanavir/Ritonavir 300/100mg, tablets, 30 Tabs",Atazanavir/Ritonavir,Generic,300/100mg,Tablet,30,5175,116437.5,22.5,0.75,Mylan (formerly Matrix) Nashik,Yes,775,4136.58,144.03,4136.58,775
43480,161-ZA-T30,FPQ-5648,SCMS-75480,ASN-8340,South Africa,PMO - US,Direct Drop,DDP,Air,6/2/10,6/17/10,13-Dec-10,13-Dec-10,13-Dec-10,ARV,Pediatric,Aurobindo Pharma Limited,"Nevirapine 10mg/ml, oral suspension w/syringe, Bottle, 240 ml",Nevirapine,Generic,10mg/ml,Oral suspension,240,19098,60158.7,3.15,0.01,"Aurobindo Unit III, India",Yes,7367,3444.28,129.7,3444.28,7367
69900,104-CI-T30,FPQ-11294,SCMS-173131,ASN-19635,Côte d'Ivoire,PMO - US,Direct Drop,EXW,Air,12/14/12,1/15/13,4-Jun-13,4-Jun-13,4-Jun-13,HRDT,HIV test,"Orgenics, Ltd","HIV 1/2, Determine Complete HIV Kit, 100 Tests","HIV 1/2, Determine Complete HIV Kit",Determine,,Test kit,100,2954,236320.0,80.0,0.8,"Alere Medical Co., Ltd.",Yes,1284,125.42,292.33,125.42,1284
68397,114-UG-T30,FPQ-12841,SCMS-205040,ASN-23308,Uganda,PMO - US,Direct Drop,EXW,Air,8/19/13,9/2/13,17-Jan-14,17-Jan-14,21-Jan-14,ARV,Pediatric,Aurobindo Pharma Limited,"Nevirapine 50mg, dispersible tablets (tablets for oral suspension), 30 Tabs",Nevirapine,Generic,50mg,Chewable/dispersible tablet,30,9051,11313.75,1.25,0.04,"Aurobindo Unit III, India",Yes,575,3231.11,14.0,3231.11,575
12006,113-ZW-T01,Pre-PQ Process,SO-21020,DN-1411,Zimbabwe,PMO - US,From RDC,N/A - From RDC,Truck,Date Not Captured,N/A - From RDC,22-Sep-09,22-Sep-09,22-Sep-09,ARV,Adult,SCMS from RDC,"Lamivudine/Nevirapine/Stavudine 150/200/30mg, tablets, 60 Tabs",Lamivudine/Nevirapine/Stavudine,Generic,150/200/30mg,Tablet - FDC,60,76000,541120.0,7.12,0.12,"Cipla, Goa, India",No,See DN-1411 (ID#:11352),See DN-1411 (ID#:11352),1060.6,14958.2,9020
11562,110-ZM-T01,Pre-PQ Process,SO-19411,DN-1029,Zambia,PMO - US,From RDC,N/A - From RDC,Air,Pre-PQ Process,N/A - From RDC,11-Dec-08,11-Dec-08,11-Dec-08,ARV,Adult,SCMS from RDC,"Zidovudine 300mg, tablets, 60 Tabs",Zidovudine,Generic,300mg,Tablet,60,2306,18793.9,8.15,0.14,"Aurobindo Unit III, India",Yes,132,1659.48,36.84,1659.48,132
2559,108-VN-T01,Pre-PQ Process,SCMS-44980,ASN-4094,Vietnam,PMO - US,Direct Drop,EXW,Air,Pre-PQ Process,4/29/09,8-Jun-09,8-Jun-09,8-Jun-09,ARV,Adult,Aurobindo Pharma Limited,"Didanosine 250mg, delayed-release capsules, 30 Caps",Didanosine,Generic,250mg,Delayed-release capsules,30,150,1950.0,13.0,0.43,"Aurobindo Unit III, India",Yes,30,4111.71,3.82,4111.71,30
83493,114-UG-T30,FPQ-6427,SO-38760,DN-2144,Uganda,PMO - US,From RDC,N/A - From RDC,Truck,9/29/10,N/A - From RDC,31-Mar-11,1-Apr-11,1-Apr-11,ARV,Adult,SCMS from RDC,"Lamivudine/Zidovudine 150/300mg, tablets, 60 Tabs",Lamivudine/Zidovudine,Generic,150/300mg,Tablet - FDC,60,30107,248683.82,8.26,0.14,"Aurobindo Unit III, India",Yes,2875,23675.63,536.16,23675.63,2875
75703,109-TZ-T30,FPQ-13945,SCMS-235390,ASN-29855,Tanzania,PMO - US,Direct Drop,EXW,Air,3/27/14,5/6/14,23-Feb-15,23-Feb-15,24-Feb-15,HRDT,HIV test,"Trinity Biotech, Plc","HIV 1/2, Uni-Gold HIV Kit, 20 Tests","HIV 1/2, Uni-Gold HIV Kit",Uni-Gold,,Test kit,20,168,5376.0,32.0,1.6,"Trinity Biotech, Plc",Yes,55,1112.11,5.53,1112.11,55
32742,108-VN-T30,FPQ-6818,SCMS-97850,ASN-11024,Vietnam,PMO - US,Direct Drop,EXW,Air,1/17/11,2/15/11,22-Jun-11,22-Jun-11,22-Jun-11,ARV,Adult,MYLAN LABORATORIES LTD (FORMERLY MATRIX LABORATORIES),"Zidovudine 300mg, tablets, 60 Tabs",Zidovudine,Generic,300mg,Tablet,60,1416,10266.0,7.25,0.12,Mylan (formerly Matrix) Nashik,No,See ASN-11024 (ID#:15149),See ASN-11024 (ID#:15149),16.94,18207.5,2806
67321,104-CI-T30,FPQ-5518,SCMS-61091,ASN-6764,Côte d'Ivoire,PMO - US,Direct Drop,EXW,Air,4/15/10,4/15/10,26-May-10,26-May-10,26-May-10,ARV,Pediatric,Aurobindo Pharma Limited,"Didanosine 200mg, chewable/dispersible tablets, 60 Tabs",Didanosine,Generic,200mg,Chewable/dispersible tablet,60,712,10680.0,15.0,0.25,"Aurobindo Unit III, India",Yes,147,1836.81,23.03,1836.81,147
82546,114-UG-T30,FPQ-10946,SO-43640,DN-3025,Uganda,PMO - US,From RDC,N/A - From RDC,Air,11/1/12,N/A - From RDC,4-Apr-13,7-Mar-13,7-Mar-13,ARV,Adult,SCMS from RDC,"Nevirapine 200mg, tablets, 60 Tabs",Nevirapine,Generic,200mg,Tablet,60,32298,72993.48,2.26,0.04,"Aurobindo Unit III, India",Yes,6528,21806.84,90.29,21806.84,6528
74008,161-ZA-T30,FPQ-7400,SCMS-104210,ASN-12078,South Africa,PMO - US,Direct Drop,DDP,Ocean,3/11/11,3/30/11,2-Dec-11,2-Dec-11,2-Dec-11,ARV,Pediatric,GLAXOSMITHKLINE EXPORT LIMITED,"Abacavir 20mg/ml [Ziagen], oral solution, Bottle, 240 ml",Abacavir,Ziagen,20mg/ml,Oral solution,240,20000,185600.0,9.28,0.04,GSK Mississauga (Canada),Yes,7664,8301.76,306.24,8301.76,7664
35913,161-ZA-T30,FPQ-6708,SCMS-93550,ASN-11197,South Africa,PMO - US,Direct Drop,DDP,Ocean,11/26/10,12/14/10,13-Jun-11,22-Sep-11,22-Sep-11,ARV,Adult,Aurobindo Pharma Limited,"Tenofovir Disoproxil Fumarate 300mg, tablets, 30 Tabs",Tenofovir Disoproxil Fumarate,Generic,300mg,Tablet,30,42938,285537.7,6.65,0.22,"Aurobindo Unit III, India",Yes,4008,6121.39,471.14,6121.39,4008
10651,111-MZ-T01,Pre-PQ Process,SO-1039,DN-601,Mozambique,PMO - US,From RDC,N/A - From RDC,Air,Pre-PQ Process,N/A - From RDC,8-Apr-08,5-Apr-08,5-Apr-08,ARV,Adult,SCMS from RDC,"Stavudine 30mg, capsules, 60 Caps",Stavudine,Generic,30mg,Capsule,60,120,182.4,1.52,0.03,"Aurobindo Unit III, India",Yes,5092,8118.64,0.29,8118.64,5092
2756,102-NG-T01,Pre-PQ Process,SCMS-599,ASN-522,Nigeria,PMO - US,Direct Drop,EXW,Air,Pre-PQ Process,6/21/07,4-Jul-07,4-Jul-07,4-Jul-07,HRDT,HIV test,"CHEMBIO DIAGNOSTIC SYSTEMS, INC.","HIV 1/2, Stat-Pak HIV, Kit, 20 Tests","HIV 1/2, Stat-Pak HIV, Kit",Stat-Pak,,Test kit,20,8000,216000.0,27.0,1.35,Chembio Diagnostics Sys. Inc.,Yes,2603,22838.29,345.6,22838.29,2603
53675,161-ZA-T30,FPQ-7175,SCMS-103810,ASN-12497,South Africa,PMO - US,Direct Drop,DDP,Ocean,3/10/11,3/28/11,7-Dec-11,7-Dec-11,7-Dec-11,ARV,Pediatric,CIPLA LIMITED,"Lamivudine 10mg/ml, oral solution, Bottle, 240 ml",Lamivudine,Generic,10mg/ml,Oral solution,240,9960,20517.6,2.06,0.01,"Cipla, Goa, India",Yes,3670,9021.5,33.85,9021.5,3670
9243,104-CI-T01,Pre-PQ Process,SCMS-29,ASN-114,Côte d'Ivoire,PMO - US,Direct Drop,EXW,Air,Pre-PQ Process,Date Not Captured,10-Oct-06,10-Oct-06,10-Oct-06,HRDT,HIV test,BIO-RAD LABORATORIES (FRANCE),"#108853** HIV, Genie II HIV-1/HIV-2 Kit, 40 Tests","HIV, Genie II HIV-1/HIV-2 Kit",Genie,,Test kit,40,733,55231.55,75.35,1.88,Bio-Rad Laboratories,Yes,783,7079.25,,7079.25,783
9389,102-GY-T01,Pre-PQ Process,SCMS-11660,ASN-766,Guyana,PMO - US,Direct Drop,EXW,Air,Pre-PQ Process,8/28/07,5-Oct-07,5-Oct-07,5-Oct-07,HRDT,HIV test,"CHEMBIO DIAGNOSTIC SYSTEMS, INC.","HIV 1/2, Stat-Pak HIV, Kit, 20 Tests","HIV 1/2, Stat-Pak HIV, Kit",Stat-Pak,,Test kit,20,120,3240.0,27.0,1.35,Chembio Diagnostics Sys. Inc.,Yes,35,379.62,5.18,379.62,35
86427,104-CI-T30,FPQ-7659,SO-40120,DN-2449,Côte d'Ivoire,PMO - US,From RDC,N/A - From RDC,Air,5/3/11,N/A - From RDC,30-Dec-11,5-Dec-11,5-Dec-11,ARV,Adult,SCMS from RDC,"Efavirenz 600mg, tablets, 30 Tabs",Efavirenz,Generic,600mg,Tablet,30,7132,30097.04,4.22,0.14,"Strides, Bangalore, India.",Yes,434,3526.27,49.66,3526.27,434
83964,106-HT-T30,FPQ-4469,SO-34240,DN-1530,Haiti,PMO - US,From RDC,N/A - From RDC,Air,9/23/09,N/A - From RDC,30-Nov-09,30-Nov-09,30-Nov-09,ARV,Adult,SCMS from RDC,"Stavudine 20mg, capsules, 60 Caps",Stavudine,Generic,20mg,Capsule,60,108,180.36,1.67,0.03,"Aurobindo Unit III, India",Yes,1857,11091.78,0.39,11091.78,1857
84727,114-UG-T30,FPQ-9875,SO-42050,DN-2675,Uganda,PMO - US,From RDC,N/A - From RDC,Air,5/9/12,N/A - From RDC,4-Jul-12,12-Jun-12,12-Jun-12,ARV,Adult,SCMS from RDC,"Nevirapine 200mg, tablets, 60 Tabs",Nevirapine,Generic,200mg,Tablet,60,12974,31656.56,2.44,0.04,Mylan (formerly Matrix) Nashik,No,See DN-2675 (ID#:83038),See DN-2675 (ID#:83038),44.38,18520.22,2501
5703,108-VN-T01,Pre-PQ Process,SCMS-20341,ASN-1691,Vietnam,PMO - US,Direct Drop,EXW,Air,Pre-PQ Process,4/10/08,1-Jun-08,22-May-08,22-May-08,ARV,Adult,MYLAN LABORATORIES LTD (FORMERLY MATRIX LABORATORIES),"Tenofovir Disoproxil Fumarate 300mg, tablets, 30 Tabs",Tenofovir Disoproxil Fumarate,Generic,300mg,Tablet,30,2016,27538.56,13.66,0.46,Mylan (formerly Matrix) Nashik,Yes,122,2864.44,44.06,2864.44,122
83303,104-CI-T30,FPQ-14370,SO-49053,DN-4094,Côte d'Ivoire,PMO - US,From RDC,N/A - From RDC,Truck,5/23/14,N/A - From RDC,16-Feb-15,12-Mar-15,13-Mar-15,ARV,Adult,SCMS from RDC,"Lamivudine/Tenofovir Disoproxil Fumarate 300/300mg, tablets, 30 Tabs",Lamivudine/Tenofovir Disoproxil Fumarate,Generic,300/300mg,Tablet - FDC,30,30000,138900.0,4.63,0.15,"Cipla, Kurkumbh, India",Yes,3000,12748.74,142.79,12748.74,3000
66355,900-TZ-T30,FPQ-10396,SCMS-157661,ASN-17086,Tanzania,PMO - US,Direct Drop,EXW,Air,7/31/12,10/4/12,7-Dec-12,30-Nov-12,30-Nov-12,HRDT,HIV test,"Orgenics, Ltd","HIV 1/2, Determine Complete HIV Kit, 100 Tests","HIV 1/2, Determine Complete HIV Kit",Determine,,Test kit,100,840,67200.0,80.0,0.8,"Alere Medical Co., Ltd.",Yes,405,7765.61,94.21,7765.61,405
63432,104-CI-T30,FPQ-7693,SCMS-113020,ASN-12293,Côte d'Ivoire,PMO - US,Direct Drop,FCA,Air,5/5/11,7/6/11,17-Oct-11,17-Oct-11,17-Oct-11,ARV,Adult,ABBVIE LOGISTICS (FORMERLY ABBOTT LOGISTICS BV),"Lopinavir/Ritonavir 200/50mg [Aluvia], tablets, 120 Tabs",Lopinavir/Ritonavir,Aluvia,200/50mg,Tablet,120,16800,517776.0,30.82,0.26,ABBVIE Ludwigshafen Germany,Yes,4213,27376.29,854.33,27376.29,4213
65,106-HT-T01,Pre-PQ Process,SCMS-274,ASN-162,Haiti,PMO - US,Direct Drop,EXW,Air,Pre-PQ Process,Date Not Captured,18-Jan-07,18-Jan-07,18-Jan-07,HRDT,HIV test,Abbott GmbH & Co. KG,"HIV 1/2, Determine Complete HIV Kit, 100 Tests","HIV 1/2, Determine Complete HIV Kit",Determine,,Test kit,100,750,60000.0,80.0,0.8,ABBVIE GmbH & Co.KG Wiesbaden,Yes,256,1760.32,,1760.32,256
85474,109-TZ-T30,FPQ-12354,SO-45743,DN-3688,Tanzania,PMO - US,From RDC,N/A - From RDC,Truck,5/16/13,N/A - From RDC,1-Jun-14,5-Jun-14,12-Jun-14,ARV,Adult,SCMS from RDC,"Efavirenz/Lamivudine/Tenofovir Disoproxil Fumarate 600/300/300mg, tablets, 30 Tabs",Efavirenz/Lamivudine/Tenofovir Disoproxil Fumarate,Generic,600/300/300mg,Tablet - FDC,30,151208,1590708.16,10.52,0.35,Hetero Unit III Hyderabad IN,Yes,20501,13765.17,1967.71,13765.17,20501
84075,104-CI-T30,FPQ-6499,SO-37730,DN-2158,Côte d'Ivoire,PMO - US,From RDC,N/A - From RDC,Air,10/4/10,N/A - From RDC,24-Mar-11,7-Jun-11,7-Jun-11,ARV,Adult,SCMS from RDC,"Efavirenz/Emtricitabine/Tenofovir Disoproxil Fumarate 600/200/300mg, tablets, 30 Tabs",Efavirenz/Emtricitabine/Tenofovir Disoproxil Fumarate,Generic,600/200/300mg,Tablet - FDC,30,11280,224697.6,19.92,0.66,Mylan (formerly Matrix) Nashik,Yes,1264,3380.35,370.75,3380.35,1264
44373,108-VN-T30,FPQ-8428,SCMS-123520,ASN-13475,Vietnam,PMO - US,Direct Drop,EXW,Air,9/21/11,10/4/11,1-Mar-12,1-Mar-12,1-Mar-12,ARV,Adult,Aurobindo Pharma Limited,"Lamivudine 150mg, tablets, 60 Tabs",Lamivudine,Generic,150mg,Tablet,60,13000,29900.0,2.3,0.04,"Aurobindo Unit III, India",No,See ASN-13475 (ID#:15772),See ASN-13475 (ID#:15772),49.34,17392.05,10210
13205,104-CI-T30,FPQ-3885,SCMS-48630,ASN-4783,Côte d'Ivoire,PMO - US,Direct Drop,EXW,Air,6/19/09,7/9/09,15-Sep-09,15-Sep-09,15-Sep-09,HRDT,HIV test,"Orgenics, Ltd","HIV 1/2, Determine HIV Kit, without Lancets, 100 Tests","HIV 1/2, Determine HIV Kit, without Lancets",Determine,,Test kit,100,3500,245000.0,70.0,0.7,Inverness Japan,Yes,893,12858.12,480.2,12858.12,893
71386,133-NG-T30,FPQ-15504,SCMS-270771,ASN-32756,Nigeria,PMO - US,Direct Drop,EXW,Air,12/8/14,3/13/15,30-Jun-15,29-Jun-15,2-Jul-15,HRDT,HIV test,"Orgenics, Ltd","HIV 1/2, Determine Complete HIV Kit, 100 Tests","HIV 1/2, Determine Complete HIV Kit",Determine,,Test kit,100,6350,565150.0,89.0,0.89,"Alere Medical Co., Ltd.",Yes,2575,29274.16,665.18,29274.16,2575
41092,104-CI-T30,FPQ-9756,SCMS-147690,ASN-17354,Côte d'Ivoire,PMO - US,Direct Drop,EXW,Air,4/23/12,6/6/12,31-Dec-12,31-Dec-12,31-Dec-12,ARV,Pediatric,Aurobindo Pharma Limited,"Abacavir/Lamivudine 60/30mg, tablets, 60 Tabs",Abacavir/Lamivudine,Generic,60/30mg,Tablet - FDC,60,7228,33248.8,4.6,0.08,"Aurobindo Unit III, India",Yes,338,3845.67,46.61,3845.67,338
85488,113-ZW-T30,FPQ-13508,SO-47530,DN-3780,Zimbabwe,PMO - US,From RDC,N/A - From RDC,Truck,12/24/13,N/A - From RDC,30-Jul-14,11-Jul-14,4-Aug-14,ARV,Adult,SCMS from RDC,"Nevirapine 200mg, tablets, 60 Tabs",Nevirapine,Generic,200mg,Tablet,60,51747,116948.22,2.26,0.04,"Strides, Bangalore, India.",No,See DN-3780 (ID#:84944),See DN-3780 (ID#:84944),120.22,13770.65,5925
83467,114-UG-T30,FPQ-6438,SO-37680,DN-2057,Uganda,PMO - US,From RDC,N/A - From RDC,Air,9/29/10,N/A - From RDC,2-Dec-10,29-Nov-10,29-Nov-10,ARV,Adult,SCMS from RDC,"Nevirapine 200mg, tablets, 60 Tabs",Nevirapine,Generic,200mg,Tablet,60,3690,9815.4,2.66,0.04,Hetero Unit III Hyderabad IN,Yes,214,5166.39,21.16,5166.39,214
1037,123-NG-T01,Pre-PQ Process,SCMS-39640,ASN-4747,Nigeria,PMO - US,Direct Drop,CIP,Air,Pre-PQ Process,3/4/09,30-Sep-09,30-Sep-09,30-Sep-09,ARV,Adult,BRISTOL-MYERS SQUIBB,"Didanosine EC 400mg [Videx EC], delayed-release capsules, Blister 3 x 10 Caps",Didanosine EC,Videx EC,400mg,Delayed-release capsules - blister,30,200,4734.0,23.67,0.79,"BMS Meymac, France",Yes,11,463,9.28,463,11
73145,104-CI-T30,FPQ-4698,SCMS-62950,ASN-6669,Côte d'Ivoire,PMO - US,Direct Drop,EXW,Air,12/28/09,1/15/10,12-May-10,12-May-10,12-May-10,ARV,Adult,MYLAN LABORATORIES LTD (FORMERLY MATRIX LABORATORIES),"Abacavir/Lamivudine/Zidovudine 300/150/300mg, tablets, 60 Tabs",Abacavir/Lamivudine/Zidovudine,Generic,300/150/300mg,Tablet - FDC,60,4448,133440.0,30.0,0.5,Mylan (formerly Matrix) Nashik,Yes,693,5066.44,287.7,5066.44,693
12513,100-PK-T01,Pre-PQ Process,SO-2497,DN-741,Pakistan,PMO - US,From RDC,N/A - From RDC,Air,Pre-PQ Process,N/A - From RDC,20-May-08,20-May-08,20-May-08,HRDT,HIV test,SCMS from RDC,"HIV 1/2, Uni-Gold HIV Kit, 20 Tests","HIV 1/2, Uni-Gold HIV Kit",Uni-Gold,,Test kit,20,10,320.0,32.0,1.6,"Trinity Biotech, Plc",Yes,3,400.75,0.51,400.75,3
28617,104-CI-T30,FPQ-8209,SCMS-124120,ASN-12957,Côte d'Ivoire,PMO - US,Direct Drop,EXW,Air,8/11/11,10/5/11,14-Dec-11,14-Dec-11,14-Dec-11,HRDT,HIV test,"Orgenics, Ltd","HIV 1/2, Determine Complete HIV Kit, 100 Tests","HIV 1/2, Determine Complete HIV Kit",Determine,,Test kit,100,1384,110720.0,80.0,0.8,"Alere Medical Co., Ltd.",Yes,661,13740.74,182.69,13740.74,661
79109,110-ZM-T30,FPQ-10531,SCMS-158520,ASN-16853,Zambia,PMO - US,Direct Drop,EXW,Air,8/21/12,9/5/12,31-Oct-12,31-Oct-12,31-Oct-12,HRDT,HIV test,"Orgenics, Ltd","HIV 1/2, Determine Complete HIV Kit, 100 Tests","HIV 1/2, Determine Complete HIV Kit",Determine,,Test kit,100,8200,656000.0,80.0,0.8,"Alere Medical Co., Ltd.",Yes,3896,69016.63,919.71,69016.63,3896
17501,108-VN-T30,FPQ-12051,SCMS-188700,ASN-21668,Vietnam,PMO - US,Direct Drop,EXW,Air,5/3/13,5/15/13,25-Sep-13,25-Sep-13,25-Sep-13,ARV,Adult,HETERO LABS LIMITED,"Abacavir 300mg, tablets, 60 Tabs",Abacavir,Generic,300mg,Tablet,60,771,9444.75,12.25,0.2,Hetero Unit III Hyderabad IN,Yes,136,678.96,11.68,678.96,136
85529,109-TZ-T30,FPQ-13566,SO-47650,DN-3933,Tanzania,PMO - US,From RDC,N/A - From RDC,Truck,1/15/14,N/A - From RDC,3-Nov-14,17-Oct-14,7-Nov-14,ARV,Adult,SCMS from RDC,"Efavirenz/Emtricitabine/Tenofovir Disoproxil Fumarate 600/200/300mg, tablets, 30 Tabs",Efavirenz/Emtricitabine/Tenofovir Disoproxil Fumarate,Generic,600/200/300mg,Tablet - FDC,30,17851,212248.39,11.89,0.4,"Cipla, Goa, India",Yes,2117,1663.18,218.19,1663.18,2117
65132,144-BW-T30,FPQ-4207,SCMS-41840,ASN-6012,Botswana,PMO - US,Direct Drop,EXW,Air,3/10/09,3/25/09,1-Mar-10,1-Mar-10,1-Mar-10,HRDT,HIV test,Orasure Technologies Inc.,"HIV 1/2, OraQuick Advance HIV Rapid Antibody Kit, 100 Tests","HIV 1/2, OraQuick Advance HIV Rapid Antibody Kit",OraQuick,,Test kit,100,20,7000.0,350.0,3.5,"Pacific Biotech, Thailand",Yes,48,1681.44,13.72,1681.44,48
84095,100-BJ-T30,FPQ-7658,SO-39800,DN-2252,Benin,PMO - US,From RDC,N/A - From RDC,Air,5/15/11,N/A - From RDC,13-Jun-11,5-Jul-11,5-Jul-11,ARV,Adult,SCMS from RDC,"Lamivudine/Nevirapine/Stavudine 150/200/30mg, tablets, 60 Tabs",Lamivudine/Nevirapine/Stavudine,Generic,150/200/30mg,Tablet - FDC,60,14770,79462.6,5.38,0.09,"Cipla, Goa, India",Yes,2192,10829.6,131.11,10829.6,2192
41934,102-BI-T30,FPQ-13443,SCMS-223471,ASN-25595,Burundi,PMO - US,Direct Drop,EXW,Air,1/6/14,2/3/14,9-May-14,9-May-14,9-May-14,HRDT,HIV test,"Orgenics, Ltd","HIV 1/2, Determine Complete HIV Kit, 100 Tests","HIV 1/2, Determine Complete HIV Kit",Determine,,Test kit,100,1128,90240.0,80.0,0.8,"Alere Medical Co., Ltd.",Yes,462,12205.04,92.77,12205.04,462
83111,104-CI-T30,FPQ-10405,SO-43000,DN-3023,Côte d'Ivoire,PMO - US,From RDC,N/A - From RDC,Truck,7/24/12,N/A - From RDC,27-Mar-13,28-Feb-13,28-Feb-13,ARV,Pediatric,SCMS from RDC,"Abacavir/Lamivudine 60/30mg, tablets, 60 Tabs",Abacavir/Lamivudine,Generic,60/30mg,Tablet - FDC,60,5024,23110.4,4.6,0.08,"Aurobindo Unit III, India",Yes,2732,10680.14,32.4,10680.14,2732
84719,107-RW-T30,FPQ-9190,SO-41430,DN-2625,Rwanda,PMO - US,From RDC,N/A - From RDC,Air,1/27/12,N/A - From RDC,29-Jun-12,17-Apr-12,17-Apr-12,ARV,Pediatric,SCMS from RDC,"Efavirenz 200mg, capsule, 90 Caps",Efavirenz,Generic,200mg,Capsule,90,487,4207.68,8.64,0.1,"Aurobindo Unit III, India",Yes,66,585.42,5.9,585.42,66
26612,108-VN-T30,FPQ-13524,SCMS-226260,ASN-26927,Vietnam,PMO - US,Direct Drop,EXW,Air,2/6/14,3/10/14,13-Aug-14,13-Aug-14,25-Aug-14,ARV,Adult,HETERO LABS LIMITED,"Lamivudine 150mg, tablets, 60 Tabs",Lamivudine,Generic,150mg,Tablet,60,18600,34410.0,1.85,0.03,Hetero Unit III Hyderabad IN,Yes,2175,4354.8,35.37,4354.8,2175
21557,103-ZW-T30,FPQ-9905,SCMS-149110,ASN-18802,Zimbabwe,PMO - US,Direct Drop,FCA,Air,5/29/12,7/18/12,25-Apr-13,25-Apr-13,25-Apr-13,ARV,Pediatric,ABBVIE LOGISTICS (FORMERLY ABBOTT LOGISTICS BV),"Lopinavir/Ritonavir 80/20mg/ml [Kaletra], oral solution, cool, Bottle 5 x 60 ml",Lopinavir/Ritonavir,Kaletra,80/20mg/ml,Oral solution,300,846,26073.72,30.82,0.1,ABBVIE (Abbott) Logis. UK,Yes,798,9299.26,36.56,9299.26,798
12026,100-CI-T01,Pre-PQ Process,SO-283,DN-16,Côte d'Ivoire,PMO - US,From RDC,N/A - From RDC,,Pre-PQ Process,N/A - From RDC,22-Feb-07,22-Feb-07,22-Feb-07,ARV,Adult,SCMS from RDC,"Lamivudine/Zidovudine 150/300mg, tablets, 60 Tabs",Lamivudine/Zidovudine,Generic,150/300mg,Tablet - FDC,60,2770,28392.5,10.25,0.17,"Aurobindo Unit III, India",No,See DN-16 (ID#:10540),See DN-16 (ID#:10540),,2804,909
85737,109-TZ-T30,FPQ-5237,SO-37910,DN-2103,Tanzania,PMO - US,From RDC,N/A - From RDC,Truck,3/1/10,N/A - From RDC,28-Feb-11,28-Feb-11,28-Feb-11,ARV,Adult,SCMS from RDC,"Nevirapine 200mg, tablets, 60 Tabs",Nevirapine,Generic,200mg,Tablet,60,36576,94366.08,2.58,0.04,"Aurobindo Unit III, India",Yes,4145,1647,203.45,1647,4145
85634,106-HT-T30,FPQ-4469,SO-34240,DN-1530,Haiti,PMO - US,From RDC,N/A - From RDC,Air,9/23/09,N/A - From RDC,30-Nov-09,30-Nov-09,30-Nov-09,ARV,Pediatric,SCMS from RDC,"Stavudine 1mg/ml, powder for oral solution, 200 ml",Stavudine,Generic,1mg/ml,Oral solution,200,100,140.0,1.4,0.01,"Aurobindo Unit III, India",No,See DN-1530 (ID#:83964),See DN-1530 (ID#:83964),0.3,11091.78,1857
25796,108-VN-T30,FPQ-12051,SCMS-188660,ASN-22072,Vietnam,PMO - US,Direct Drop,EXW,Air,5/3/13,5/15/13,27-Nov-13,27-Nov-13,27-Nov-13,ARV,Adult,MYLAN LABORATORIES LTD (FORMERLY MATRIX LABORATORIES),"Lamivudine/Zidovudine 150/300mg, tablets, 60 Tabs",Lamivudine/Zidovudine,Generic,150/300mg,Tablet - FDC,60,23063,155675.25,6.75,0.11,Mylan (formerly Matrix) Nashik,Yes,1984,3225.12,192.57,3225.12,1984
84689,110-ZM-T30,FPQ-8383,SO-40740,DN-2476,Zambia,PMO - US,From RDC,N/A - From RDC,Truck,9/11/11,N/A - From RDC,19-Jan-12,23-Dec-11,23-Dec-11,ARV,Adult,SCMS from RDC,"Emtricitabine/Tenofovir Disoproxil Fumarate 200/300mg, tablets, 30 Tabs",Emtricitabine/Tenofovir Disoproxil Fumarate,Generic,200/300mg,Tablet - FDC,30,113925,1021907.25,8.97,0.3,Mylan (formerly Matrix) Nashik,Yes,9875,14325.71,1686.15,14325.71,9875
86081,111-MZ-T30,FPQ-13394,SO-47461,DN-3698,Mozambique,PMO - US,From RDC,N/A - From RDC,Truck,12/9/13,N/A - From RDC,16-Jul-14,25-Jul-14,5-Sep-14,ARV,Adult,SCMS from RDC,"Lamivudine/Nevirapine/Zidovudine 150/200/300mg, tablets, 60 Tabs",Lamivudine/Nevirapine/Zidovudine,Generic,150/300/200mg,Tablet - FDC,60,47108,382045.88,8.11,0.14,"Cipla, Goa, India",Yes,7041,4486.01,392.74,4486.01,7041
84604,102-UG-T30,FPQ-6403,SO-37470,DN-2056,Uganda,PMO - US,From RDC,N/A - From RDC,Air,9/16/10,N/A - From RDC,2-Dec-10,29-Nov-10,29-Nov-10,ARV,Adult,SCMS from RDC,"Efavirenz/Emtricitabine/Tenofovir Disoproxil Fumarate 600/200/300mg, tablets, 30 Tabs",Efavirenz/Emtricitabine/Tenofovir Disoproxil Fumarate,Generic,600/200/300mg,Tablet - FDC,30,2661,53007.12,19.92,0.66,Mylan (formerly Matrix) Nashik,Yes,909,5166.39,114.28,5166.39,909
71532,101-CD-T30,FPQ-13555,SCMS-241110,ASN-26614,"Congo, DRC",PMO - US,Direct Drop,EXW,Air,3/19/14,5/27/14,29-Aug-14,29-Aug-14,23-Sep-14,ARV,Pediatric,Aurobindo Pharma Limited,"Nevirapine 50mg, dispersible tablets (tablets for oral suspension), 30 Tabs",Nevirapine,Generic,50mg,Chewable/dispersible tablet,30,240,312.0,1.3,0.04,"Aurobindo Unit III, India",Yes,30,1678.57,0.32,1678.57,30
82699,109-TZ-T30,FPQ-12587,SO-46001,DN-3811,Tanzania,PMO - US,From RDC,N/A - From RDC,Truck,7/4/13,N/A - From RDC,18-Sep-14,25-Sep-14,7-Nov-14,ARV,Adult,SCMS from RDC,"Emtricitabine/Tenofovir Disoproxil Fumarate 200/300mg, tablets, 30 Tabs",Emtricitabine/Tenofovir Disoproxil Fumarate,Generic,200/300mg,Tablet - FDC,30,22002,126291.48,5.74,0.19,"Aurobindo Unit III, India",Yes,2003,10010.15,156.22,10010.15,2003
83401,113-ZW-T30,FPQ-4694,SO-35360,DN-1658,Zimbabwe,PMO - US,From RDC,N/A - From RDC,Truck,12/8/09,N/A - From RDC,30-Mar-10,12-Mar-10,12-Mar-10,ARV,Adult,SCMS from RDC,"Lamivudine/Nevirapine/Stavudine 150/200/30mg, tablets, 60 Tabs",Lamivudine/Nevirapine/Stavudine,Generic,150/200/30mg,Tablet - FDC,60,36100,220571.0,6.11,0.1,"Cipla, Goa, India",Yes,3955,13208.56,475.55,13208.56,3955
82639,102-ZW-T30,FPQ-12085,SO-45110,DN-3496,Zimbabwe,PMO - US,From RDC,N/A - From RDC,Truck,4/19/13,N/A - From RDC,31-Jan-14,10-Feb-14,19-Mar-14,ARV,Adult,SCMS from RDC,"Efavirenz/Lamivudine/Tenofovir Disoproxil Fumarate 600/300/300mg, tablets, 30 Tabs",Efavirenz/Lamivudine/Tenofovir Disoproxil Fumarate,Generic,600/300/300mg,Tablet - FDC,30,90000,946800.0,10.52,0.35,"Aurobindo Unit VII, IN",Yes,24375,15847.18,1171.19,15847.18,24375
62024,108-VN-T30,FPQ-15692,SCMS-274360,ASN-32780,Vietnam,PMO - US,Direct Drop,EXW,Air,1/28/15,2/17/15,30-Jul-15,30-Jul-15,30-Jul-15,ARV,Adult,MYLAN LABORATORIES LTD (FORMERLY MATRIX LABORATORIES),"Lamivudine/Nevirapine/Zidovudine 150/200/300mg, tablets, 60 Tabs",Lamivudine/Nevirapine/Zidovudine,Generic,150/300/200mg,Tablet - FDC,60,17584,142430.4,8.1,0.13,Mylan (formerly Matrix) Nashik,Yes,2446,4559.25,167.64,4559.25,2446
28515,161-ZA-T30,FPQ-6262,SCMS-83790,ASN-9179,South Africa,PMO - US,Direct Drop,DDP,Ocean,8/31/10,9/24/10,6-Jan-11,31-Jan-11,31-Jan-11,ARV,Pediatric,Aurobindo Pharma Limited,"Nevirapine 10mg/ml, oral suspension w/syringe, Bottle, 240 ml",Nevirapine,Generic,10mg/ml,Oral suspension,240,14065,29817.8,2.12,0.01,"Aurobindo Unit III, India",Yes,6196,1220.84,64.29,1220.84,6196
86612,110-ZM-T30,FPQ-12066,SO-45081,DN-3360,Zambia,PMO - US,From RDC,N/A - From RDC,Truck,4/19/13,N/A - From RDC,24-Jan-14,24-Jan-14,17-Mar-14,ARV,Adult,SCMS from RDC,"Efavirenz/Emtricitabine/Tenofovir Disoproxil Fumarate 600/200/300mg, tablets, 30 Tabs",Efavirenz/Emtricitabine/Tenofovir Disoproxil Fumarate,Generic,600/200/300mg,Tablet - FDC,30,177272,2180445.6,12.3,0.41,Mylan (formerly Matrix) Nashik,No,See DN-3360 (ID#:84864),See DN-3360 (ID#:84864),2697.21,30981.39,47387
59704,161-ZA-T30,FPQ-6708,SCMS-93500,ASN-9932,South Africa,PMO - US,Direct Drop,DDP,Ocean,11/26/10,12/14/10,4-Apr-11,4-Apr-11,4-Apr-11,ARV,Pediatric,Aurobindo Pharma Limited,"Nevirapine 10mg/ml, oral suspension w/syringe, Bottle, 240 ml",Nevirapine,Generic,10mg/ml,Oral suspension,240,5590,11850.8,2.12,0.01,"Aurobindo Unit III, India",Yes,2068,3961.69,19.55,3961.69,2068
11238,111-MZ-T01,Pre-PQ Process,SO-1310,DN-688,Mozambique,PMO - US,From RDC,N/A - From RDC,Air,Pre-PQ Process,N/A - From RDC,30-Jun-08,30-Jun-08,30-Jun-08,ARV,Adult,SCMS from RDC,"Lamivudine/Nevirapine/Stavudine 150/200/30mg, tablets, 60 Tabs",Lamivudine/Nevirapine/Stavudine,Generic,150/200/30mg,Tablet - FDC,60,90955,673067.0,7.4,0.12,"Cipla, Goa, India",Yes,16579,8654.7,1076.91,8654.7,16579
12256,117-ET-T01,Pre-PQ Process,SO-22030,DN-1062,Ethiopia,PMO - US,From RDC,N/A - From RDC,Air,Pre-PQ Process,N/A - From RDC,4-Mar-09,4-Mar-09,4-Mar-09,ARV,Adult,SCMS from RDC,"Lamivudine/Nevirapine/Stavudine 150/200/30mg, tablets, 60 Tabs",Lamivudine/Nevirapine/Stavudine,Generic,150/200/30mg,Tablet - FDC,60,107556,765798.72,7.12,0.12,"Cipla, Goa, India",Yes,14450,14144.68,1500.97,14144.68,14450
979,108-VN-T01,Pre-PQ Process,SCMS-31721,ASN-3454,Vietnam,PMO - US,Direct Drop,EXW,Air,Pre-PQ Process,10/21/08,16-Mar-09,16-Mar-09,16-Mar-09,ARV,Adult,Aurobindo Pharma Limited,"Lamivudine/Zidovudine 150/300mg, tablets, 60 Tabs",Lamivudine/Zidovudine,Generic,150/300mg,Tablet - FDC,60,2352,20250.72,8.61,0.14,"Aurobindo Unit III, India",Yes,211,892.5,39.69,892.5,211
44209,109-TZ-T30,FPQ-13048,SCMS-210901,ASN-24564,Tanzania,PMO - US,Direct Drop,EXW,Air,10/3/13,1/8/14,11-Apr-14,11-Apr-14,11-Apr-14,ARV,Adult,Aurobindo Pharma Limited,"Zidovudine 300mg, tablets, 60 Tabs",Zidovudine,Generic,300mg,Tablet,60,31528,171197.04,5.43,0.09,"Aurobindo Unit III, India",Yes,1899,10879.44,211.77,10879.44,1899
83124,114-UG-T30,FPQ-11143,SO-43941,DN-3069,Uganda,PMO - US,From RDC,N/A - From RDC,Air,12/13/12,N/A - From RDC,25-Apr-13,25-Apr-13,25-Apr-13,ARV,Adult,SCMS from RDC,"Nevirapine 200mg, tablets, 60 Tabs",Nevirapine,Generic,200mg,Tablet,60,8834,19964.84,2.26,0.04,"Aurobindo Unit III, India",Yes,1600,8699.8,24.7,8699.8,1600
83750,151-NG-T30,FPQ-12248,SO-45662,DN-3476,Nigeria,PMO - US,From RDC,N/A - From RDC,Air Charter,5/6/13,N/A - From RDC,17-Jan-14,10-Jan-14,16-Jan-14,ARV,Adult,SCMS from RDC,"Lamivudine/Nevirapine/Zidovudine 150/200/300mg, tablets, 60 Tabs",Lamivudine/Nevirapine/Zidovudine,Generic,150/300/200mg,Tablet - FDC,60,142000,1218360.0,8.58,0.14,"Aurobindo Unit III, India",No,See DN-3476 (ID#:83198),See DN-3476 (ID#:83198),1507.11,49199.75,38992
34593,110-ZM-T30,FPQ-8315,SCMS-120570,ASN-13035,Zambia,PMO - US,Direct Drop,EXW,Air,8/31/11,9/22/11,20-Dec-11,16-Dec-11,16-Dec-11,HRDT,HIV test,"Orgenics, Ltd","HIV 1/2, Determine Complete HIV Kit, 100 Tests","HIV 1/2, Determine Complete HIV Kit",Determine,,Test kit,100,1224,97920.0,80.0,0.8,"Alere Medical Co., Ltd.",Yes,588,11491.6,161.57,11491.6,588
61364,103-ZW-T30,FPQ-9905,SCMS-148270,ASN-16267,Zimbabwe,PMO - US,Direct Drop,EXW,Ocean,5/29/12,7/17/12,24-Oct-12,24-Oct-12,24-Oct-12,ARV,Pediatric,Aurobindo Pharma Limited,"Lopinavir/Ritonavir 100/25mg, tablets, 60 Tabs",Lopinavir/Ritonavir,Generic,100/25mg,Tablet,60,42500,341700.0,8.04,0.13,"Aurobindo Unit III, India",Yes,3868,16210.31,479.06,16210.31,3868
11062,106-HT-T01,Pre-PQ Process,SO-32760,DN-1373,Haiti,PMO - US,From RDC,N/A - From RDC,Air,Date Not Captured,N/A - From RDC,31-Jul-09,31-Jul-09,31-Jul-09,ARV,Pediatric,SCMS from RDC,"Efavirenz 50mg, capsule, 30 Caps",Efavirenz,Generic,50mg,Capsule,30,1092,2446.08,2.24,0.07,"Aurobindo Unit III, India",Yes,1585,6811.39,4.79,6811.39,1585
19348,102-ML-T30,FPQ-10104,SCMS-153790,ASN-16513,Mali,PMO - US,Direct Drop,EXW,Air,7/5/12,8/21/12,4-Oct-12,4-Oct-12,4-Oct-12,HRDT,HIV test,"Orgenics, Ltd","HIV 1/2, Clearview Complete Kit, 25 Tests","HIV 1/2, Clearview Complete Kit",Clearview,,Test kit,25,87,8265.0,95.0,3.8,Chembio Diagnostics Sys. Inc.,Yes,40,1333.4,11.59,1333.4,40
82713,111-MZ-T30,FPQ-13123,SO-47080,DN-3828,Mozambique,PMO - US,From RDC,N/A - From RDC,Truck,10/21/13,N/A - From RDC,29-Aug-14,5-Nov-14,7-Nov-14,ARV,Adult,SCMS from RDC,"Efavirenz 600mg, tablets, 30 Tabs",Efavirenz,Generic,600mg,Tablet,30,12710,40799.1,3.21,0.11,"Strides, Bangalore, India.",Yes,9511,10217.02,41.94,10217.02,9511
24366,117-ET-T30,FPQ-9098,SCMS-133590,ASN-14914,Ethiopia,PMO - US,Direct Drop,EXW,Air,1/10/12,1/23/12,18-May-12,18-May-12,18-May-12,HRDT,HIV test,"SHANGHAI KEHUA BIOENGINEERING CO.,LTD.  (KHB)","HIV 1/2, SKB Colloidal Gold, Diagnostic Kit, Antibody, 50 Tests","HIV 1/2, Colloidal Gold, Diagnostic Kit, Antibody",Colloidal Gold,,Test kit,1,1362,33369.0,24.5,24.5,"KHB Test Kit Facility, Shanghai China",Yes,970,9718.85,46.78,9718.85,970
6519,102-BW-T01,Pre-PQ Process,SCMS-45090,ASN-4215,Botswana,PMO - US,Direct Drop,EXW,Air,Pre-PQ Process,4/30/09,10-Jul-09,10-Jul-09,10-Jul-09,HRDT,HIV test,"Orgenics, Ltd","HIV 1/2, Determine HIV Kit, without Lancets, 100 Tests","HIV 1/2, Determine HIV Kit, without Lancets",Determine,,Test kit,100,1200,84000.0,70.0,0.7,Inverness Japan,Yes,274,3321.08,164.64,3321.08,274
21230,109-TZ-T30,FPQ-12286,SCMS-193860,ASN-21926,Tanzania,PMO - US,Direct Drop,EXW,Air,5/16/13,6/11/13,21-Nov-13,21-Nov-13,21-Nov-13,ARV,Adult,HETERO LABS LIMITED,"Efavirenz/Lamivudine/Tenofovir Disoproxil Fumarate 600/300/300mg, tablets, 30 Tabs",Efavirenz/Lamivudine/Tenofovir Disoproxil Fumarate,Generic,600/300/300mg,Tablet - FDC,30,200000,2100000.0,10.5,0.35,Hetero Unit III Hyderabad IN,Yes,28168,127285.48,2597.7,127285.48,28168
77737,107-RW-T30,FPQ-9270,SCMS-136330,ASN-13764,Rwanda,PMO - US,Direct Drop,EXW,Air,1/27/12,1/31/12,25-Feb-12,25-Feb-12,25-Feb-12,HRDT,HIV test,"Trinity Biotech, Plc","HIV 1/2, Uni-Gold HIV Kit, 20 Tests","HIV 1/2, Uni-Gold HIV Kit",Uni-Gold,,Test kit,20,1460,46720.0,32.0,1.6,"Trinity Biotech, Plc",Yes,613,5405.42,65.5,5405.42,613
85596,151-NG-T30,FPQ-14989,SO-49935,DN-4260,Nigeria,PMO - US,From RDC,N/A - From RDC,Air Charter,9/19/14,N/A - From RDC,30-Jun-15,28-Apr-15,29-Apr-15,ARV,Adult,SCMS from RDC,"Lamivudine/Nevirapine/Zidovudine 150/200/300mg, tablets, 60 Tabs",Lamivudine/Nevirapine/Zidovudine,Generic,150/300/200mg,Tablet - FDC,60,234519,1810486.68,7.72,0.13,"Cipla, Goa, India",Yes,51833,107573.94,1861.18,107573.94,51833
51408,133-NG-T30,FPQ-8117,SCMS-118190,ASN-12878,Nigeria,PMO - US,Direct Drop,EXW,Air,7/28/11,8/15/11,19-Dec-11,9-Dec-11,9-Dec-11,HRDT,HIV test,"Orgenics, Ltd","HIV 1/2, Determine Complete HIV Kit, 100 Tests","HIV 1/2, Determine Complete HIV Kit",Determine,,Test kit,100,2891,257299.0,89.0,0.89,"Alere Medical Co., Ltd.",Yes,1378,32667.09,424.54,32667.09,1378
47857,117-ET-T30,FPQ-9098,SCMS-133540,ASN-14233,Ethiopia,PMO - US,Direct Drop,EXW,Air,1/10/12,1/23/12,27-Mar-12,27-Mar-12,27-Mar-12,HRDT,HIV test,"CHEMBIO DIAGNOSTIC SYSTEMS, INC.","HIV 1/2, Stat-Pak HIV, Kit, 20 Tests","HIV 1/2, Stat-Pak HIV, Kit",Stat-Pak,,Test kit,20,340,9860.0,29.0,1.45,Chembio Diagnostics Sys. Inc.,Yes,151,827.88,13.82,827.88,151
10774,110-ZM-T01,Pre-PQ Process,SO-30300,DN-1250,Zambia,PMO - US,From RDC,N/A - From RDC,Truck,Pre-PQ Process,N/A - From RDC,15-Jun-09,15-Jun-09,15-Jun-09,ARV,Adult,SCMS from RDC,"Zidovudine 300mg, tablets, 60 Tabs",Zidovudine,Generic,300mg,Tablet,60,500,3855.0,7.71,0.13,"Aurobindo Unit III, India",Yes,10681,17384.76,7.56,17384.76,10681
3971,107-RW-T01,Pre-PQ Process,SCMS-290,ASN-191,Rwanda,PMO - US,Direct Drop,EXW,Air,Pre-PQ Process,12/29/06,25-Jan-07,9-Mar-07,9-Mar-07,HRDT,HIV test,"Trinity Biotech, Plc","HIV 1/2, Uni-Gold HIV Kit, 20 Tests","HIV 1/2, Uni-Gold HIV Kit",Uni-Gold,,Test kit,20,500,20000.0,40.0,2.0,"Trinity Biotech, Plc",Yes,173,17928.53,,17928.53,173
6369,106-HT-T01,Pre-PQ Process,SCMS-40030,ASN-3748,Haiti,PMO - US,Direct Drop,FCA,Air,Pre-PQ Process,3/6/09,15-Apr-09,15-Apr-09,15-Apr-09,ARV,Adult,ABBVIE LOGISTICS (FORMERLY ABBOTT LOGISTICS BV),"Lopinavir/Ritonavir 200/50mg [Aluvia], tablets, 120 Tabs",Lopinavir/Ritonavir,Aluvia,200/50mg,Tablet,120,10,411.0,41.1,0.34,ABBVIE Ludwigshafen Germany,Yes,9,807.28,0.81,807.28,9
82977,113-ZW-T30,FPQ-7052,SO-38512,DN-2343,Zimbabwe,PMO - US,From RDC,N/A - From RDC,Truck,1/19/11,N/A - From RDC,30-Sep-11,7-Oct-11,7-Oct-11,ARV,Adult,SCMS from RDC,"Lamivudine/Nevirapine/Stavudine 150/200/30mg, tablets, 60 Tabs",Lamivudine/Nevirapine/Stavudine,Generic,150/200/30mg,Tablet - FDC,60,70000,376600.0,5.38,0.09,"Strides, Bangalore, India.",Yes,5154,12956.94,621.39,12956.94,5154
10589,111-MZ-T01,Pre-PQ Process,SO-298,DN-304,Mozambique,PMO - US,From RDC,N/A - From RDC,Air,Pre-PQ Process,N/A - From RDC,21-Sep-07,21-Sep-07,21-Sep-07,ARV,Pediatric,SCMS from RDC,"Abacavir 20mg/ml, oral solution, Bottle, 240 ml",Abacavir,Generic,20mg/ml,Oral solution,240,338,7114.9,21.05,0.09,"Aurobindo Unit III, India",Yes,9006,9869.55,11.38,9869.55,9006
52617,107-RW-T30,FPQ-8932,SCMS-129870,ASN-13476,Rwanda,PMO - US,Direct Drop,EXW,Air,12/6/11,12/13/11,24-Jan-12,24-Jan-12,24-Jan-12,ARV,Adult,Aurobindo Pharma Limited,"Lamivudine/Tenofovir Disoproxil Fumarate 300/300mg, tablets, 30 Tabs",Lamivudine/Tenofovir Disoproxil Fumarate,Generic,300/300mg,Tablet - FDC,30,2800,14980.0,5.35,0.18,"Aurobindo Unit VII, IN",Yes,273,2964.49,21.0,2964.49,273
57173,104-CI-T30,FPQ-4484,SCMS-56480,ASN-5620,Côte d'Ivoire,PMO - US,Direct Drop,EXW,Air,10/29/09,11/3/09,21-Jan-10,21-Jan-10,21-Jan-10,HRDT,HIV test,"Orgenics, Ltd","HIV 1/2, Determine HIV Kit, without Lancets, 100 Tests","HIV 1/2, Determine HIV Kit, without Lancets",Determine,,Test kit,100,3500,245000.0,70.0,0.7,Inverness Japan,Yes,794,12499.27,528.22,12499.27,794
82523,104-CI-T30,FPQ-9749,SO-42371,DN-2894,Côte d'Ivoire,PMO - US,From RDC,N/A - From RDC,Truck,4/19/12,N/A - From RDC,15-Dec-12,24-Oct-12,24-Oct-12,ARV,Pediatric,SCMS from RDC,"Efavirenz 200mg, scored tablets, 90 Tabs",Efavirenz,Generic,200mg,Tablet,90,4120,30076.0,7.3,0.08,"Strides, Bangalore, India.",Yes,253,4261.03,42.17,4261.03,253
12603,114-UG-T01,Pre-PQ Process,SO-30120,DN-1369,Uganda,PMO - US,From RDC,N/A - From RDC,Air,Date Not Captured,N/A - From RDC,10-Aug-09,10-Aug-09,10-Aug-09,ARV,Adult,SCMS from RDC,"Lamivudine/Zidovudine 150/300mg, tablets, 60 Tabs",Lamivudine/Zidovudine,Generic,150/300mg,Tablet - FDC,60,2420,21199.2,8.76,0.15,Mylan (formerly Matrix) Nashik,Yes,202,1534.1,41.55,1534.1,202
82286,106-HT-T30,FPQ-4384,SO-34700,DN-1609,Haiti,PMO - US,From RDC,N/A - From RDC,Air,10/23/09,N/A - From RDC,18-Jan-10,27-Jan-10,27-Jan-10,ARV,Pediatric,SCMS from RDC,"Nevirapine 10mg/ml, oral suspension, Bottle, 240 ml",Nevirapine,Generic,10mg/ml,Oral suspension,240,3635,6979.2,1.92,0.01,"Aurobindo Unit III, India",Yes,1345,14489.1,15.05,14489.1,1345
44808,109-TZ-T30,FPQ-9622,SCMS-143750,ASN-15399,Tanzania,PMO - US,Direct Drop,EXW,Air,4/3/12,4/23/12,25-Jul-12,25-Jul-12,25-Jul-12,HRDT,HIV test,"Orgenics, Ltd","HIV 1/2, Determine Complete HIV Kit, 100 Tests","HIV 1/2, Determine Complete HIV Kit",Determine,,Test kit,100,1387,110960.0,80.0,0.8,"Alere Medical Co., Ltd.",Yes,662,12035.47,155.57,12035.47,662
85865,110-ZM-T30,FPQ-9515,SO-41950,DN-2681,Zambia,PMO - US,From RDC,N/A - From RDC,Air,4/10/12,N/A - From RDC,2-Jul-12,7-Jun-12,7-Jun-12,HRDT,HIV test,SCMS from RDC,"HIV 1/2, Determine Complete HIV Kit, 100 Tests","HIV 1/2, Determine Complete HIV Kit",Determine,,Test kit,100,5996,479680.0,80.0,0.8,"Alere Medical Co., Ltd.",Yes,1363,22171.8,672.51,22171.8,1363
86134,151-NG-T30,FPQ-13293,SO-47288,DN-3912,Nigeria,PMO - US,From RDC,N/A - From RDC,Air Charter,11/19/13,N/A - From RDC,30-Sep-14,3-Sep-14,5-Sep-14,ARV,Pediatric,SCMS from RDC,"Lamivudine/Stavudine 30/6mg, dispersible tablets, 60 Tabs",Lamivudine/Stavudine,Generic,30/6mg,Chewable/dispersible tablet - FDC,60,10383,19727.7,1.9,0.03,"Cipla, Goa, India",Yes,767,3963,20.28,3963,767
79646,109-TZ-T30,FPQ-11427,SCMS-175460,ASN-18603,Tanzania,PMO - US,Direct Drop,EXW,Air,1/15/13,2/20/13,23-Apr-13,23-Apr-13,23-Apr-13,ARV,Adult,MYLAN LABORATORIES LTD (FORMERLY MATRIX LABORATORIES),"Atazanavir/Ritonavir 300/100mg, tablets, 30 Tabs",Atazanavir/Ritonavir,Generic,300/100mg,Tablet,30,12830,288675.0,22.5,0.75,Mylan (formerly Matrix) Nashik,Yes,1710,8344.86,357.09,8344.86,1710
63802,161-ZA-T30,FPQ-6262,SCMS-84230,ASN-9616,South Africa,PMO - US,Direct Drop,DDP,Ocean,8/31/10,9/21/10,5-Apr-11,5-Apr-11,5-Apr-11,ARV,Adult,STRIDES ARCOLAB LIMITED,"Nevirapine 200mg, tablets, 60 Tabs",Nevirapine,Generic,200mg,Tablet,60,65072,186756.64,2.87,0.05,"Strides, Bangalore, India.",Yes,4194,17278.96,402.65,17278.96,4194
12300,111-MZ-T01,Pre-PQ Process,SO-26423,DN-1332,Mozambique,PMO - US,From RDC,N/A - From RDC,Truck,Date Not Captured,N/A - From RDC,27-Aug-09,27-Aug-09,27-Aug-09,ARV,Adult,SCMS from RDC,"Lamivudine/Stavudine 150/30mg, tablets, 60 Tabs",Lamivudine/Stavudine,Generic,150/30mg,Tablet - FDC,60,23100,87780.0,3.8,0.06,"Cipla, Goa, India",No,See DN-1332 (ID#:11663),See DN-1332 (ID#:11663),172.05,2400.25,2078
85426,104-CI-T30,FPQ-13217,SO-47170,DN-3456,Côte d'Ivoire,PMO - US,From RDC,N/A - From RDC,Truck,10/25/13,N/A - From RDC,7-Jan-14,14-Dec-13,20-Jan-14,ARV,Pediatric,SCMS from RDC,"Didanosine 200mg, [DON] delayed-release capsules, 30 Caps",Didanosine,Generic,200mg,Delayed-release capsules,30,1200,0.0,0.0,0.0,"Aurobindo Unit III, India",Yes,80,1532.73,0.0,1532.73,80
68508,109-TZ-T30,FPQ-4157,SCMS-52771,ASN-5076,Tanzania,PMO - US,Direct Drop,EXW,Air,8/27/09,9/3/09,15-Dec-09,15-Dec-09,15-Dec-09,HRDT,HIV test,"Standard Diagnostics, Inc.","HIV 1/2, Bioline 3.0 Kit, (no accessories), 30 Tests","HIV 1/2, Bioline 3.0 Kit (no accessories)",Bioline,,Test kit,30,20000,480000.0,24.0,0.8,"Standard Diagnostics, Korea",Yes,6223,82236.74,940.8,82236.74,6223
85804,110-ZM-T30,FPQ-7767,SO-40250,DN-2430,Zambia,PMO - US,From RDC,N/A - From RDC,Truck,7/26/11,N/A - From RDC,24-Jan-12,28-Nov-11,28-Nov-11,ARV,Adult,SCMS from RDC,"Efavirenz 600mg, tablets, 30 Tabs",Efavirenz,Generic,600mg,Tablet,30,230000,970600.0,4.22,0.14,Mylan (formerly Matrix) Nashik,Yes,18968,22168.18,1601.49,22168.18,18968
83638,106-HT-T30,FPQ-10883,SO-43610,DN-2933,Haiti,PMO - US,From RDC,N/A - From RDC,Air,10/30/12,N/A - From RDC,3-Dec-12,16-Nov-12,16-Nov-12,ARV,Adult,SCMS from RDC,"Efavirenz 600mg, tablets, 30 Tabs",Efavirenz,Generic,600mg,Tablet,30,19656,71547.84,3.64,0.12,"Aurobindo Unit III, India",Yes,1679,18028.41,88.5,18028.41,1679
15596,113-ZW-T30,FPQ-7521,SCMS-108020,ASN-13965,Zimbabwe,PMO - US,Direct Drop,EXW,Air,4/7/11,5/5/11,20-Mar-12,20-Mar-12,20-Mar-12,HRDT,HIV test,"Orgenics, Ltd","HIV 1/2, Determine Complete HIV Kit, 100 Tests","HIV 1/2, Determine Complete HIV Kit",Determine,,Test kit,100,2342,187360.0,80.0,0.8,Inverness Japan,Yes,1113,20082.38,309.14,20082.38,1113
83134,114-UG-T30,FPQ-11143,SO-43943,DN-3120,Uganda,PMO - US,From RDC,N/A - From RDC,Air,12/13/12,N/A - From RDC,30-Apr-13,9-May-13,9-May-13,ARV,Adult,SCMS from RDC,"Nevirapine 200mg, tablets, 60 Tabs",Nevirapine,Generic,200mg,Tablet,60,11490,25967.4,2.26,0.04,Hetero Unit III Hyderabad IN,Yes,722,3483.79,32.12,3483.79,722
5796,108-VN-T01,Pre-PQ Process,SCMS-23440,ASN-2335,Vietnam,PMO - US,Direct Drop,EXW,Air,Pre-PQ Process,5/13/08,20-Sep-08,20-Sep-08,20-Sep-08,ARV,Adult,MYLAN LABORATORIES LTD (FORMERLY MATRIX LABORATORIES),"Lamivudine 150mg, tablets, 60 Tabs",Lamivudine,Generic,150mg,Tablet,60,9576,24897.6,2.6,0.04,Mylan (formerly Matrix) Nashik,Yes,889,7884.8,39.84,7884.8,889
5657,114-UG-T01,Pre-PQ Process,SCMS-18900,ASN-1543,Uganda,PMO - US,Direct Drop,EXW,Air,Pre-PQ Process,3/14/08,2-Jun-08,2-Jun-08,2-Jun-08,HRDT,HIV test,"CHEMBIO DIAGNOSTIC SYSTEMS, INC.","HIV 1/2, Stat-Pak HIV, Kit, 20 Tests","HIV 1/2, Stat-Pak HIV, Kit",Stat-Pak,,Test kit,20,1275,34425.0,27.0,1.35,Chembio Diagnostics Sys. Inc.,Yes,483,4193.88,55.08,4193.88,483
84369,109-TZ-T30,FPQ-12587,SO-46006,DN-3709,Tanzania,PMO - US,From RDC,N/A - From RDC,Truck,7/4/13,N/A - From RDC,30-Jun-14,10-Jun-14,12-Jun-14,ARV,Adult,SCMS from RDC,"Emtricitabine/Tenofovir Disoproxil Fumarate 200/300mg, tablets, 30 Tabs",Emtricitabine/Tenofovir Disoproxil Fumarate,Generic,200/300mg,Tablet - FDC,30,34733,199367.42,5.74,0.19,Mylan (formerly Matrix) Nashik,Yes,2746,5989.25,246.62,5989.25,2746
50739,161-ZA-T30,FPQ-5648,SCMS-75750,ASN-9483,South Africa,PMO - US,Direct Drop,DDP,Ocean,6/2/10,6/17/10,1-Feb-11,4-Mar-11,4-Mar-11,ARV,Adult,Aurobindo Pharma Limited,"Efavirenz 600mg, tablets, 30 Tabs",Efavirenz,Generic,600mg,Tablet,30,120,541.2,4.51,0.15,"Aurobindo Unit III, India",Yes,10,19518.98,1.17,19518.98,10
86614,104-CI-T30,FPQ-12712,SO-46300,DN-3372,Côte d'Ivoire,PMO - US,From RDC,N/A - From RDC,Truck,7/30/13,N/A - From RDC,4-Nov-13,22-Oct-13,19-Nov-13,ARV,Adult,SCMS from RDC,"Abacavir/Lamivudine 600/300mg, scored tablets, 30 Tabs",Abacavir/Lamivudine,Generic,600/300mg,Tablet - FDC,30,3400,45968.0,13.52,0.45,Mylan (formerly Matrix) Nashik,Yes,247,2414.89,56.86,2414.89,247
11069,104-CI-T01,Pre-PQ Process,SO-33240,DN-1424,Côte d'Ivoire,PMO - US,From RDC,N/A - From RDC,Air,Date Not Captured,N/A - From RDC,28-Sep-09,28-Sep-09,28-Sep-09,ARV,Adult,SCMS from RDC,"Nevirapine 200mg, tablets, 60 Tabs",Nevirapine,Generic,200mg,Tablet,60,8732,25322.8,2.9,0.05,Hetero Unit III Hyderabad IN,Yes,485,7302.48,49.63,7302.48,485
86268,110-ZM-T30,FPQ-4273,SO-35830,DN-1650,Zambia,PMO - US,From RDC,N/A - From RDC,Truck,9/17/09,N/A - From RDC,15-Mar-10,5-Mar-10,5-Mar-10,ARV,Adult,SCMS from RDC,"Zidovudine 300mg, tablets, 60 Tabs",Zidovudine,Generic,300mg,Tablet,60,60683,456942.99,7.53,0.13,Hetero Unit III Hyderabad IN,Yes,3325,3379.64,895.61,3379.64,3325
57447,108-VN-T30,FPQ-13034,SCMS-210050,ASN-25327,Vietnam,PMO - US,Direct Drop,EXW,Air,10/4/13,10/7/13,15-May-14,15-May-14,14-May-14,ARV,Adult,MYLAN LABORATORIES LTD (FORMERLY MATRIX LABORATORIES),"Lamivudine/Nevirapine/Zidovudine 150/200/300mg, tablets, 60 Tabs",Lamivudine/Nevirapine/Zidovudine,Generic,150/300/200mg,Tablet - FDC,60,4980,40338.0,8.1,0.13,Mylan (formerly Matrix) Nashik,Yes,695,1377.02,49.9,1377.02,695
3479,117-ET-T01,Pre-PQ Process,SCMS-32630,ASN-3156,Ethiopia,PMO - US,Direct Drop,EXW,Air,Pre-PQ Process,10/27/08,26-Jan-09,20-Jan-09,20-Jan-09,HRDT,HIV test,"SHANGHAI KEHUA BIOENGINEERING CO.,LTD.  (KHB)","HIV 1/2, SKB Colloidal Gold, Diagnostic Kit, Antibody, 50 Tests","HIV 1/2, Colloidal Gold, Diagnostic Kit, Antibody",Colloidal Gold,,Test kit,1,3510,80730.0,23.0,23.0,"KHB Test Kit Facility, Shanghai China",Yes,2535,20083.74,158.23,20083.74,2535
84267,151-NG-T30,FPQ-11022,SO-45202,DN-3189,Nigeria,PMO - US,From RDC,N/A - From RDC,Air Charter,11/15/12,N/A - From RDC,21-May-13,29-May-13,29-May-13,ARV,Adult,SCMS from RDC,"Nevirapine 200mg, tablets, 60 Tabs",Nevirapine,Generic,200mg,Tablet,60,109238,246877.88,2.26,0.04,"Aurobindo Unit III, India",Yes,11763,20761,305.39,20761,11763
2740,102-NG-T01,Pre-PQ Process,SCMS-687,ASN-544,Nigeria,PMO - US,Direct Drop,EXW,Air,Pre-PQ Process,6/8/07,10-Jul-07,10-Jul-07,10-Jul-07,HRDT,HIV test,"CHEMBIO DIAGNOSTIC SYSTEMS, INC.","HIV 1/2, Stat-Pak HIV, Kit, 20 Tests","HIV 1/2, Stat-Pak HIV, Kit",Stat-Pak,,Test kit,20,10000,270000.0,27.0,1.35,Chembio Diagnostics Sys. Inc.,Yes,3045,28118.58,432.0,28118.58,3045
82534,104-CI-T30,FPQ-9749,SO-42373,DN-2954,Côte d'Ivoire,PMO - US,From RDC,N/A - From RDC,Truck,4/19/12,N/A - From RDC,31-Dec-12,6-Dec-12,6-Dec-12,ARV,Adult,SCMS from RDC,"Efavirenz 600mg, tablets, 30 Tabs",Efavirenz,Generic,600mg,Tablet,30,14368,52299.52,3.64,0.12,"Strides, Bangalore, India.",Yes,4409,17192.4,73.32,17192.4,4409
85234,101-CD-T30,FPQ-8840,SO-41388,DN-2529,"Congo, DRC",PMO - US,From RDC,N/A - From RDC,Air,11/21/11,N/A - From RDC,22-Mar-12,22-Mar-12,22-Mar-12,ARV,Adult,SCMS from RDC,"Lamivudine 150mg, tablets, 60 Tabs",Lamivudine,Generic,150mg,Tablet,60,73,170.09,2.33,0.04,Hetero Unit III Hyderabad IN,Yes,5,491.43,0.24,491.43,5
82656,109-TZ-T30,FPQ-12587,SO-46002,DN-3582,Tanzania,PMO - US,From RDC,N/A - From RDC,Truck,7/4/13,N/A - From RDC,30-Apr-14,2-May-14,7-May-14,ARV,Adult,SCMS from RDC,"Emtricitabine/Tenofovir Disoproxil Fumarate 200/300mg, tablets, 30 Tabs",Emtricitabine/Tenofovir Disoproxil Fumarate,Generic,200/300mg,Tablet - FDC,30,20921,122806.27,5.87,0.2,"Aurobindo Unit III, India",Yes,6692,6010.2,151.91,6010.2,6692
82368,104-CI-T30,FPQ-6144,SO-37290,DN-2108,Côte d'Ivoire,PMO - US,From RDC,N/A - From RDC,Air,8/3/10,N/A - From RDC,31-Jan-11,22-Feb-11,22-Feb-11,ARV,Adult,SCMS from RDC,"Abacavir/Lamivudine 600/300mg, scored tablets, 30 Tabs",Abacavir/Lamivudine,Generic,600/300mg,Tablet - FDC,30,2610,58725.0,22.5,0.75,Mylan (formerly Matrix) Nashik,Yes,1195,8758.37,126.61,8758.37,1195
62814,110-ZM-T30,FPQ-13084,SCMS-211060,ASN-22938,Zambia,PMO - US,Direct Drop,EXW,Air,10/11/13,10/21/13,13-Jan-14,13-Jan-14,30-Jan-14,ARV,Adult,Aurobindo Pharma Limited,"Lamivudine 150mg, tablets, 60 Tabs",Lamivudine,Generic,150mg,Tablet,60,20000,43000.0,2.15,0.04,"Aurobindo Unit III, India",Yes,980,6020.81,44.2,6020.81,980
41282,114-UG-T30,FPQ-12273,SCMS-198551,ASN-21866,Uganda,PMO - US,Direct Drop,EXW,Air,7/8/13,8/5/13,7-Nov-13,7-Nov-13,8-Nov-13,HRDT,HIV test,BIO-RAD LABORATORIES (FRANCE),"HIV, Multispot HIV-1/HIV-2 Rapid Test Kit, 50 Tests","HIV, Multispot HIV-1/HIV-2 Rapid Test Kit",Multispot,,Test kit,50,31,38750.0,1250.0,25.0,Bio-Rad Laboratories,Yes,43,1324.43,47.93,1324.43,43
19851,114-UG-T30,FPQ-12777,SCMS-202560,ASN-22984,Uganda,PMO - US,Direct Drop,EXW,Air,8/5/13,8/9/13,10-Dec-13,12-Dec-13,13-Dec-13,ARV,Pediatric,Aurobindo Pharma Limited,"Nevirapine 10mg/ml, oral suspension w/syringe, Bottle, 100 ml",Nevirapine,Generic,10mg/ml,Oral suspension,100,11310,14703.0,1.3,0.01,"Aurobindo Unit III, India",Yes,2454,10898.12,18.19,10898.12,2454
31709,104-CI-T30,FPQ-12150,SCMS-191940,ASN-20868,Côte d'Ivoire,PMO - US,Direct Drop,FCA,Air,4/29/13,6/12/13,1-Aug-13,1-Aug-13,1-Aug-13,ARV,Adult,ABBVIE LOGISTICS (FORMERLY ABBOTT LOGISTICS BV),"Ritonavir 100mg [Norvir], film coated tablets, 60 Tabs",Ritonavir,Norvir,100mg,Tablet,60,760,5206.0,6.85,0.11,ABBVIE Ludwigshafen Germany,Yes,97,1575.13,6.44,1575.13,97
52636,106-HT-T30,FPQ-12590,SCMS-210470,ASN-24370,Haiti,PMO - US,Direct Drop,EXW,Ocean,8/21/13,10/24/13,9-May-14,9-May-14,12-May-14,ARV,Pediatric,Aurobindo Pharma Limited,"Nevirapine 10mg/ml, oral suspension w/syringe, Bottle, 240 ml",Nevirapine,Generic,10mg/ml,Oral suspension,240,2040,3080.4,1.51,0.01,"Aurobindo Unit III, India",Yes,820,2214.69,3.81,2214.69,820
82445,111-MZ-T30,FPQ-8157,SO-40310,DN-2517,Mozambique,PMO - US,From RDC,N/A - From RDC,Truck,8/4/11,N/A - From RDC,15-Feb-12,8-Mar-12,8-Mar-12,ARV,Adult,SCMS from RDC,"Nevirapine 200mg, tablets, 60 Tabs",Nevirapine,Generic,200mg,Tablet,60,2870,7031.5,2.45,0.04,"Aurobindo Unit VII, IN",Yes,277,4313.33,11.6,4313.33,277
12093,111-MZ-T01,Pre-PQ Process,SO-298,DN-304,Mozambique,PMO - US,From RDC,N/A - From RDC,Air,Pre-PQ Process,N/A - From RDC,21-Sep-07,21-Sep-07,21-Sep-07,ARV,Adult,SCMS from RDC,"Lopinavir/Ritonavir 200/50mg [Aluvia], tablets, 120 Tabs",Lopinavir/Ritonavir,Aluvia,200/50mg,Tablet,120,2698,110887.8,41.1,0.34,ABBVIE Ludwigshafen Germany,No,See DN-304 (ID#:10589),See DN-304 (ID#:10589),177.42,9869.55,9006
21536,110-PK-T30,FPQ-9896,SCMS-149790,ASN-23519,Pakistan,PMO - US,Direct Drop,EXW,Air,5/18/12,7/9/12,17-Mar-14,17-Mar-14,17-Mar-14,HRDT,HIV test,INVERNESS MEDICAL INNOVATIONS HONG KONG LTD,"HIV 1/2, Determine Complete HIV Kit, 100 Tests","HIV 1/2, Determine Complete HIV Kit",Determine,,Test kit,100,4484,358720.0,80.0,0.8,"Alere Medical Co., Ltd.",Yes,1744,19489.83,502.93,19489.83,1744
14079,109-TZ-T30,FPQ-12197,SCMS-189360,ASN-21229,Tanzania,PMO - US,Direct Drop,EXW,Air,4/30/13,5/29/13,17-Sep-13,17-Sep-13,17-Sep-13,HRDT,HIV test,"Standard Diagnostics, Inc.","HIV 1/2, Determine Complete HIV Kit, 100 Tests","HIV 1/2, Determine Complete HIV Kit",Determine,,Test kit,100,2915,0.0,0.0,0.0,"Alere Medical Co., Ltd.",Yes,1208,20583.37,0.0,20583.37,1208
60168,161-ZA-T30,FPQ-5303,SCMS-68740,ASN-7868,South Africa,PMO - US,Direct Drop,DDP,Air,3/18/10,3/19/10,1-Sep-10,3-Sep-10,3-Sep-10,ARV,Adult,CIPLA LIMITED,"Tenofovir Disoproxil Fumarate 300mg, tablets, 30 Tabs",Tenofovir Disoproxil Fumarate,Generic,300mg,Tablet,30,64771,506509.22,7.82,0.26,"Cipla, Goa, India",Yes,4398,5298.03,1092.03,5298.03,4398
5634,104-CI-T01,Pre-PQ Process,SCMS-18300,ASN-3434,Côte d'Ivoire,PMO - US,Direct Drop,EXW,Air,Pre-PQ Process,3/3/08,19-Mar-09,19-Mar-09,19-Mar-09,HRDT,HIV test,"Standard Diagnostics, Inc.","HIV 1/2, Bioline 3.0 Kit, Lancets, Capillary pipets, Alcohol swabs included, 25 Tests","HIV 1/2, Bioline 3.0 Kit, Lancets, Capillary pipets, Alcohol swabs included",Bioline,,Test kit,25,659,13180.0,20.0,0.8,"Standard Diagnostics, Korea",Yes,206,2358.13,25.83,2358.13,206
9088,106-HT-T01,Pre-PQ Process,SCMS-42680,ASN-3808,Haiti,PMO - US,Direct Drop,EXW,Air,Pre-PQ Process,4/2/09,24-Apr-09,24-Apr-09,24-Apr-09,HRDT,HIV test,"Trinity Biotech, Plc","HIV 1/2, Capillus HIV Kit, 100 Tests","HIV 1/2, Capillus HIV Kit",Capillus,,Test kit,100,150,20850.0,139.0,1.39,"Trinity Biotech, Plc",Yes,105,1894.41,40.87,1894.41,105
84390,110-ZM-T30,FPQ-13692,SO-47991,DN-3822,Zambia,PMO - US,From RDC,N/A - From RDC,Truck,2/6/14,N/A - From RDC,14-Jul-14,3-Sep-14,6-Oct-14,ARV,Pediatric,SCMS from RDC,"Abacavir/Lamivudine 60/30mg, tablets, 60 Tabs",Abacavir/Lamivudine,Generic,60/30mg,Tablet - FDC,60,18027,73730.43,4.09,0.07,"Aurobindo Unit III, India",Yes,1228,1765.18,75.79,1765.18,1228
74683,109-TZ-T30,FPQ-7239,SCMS-102040,ASN-10625,Tanzania,PMO - US,Direct Drop,EXW,Air,2/25/11,3/23/11,20-Jun-11,20-Jun-11,20-Jun-11,HRDT,HIV test,"Orgenics, Ltd","HIV 1/2, Determine Complete HIV Kit, 100 Tests","HIV 1/2, Determine Complete HIV Kit",Determine,,Test kit,100,86,6880.0,80.0,0.8,Inverness Japan,Yes,40,1765.86,11.35,1765.86,40
84626,117-ET-T30,FPQ-6428,SO-37630,DN-2130,Ethiopia,PMO - US,From RDC,N/A - From RDC,Air,9/24/10,N/A - From RDC,10-Mar-11,11-Mar-11,11-Mar-11,ARV,Adult,SCMS from RDC,"Lopinavir/Ritonavir 200/50mg [Aluvia], tablets, 120 Tabs",Lopinavir/Ritonavir,Aluvia,200/50mg,Tablet,120,8000,289280.0,36.16,0.3,ABBVIE Ludwigshafen Germany,Yes,1647,3600.65,623.69,3600.65,1647
85078,112-NG-T30,FPQ-4040,SO-32982,DN-1571,Nigeria,PMO - US,From RDC,N/A - From RDC,Air Charter,7/29/09,N/A - From RDC,18-Dec-09,18-Dec-09,18-Dec-09,ARV,Adult,SCMS from RDC,"Efavirenz 600mg, tablets, 30 Tabs",Efavirenz,Generic,600mg,Tablet,30,168,971.04,5.78,0.19,"Aurobindo Unit III, India",Yes,15,11637.64,1.9,11637.64,15
630,112-NG-T01,Pre-PQ Process,SCMS-26560,ASN-2366,Nigeria,PMO - US,Direct Drop,EXW,Air,Pre-PQ Process,7/2/08,25-Feb-09,9-Sep-08,9-Sep-08,ACT,ACT,IDA FOUNDATION,"Artemether/Lumefantrine 20/120mg [Coartem], scored tablets, Blister 30 x 18 Tabs",Artemether/Lumefantrine,Coartem,20/120mg,Tablet - FDC + blister,540,34,1547.68,45.52,0.08,"Novartis Pharma AG, Switzerland",Yes,115,1755.87,2.48,1755.87,115
85651,114-UG-T30,FPQ-4325,SO-34080,DN-1631,Uganda,PMO - US,From RDC,N/A - From RDC,Truck,9/23/09,N/A - From RDC,19-Mar-10,29-Jan-10,29-Jan-10,ARV,Adult,SCMS from RDC,"Nevirapine 200mg, tablets, 60 Tabs",Nevirapine,Generic,200mg,Tablet,60,5184,15033.6,2.9,0.05,"Aurobindo Unit III, India",Yes,507,1576.8,29.47,1576.8,507
73115,111-MZ-T30,FPQ-11915,SCMS-185220,ASN-21586,Mozambique,PMO - US,Direct Drop,FCA,Air,3/20/13,5/1/13,8-Oct-13,8-Oct-13,8-Oct-13,ARV,Adult,ABBVIE LOGISTICS (FORMERLY ABBOTT LOGISTICS BV),"Ritonavir 100mg [Norvir], film coated tablets, 60 Tabs",Ritonavir,Norvir,100mg,Tablet,60,616,4219.6,6.85,0.11,ABBVIE Ludwigshafen Germany,Yes,87,1053.88,5.22,1053.88,87
58277,104-CI-T30,FPQ-5208,SCMS-75370,ASN-7631,Côte d'Ivoire,PMO - US,Direct Drop,EXW,Air,2/25/10,6/7/10,27-Aug-10,27-Aug-10,27-Aug-10,HRDT,HIV test,"Standard Diagnostics, Inc.","HIV 1/2, Bioline 3.0 Kit, (no accessories), 30 Tests","HIV 1/2, Bioline 3.0 Kit (no accessories)",Bioline,,Test kit,30,1456,34944.0,24.0,0.8,"Standard Diagnostics, Korea",Yes,486,5074.33,75.34,5074.33,486
60273,106-HT-T30,FPQ-14895,SCMS-260950,ASN-29640,Haiti,PMO - US,Direct Drop,EXW,Air,9/24/14,11/15/14,20-Jan-15,20-Jan-15,21-Jan-15,ARV,Pediatric,STRIDES ARCOLAB LIMITED,"Efavirenz 200mg, capsule, 90 Caps",Efavirenz,Generic,200mg,Capsule,90,2440,22692.0,9.3,0.1,"Strides, Bangalore, India.",Yes,163,1659.21,23.33,1659.21,163
83138,111-MZ-T30,FPQ-11884,SO-44851,DN-3146,Mozambique,PMO - US,From RDC,N/A - From RDC,Truck,3/19/13,N/A - From RDC,30-Aug-13,31-Jul-13,31-Jul-13,ARV,Adult,SCMS from RDC,"Abacavir/Lamivudine 600/300mg, scored tablets, 30 Tabs",Abacavir/Lamivudine,Generic,600/300mg,Tablet - FDC,30,3400,47464.0,13.96,0.47,Mylan (formerly Matrix) Nashik,Yes,315,1981.6,58.71,1981.6,315
56906,114-UG-T30,FPQ-12290,SCMS-192360,ASN-22588,Uganda,PMO - US,Direct Drop,EXW,Air,5/17/13,6/24/13,21-Nov-13,21-Nov-13,22-Nov-13,ARV,Adult,MYLAN LABORATORIES LTD (FORMERLY MATRIX LABORATORIES),"Atazanavir 300mg, capsules, 30 Caps",Atazanavir,Generic,300mg,Capsule,30,7035,105525.0,15.0,0.5,Mylan (formerly Matrix) Nashik,Yes,440,2242.71,130.53,2242.71,440
11755,111-MZ-T01,Pre-PQ Process,SO-298,DN-304,Mozambique,PMO - US,From RDC,N/A - From RDC,Air,Pre-PQ Process,N/A - From RDC,21-Sep-07,21-Sep-07,21-Sep-07,ARV,Adult,SCMS from RDC,"Lamivudine/Nevirapine/Zidovudine 150/200/300mg, tablets, 60 Tabs",Lamivudine/Nevirapine/Zidovudine,Generic,150/300/200mg,Tablet - FDC,60,9838,172165.0,17.5,0.29,"Aurobindo Unit III, India",No,See DN-304 (ID#:10589),See DN-304 (ID#:10589),275.46,9869.55,9006
82544,104-CI-T30,FPQ-10626,SO-43300,DN-3021,Côte d'Ivoire,PMO - US,From RDC,N/A - From RDC,Truck,9/6/12,N/A - From RDC,28-Mar-13,28-Feb-13,28-Feb-13,ARV,Adult,SCMS from RDC,"Lamivudine/Tenofovir Disoproxil Fumarate 300/300mg, tablets, 30 Tabs",Lamivudine/Tenofovir Disoproxil Fumarate,Generic,300/300mg,Tablet - FDC,30,10000,47000.0,4.7,0.16,Hetero Unit III Hyderabad IN,Yes,1387,10680.14,65.89,10680.14,1387
84838,900-SS-T30,FPQ-11637,SO-44701,DN-3259,South Sudan,PMO - US,From RDC,N/A - From RDC,Truck,2/27/13,N/A - From RDC,26-Aug-13,26-Aug-13,26-Aug-13,ARV,Adult,SCMS from RDC,"Nevirapine 200mg, tablets, 60 Tabs",Nevirapine,Generic,200mg,Tablet,60,225,508.5,2.26,0.04,Hetero Unit III Hyderabad IN,Yes,81,1641,0.63,1641,81
78715,161-ZA-T30,FPQ-7175,SCMS-103930,ASN-12290,South Africa,PMO - US,Direct Drop,DDP,Ocean,3/10/11,3/28/11,23-Nov-11,23-Nov-11,23-Nov-11,ARV,Adult,STRIDES ARCOLAB LIMITED,"Lamivudine 150mg, tablets, 60 Tabs",Lamivudine,Generic,150mg,Tablet,60,515000,1251450.0,2.43,0.04,"Strides, Bangalore, India.",Yes,23655,37401.43,2064.89,37401.43,23655
82486,900-UG-T30,FPQ-10048,SO-42580,DN-2724,Uganda,PMO - US,From RDC,N/A - From RDC,Air,6/6/12,N/A - From RDC,5-Jul-12,16-Jul-12,16-Jul-12,ARV,Adult,SCMS from RDC,"Efavirenz 600mg, tablets, 30 Tabs",Efavirenz,Generic,600mg,Tablet,30,45840,179234.4,3.91,0.13,"Strides, Bangalore, India.",Yes,5486,27321.52,251.29,27321.52,5486
66992,102-GY-T30,FPQ-4871,SCMS-63880,ASN-6085,Guyana,PMO - US,Direct Drop,EXW,Air,1/11/10,2/4/10,4-Mar-10,4-Mar-10,4-Mar-10,HRDT,HIV test,"CHEMBIO DIAGNOSTIC SYSTEMS, INC.","HIV 1/2, Stat-Pak HIV, Kit, 20 Tests","HIV 1/2, Stat-Pak HIV, Kit",Stat-Pak,,Test kit,20,20,540.0,27.0,1.35,Chembio Diagnostics Sys. Inc.,Yes,11,386.16,1.16,386.16,11
3154,102-BW-T01,Pre-PQ Process,SCMS-22770,ASN-2234,Botswana,PMO - US,Direct Drop,EXW,Air,Pre-PQ Process,4/28/08,20-Jan-09,3-Sep-08,3-Sep-08,HRDT,HIV test,"Orgenics, Ltd","HIV 1/2, Determine HIV Kit, without Lancets, 100 Tests","HIV 1/2, Determine HIV Kit, without Lancets",Determine,,Test kit,100,100,7199.0,71.99,0.72,Inverness Japan,Yes,25,1038.39,11.52,1038.39,25
74610,108-VN-T30,FPQ-7898,SCMS-113670,ASN-12274,Vietnam,PMO - US,Direct Drop,EXW,Air,6/27/11,7/8/11,24-Oct-11,24-Oct-11,24-Oct-11,ARV,Adult,HETERO LABS LIMITED,"Lamivudine/Zidovudine 150/300mg, tablets, 60 Tabs",Lamivudine/Zidovudine,Generic,150/300mg,Tablet - FDC,60,11755,96391.0,8.2,0.14,Hetero Unit III Hyderabad IN,Yes,1083,9046.76,159.05,9046.76,1083
53591,117-ET-T30,FPQ-9098,SCMS-133510,ASN-14558,Ethiopia,PMO - US,Direct Drop,EXW,Air,1/10/12,1/23/12,25-Apr-12,25-Apr-12,25-Apr-12,HRDT,HIV test,"Trinity Biotech, Plc","HIV 1/2, Uni-Gold HIV Kit, 20 Tests","HIV 1/2, Uni-Gold HIV Kit",Uni-Gold,,Test kit,20,165,5280.0,32.0,1.6,"Trinity Biotech, Plc",Yes,138,794.72,7.4,794.72,138
11234,106-HT-T01,Pre-PQ Process,SO-2046,DN-685,Haiti,PMO - US,From RDC,N/A - From RDC,Air,Pre-PQ Process,N/A - From RDC,31-Mar-08,31-Mar-08,31-Mar-08,ARV,Adult,SCMS from RDC,"Efavirenz 600mg, tablets, 30 Tabs",Efavirenz,Generic,600mg,Tablet,30,19740,237077.4,12.01,0.4,"Aurobindo Unit III, India",Yes,2941,31051.3,379.32,31051.3,2941
2539,104-CI-T01,Pre-PQ Process,SCMS-44120,ASN-4289,Côte d'Ivoire,PMO - US,Direct Drop,EXW,Air,Pre-PQ Process,4/15/09,10-Jun-09,15-Jul-09,15-Jul-09,HRDT,HIV test,BIO-RAD LABORATORIES (FRANCE),"#108853** HIV, Genie II HIV-1/HIV-2 Kit, 40 Tests","HIV, Genie II HIV-1/HIV-2 Kit",Genie,,Test kit,40,1000,110000.0,110.0,2.75,Bio-Rad Laboratories,Yes,1073,8114.11,215.6,8114.11,1073
84817,109-TZ-T30,FPQ-12015,SO-44981,DN-3155,Tanzania,PMO - US,From RDC,N/A - From RDC,Truck,4/2/13,N/A - From RDC,23-Aug-13,14-May-13,14-May-13,ARV,Pediatric,SCMS from RDC,"Lamivudine/Nevirapine/Stavudine 60/100/12mg, dispersible tablets, 60 Tabs",Lamivudine/Nevirapine/Stavudine,Generic,60/100/12mg,Chewable/dispersible tablet - FDC,60,12106,52055.8,4.3,0.07,"Cipla, Goa, India",No,See DN-3155 (ID#:84260),See DN-3155 (ID#:84260),64.39,3592.8,2461
86354,104-CI-T30,FPQ-5925,SO-37650,DN-2061,Côte d'Ivoire,PMO - US,From RDC,N/A - From RDC,Truck,6/23/10,N/A - From RDC,30-Nov-10,22-Dec-10,22-Dec-10,ARV,Adult,SCMS from RDC,"Nevirapine 200mg, tablets, 60 Tabs",Nevirapine,Generic,200mg,Tablet,60,100425,267130.5,2.66,0.04,"Strides, Bangalore, India.",Yes,6880,7826.75,575.93,7826.75,6880
20462,104-CI-T30,FPQ-5209,SCMS-75381,ASN-7842,Côte d'Ivoire,PMO - US,Direct Drop,EXW,Air,2/25/10,6/7/10,8-Sep-10,8-Sep-10,8-Sep-10,HRDT,HIV test,"Orgenics, Ltd","HIV 1/2, Determine HIV Kit, without Lancets, 100 Tests","HIV 1/2, Determine HIV Kit, without Lancets",Determine,,Test kit,100,3000,233100.0,77.7,0.78,Inverness Japan,Yes,680,11463.46,502.56,11463.46,680
45505,900-SS-T30,FPQ-10504,SCMS-157870,ASN-16323,South Sudan,PMO - US,Direct Drop,EXW,Air,8/15/12,8/21/12,18-Oct-12,18-Oct-12,18-Oct-12,HRDT,HIV test,"Trinity Biotech, Plc","HIV 1/2, Uni-Gold HIV Kit, 20 Tests","HIV 1/2, Uni-Gold HIV Kit",Uni-Gold,,Test kit,20,47,1504.0,32.0,1.6,"Trinity Biotech, Plc",Yes,15,870.22,2.11,870.22,15
57055,133-NG-T30,FPQ-12812,SCMS-210351,ASN-23946,Nigeria,PMO - US,Direct Drop,EXW,Air,8/13/13,11/1/13,18-Feb-14,18-Feb-14,19-Mar-14,HRDT,HIV test,"Orgenics, Ltd","HIV 1/2, Determine Complete HIV Kit, 100 Tests","HIV 1/2, Determine Complete HIV Kit",Determine,,Test kit,100,10798,961022.0,89.0,0.89,"Alere Medical Co., Ltd.",Yes,4388,66059.65,1188.78,66059.65,4388
38368,161-ZA-T30,FPQ-5303,SCMS-68950,ASN-7080,South Africa,PMO - US,Direct Drop,DDP,Air,3/18/10,3/19/10,9-Jun-10,7-Jul-10,7-Jul-10,ARV,Adult,Aurobindo Pharma Limited,"Nevirapine 200mg, tablets, 60 Tabs",Nevirapine,Generic,200mg,Tablet,60,38400,112128.0,2.92,0.05,"Aurobindo Unit III, India",Yes,4528,6369.79,241.75,6369.79,4528
46156,109-TZ-T30,FPQ-9211,SCMS-136930,ASN-14645,Tanzania,PMO - US,Direct Drop,EXW,Air,1/25/12,2/17/12,25-May-12,25-May-12,25-May-12,HRDT,HIV test,"Orgenics, Ltd","HIV 1/2, Determine Complete HIV Kit, 100 Tests","HIV 1/2, Determine Complete HIV Kit",Determine,,Test kit,100,2926,234080.0,80.0,0.8,"Alere Medical Co., Ltd.",Yes,1394,24596.33,328.18,24596.33,1394
82567,900-SS-T30,FPQ-11272,SO-44101,DN-3100,South Sudan,PMO - US,From RDC,N/A - From RDC,Air,12/17/12,N/A - From RDC,30-Apr-13,26-Apr-13,26-Apr-13,ARV,Adult,SCMS from RDC,"Zidovudine 300mg, tablets, 60 Tabs",Zidovudine,Generic,300mg,Tablet,60,4560,30825.6,6.76,0.11,"Aurobindo Unit III, India",Yes,230,1740.47,38.13,1740.47,230
3615,108-VN-T01,Pre-PQ Process,SCMS-37210,ASN-3631,Vietnam,PMO - US,Direct Drop,EXW,Air,Pre-PQ Process,1/16/09,11-Apr-09,11-Apr-09,11-Apr-09,ARV,Adult,MYLAN LABORATORIES LTD (FORMERLY MATRIX LABORATORIES),"Zidovudine 300mg, tablets, 60 Tabs",Zidovudine,Generic,300mg,Tablet,60,336,2520.0,7.5,0.12,Mylan (formerly Matrix) Nashik,Yes,18,2525.73,4.94,2525.73,18
7467,117-ET-T01,Pre-PQ Process,SCMS-32630,ASN-3154,Ethiopia,PMO - US,Direct Drop,EXW,Air,Pre-PQ Process,10/27/08,26-Jan-09,26-Jan-09,26-Jan-09,HRDT,HIV test,"SHANGHAI KEHUA BIOENGINEERING CO.,LTD.  (KHB)","HIV 1/2, SKB Colloidal Gold, Diagnostic Kit, Antibody, 50 Tests","HIV 1/2, Colloidal Gold, Diagnostic Kit, Antibody",Colloidal Gold,,Test kit,1,3510,80730.0,23.0,23.0,"KHB Test Kit Facility, Shanghai China",Yes,2535,20083.74,158.23,20083.74,2535
18881,102-BW-T30,FPQ-6645,SCMS-92610,ASN-9635,Botswana,PMO - US,Direct Drop,EXW,Air,11/11/10,12/2/10,16-Mar-11,16-Mar-11,16-Mar-11,HRDT,HIV test,"Trinity Biotech, Plc","HIV 1/2, Uni-Gold HIV Kit, 20 Tests","HIV 1/2, Uni-Gold HIV Kit",Uni-Gold,,Test kit,20,50,1600.0,32.0,1.6,"Trinity Biotech, Plc",Yes,17,617.79,2.64,617.79,17
5713,104-CI-T01,Pre-PQ Process,SCMS-21270,ASN-1669,Côte d'Ivoire,PMO - US,Direct Drop,EXW,Air,Pre-PQ Process,4/7/08,9-May-08,9-May-08,9-May-08,HRDT,HIV test,"Orgenics, Ltd","HIV 1/2, Determine HIV Kit, without Lancets, 100 Tests","HIV 1/2, Determine HIV Kit, without Lancets",Determine,,Test kit,100,250,17997.5,71.99,0.72,Inverness Japan,Yes,57,1796.68,28.8,1796.68,57
51380,117-ET-T30,FPQ-9209,SCMS-134730,ASN-14232,Ethiopia,PMO - US,Direct Drop,EXW,Air,1/18/12,1/23/12,2-Apr-12,2-Apr-12,2-Apr-12,HRDT,HIV test,"SHANGHAI KEHUA BIOENGINEERING CO.,LTD.  (KHB)","HIV 1/2, SKB Colloidal Gold, Diagnostic Kit, Antibody, 50 Tests","HIV 1/2, Colloidal Gold, Diagnostic Kit, Antibody",Colloidal Gold,,Test kit,1,1100,26950.0,24.5,24.5,"KHB Test Kit Facility, Shanghai China",Yes,780,7655.99,37.78,7655.99,780
86701,114-UG-T30,FPQ-14396,SO-48991,DN-3880,Uganda,PMO - US,From RDC,N/A - From RDC,Truck,6/4/14,N/A - From RDC,28-Nov-14,22-Aug-14,26-Aug-14,ARV,Adult,SCMS from RDC,"Lopinavir/Ritonavir 200/50mg [Aluvia], tablets, 120 Tabs",Lopinavir/Ritonavir,Aluvia,200/50mg,Tablet,120,5337,100869.3,18.9,0.16,ABBVIE Ludwigshafen Germany,Yes,1089,3730.8,103.69,3730.8,1089
15149,108-VN-T30,FPQ-6818,SCMS-97850,ASN-11024,Vietnam,PMO - US,Direct Drop,EXW,Air,1/17/11,2/15/11,22-Jun-11,22-Jun-11,22-Jun-11,ARV,Adult,MYLAN LABORATORIES LTD (FORMERLY MATRIX LABORATORIES),"Lamivudine 150mg, tablets, 60 Tabs",Lamivudine,Generic,150mg,Tablet,60,20000,40000.0,2.0,0.03,Mylan (formerly Matrix) Nashik,Yes,2806,18207.5,66.0,18207.5,2806
10799,114-UG-T01,Pre-PQ Process,SO-33400,DN-1480,Uganda,PMO - US,From RDC,N/A - From RDC,Truck,Date Not Captured,N/A - From RDC,12-Oct-09,12-Oct-09,12-Oct-09,ARV,Adult,SCMS from RDC,"Lamivudine/Nevirapine/Zidovudine 150/200/300mg, tablets, 60 Tabs",Lamivudine/Nevirapine/Zidovudine,Generic,150/300/200mg,Tablet - FDC,60,14066,159649.1,11.35,0.19,"Aurobindo Unit III, India",Yes,1593,9547.7,312.91,9547.7,1593
12021,117-ET-T01,Pre-PQ Process,SO-34580,DN-1610,Ethiopia,PMO - US,From RDC,N/A - From RDC,Air,Date Not Captured,N/A - From RDC,13-Jan-10,13-Jan-10,13-Jan-10,ARV,Adult,SCMS from RDC,"Nevirapine 200mg, tablets, 60 Tabs",Nevirapine,Generic,200mg,Tablet,60,25540,74066.0,2.9,0.05,"Aurobindo Unit III, India",Yes,2031,6774.59,159.69,6774.59,2031
73314,111-MZ-T30,FPQ-8527,SCMS-130160,ASN-13819,Mozambique,PMO - US,Direct Drop,EXW,Air,10/5/11,12/29/11,2-May-12,2-May-12,2-May-12,HRDT,HIV test,"Orgenics, Ltd","HIV 1/2, Determine Complete HIV Kit, 100 Tests","HIV 1/2, Determine Complete HIV Kit",Determine,,Test kit,100,2891,231280.0,80.0,0.8,"Alere Medical Co., Ltd.",Yes,1378,25607.44,381.61,25607.44,1378
84736,110-ZM-T30,FPQ-9081,SO-41282,DN-2748,Zambia,PMO - US,From RDC,N/A - From RDC,Truck,12/22/11,N/A - From RDC,31-Jul-12,30-Jul-12,30-Jul-12,ARV,Adult,SCMS from RDC,"Nevirapine 200mg, tablets, 60 Tabs",Nevirapine,Generic,200mg,Tablet,60,16947,41011.74,2.42,0.04,Mylan (formerly Matrix) Nashik,Yes,1956,8709,57.5,8709,1956
36083,114-UG-T30,FPQ-13655,SCMS-226131,ASN-27538,Uganda,PMO - US,Direct Drop,EXW,Air,2/4/14,4/10/14,22-Aug-14,22-Aug-14,27-Aug-14,HRDT,HIV test,BIO-RAD LABORATORIES (FRANCE),"HIV, Multispot HIV-1/HIV-2 Rapid Test Kit, 50 Tests","HIV, Multispot HIV-1/HIV-2 Rapid Test Kit",Multispot,,Test kit,50,45,55913.85,1242.53,24.85,Bio-Rad Laboratories,Yes,68,1305.28,57.48,1305.28,68
84006,114-UG-T30,FPQ-5239,SO-36151,DN-1841,Uganda,PMO - US,From RDC,N/A - From RDC,Air,3/2/10,N/A - From RDC,9-Jun-10,25-May-10,25-May-10,ARV,Adult,SCMS from RDC,"Lamivudine/Nevirapine/Zidovudine 150/200/300mg, tablets, 60 Tabs",Lamivudine/Nevirapine/Zidovudine,Generic,150/300/200mg,Tablet - FDC,60,4782,53654.04,11.22,0.19,Mylan (formerly Matrix) Nashik,Yes,617,8676.9,115.68,8676.9,617
86470,102-LY-T30,FPQ-9665,SO-41910,DN-2642,Libya,PMO - US,From RDC,N/A - From RDC,Air,4/4/12,N/A - From RDC,23-May-12,8-May-12,8-May-12,ARV,Adult,SCMS from RDC,"Efavirenz 600mg, tablets, 30 Tabs",Efavirenz,Generic,600mg,Tablet,30,6667,26067.97,3.91,0.13,"Strides, Bangalore, India.",Yes,406,3062.18,36.55,3062.18,406
85841,107-RW-T30,FPQ-9190,SO-41420,DN-2585,Rwanda,PMO - US,From RDC,N/A - From RDC,Air,1/27/12,N/A - From RDC,12-Mar-12,28-Feb-12,28-Feb-12,ARV,Pediatric,SCMS from RDC,"Efavirenz 200mg, capsule, 90 Caps",Efavirenz,Generic,200mg,Capsule,90,2520,21772.8,8.64,0.1,"Aurobindo Unit III, India",Yes,318,2716.08,30.53,2716.08,318
12840,117-ET-T01,Pre-PQ Process,SO-14230,DN-907,Ethiopia,PMO - US,From RDC,N/A - From RDC,Truck,Pre-PQ Process,N/A - From RDC,16-Sep-08,16-Sep-08,16-Sep-08,ARV,Adult,SCMS from RDC,"Indinavir 400mg [Crixivan], capsules, 180 Caps",Indinavir,Crixivan,400mg,Capsule,180,50,2500.0,50.0,0.28,"MSD, Haarlem, NL",No,See DN-907 (ID#:12839),See DN-907 (ID#:12839),4.0,505,25
83968,151-NG-T30,FPQ-4105,SO-33140,DN-1562,Nigeria,PMO - US,From RDC,N/A - From RDC,Air Charter,8/13/09,N/A - From RDC,18-Dec-09,18-Dec-09,18-Dec-09,ARV,Adult,SCMS from RDC,"Lamivudine/Nevirapine/Zidovudine 150/200/300mg, tablets, 60 Tabs",Lamivudine/Nevirapine/Zidovudine,Generic,150/300/200mg,Tablet - FDC,60,28000,317800.0,11.35,0.19,"Aurobindo Unit III, India",Yes,3239,11637.64,622.89,11637.64,3239
86774,101-CD-T30,FPQ-14576,SO-49311,DN-4107,"Congo, DRC",PMO - US,From RDC,N/A - From RDC,Air,7/14/14,N/A - From RDC,14-Apr-15,14-Apr-15,14-Apr-15,ARV,Adult,SCMS from RDC,"Efavirenz/Lamivudine/Tenofovir Disoproxil Fumarate 600/300/300mg, tablets, 30 Tabs",Efavirenz/Lamivudine/Tenofovir Disoproxil Fumarate,Generic,600/300/300mg,Tablet - FDC,30,55300,539728.0,9.76,0.33,Mylan (formerly Matrix) Nashik,Yes,6247,61201.46,554.84,61201.46,6247
83792,104-CI-T30,FPQ-13142,SO-47153,DN-3694,Côte d'Ivoire,PMO - US,From RDC,N/A - From RDC,Truck,10/22/13,N/A - From RDC,30-May-14,17-May-14,30-Jun-14,ARV,Adult,SCMS from RDC,"Lopinavir/Ritonavir 200/50mg [Aluvia], tablets, 120 Tabs",Lopinavir/Ritonavir,Aluvia,200/50mg,Tablet,120,33171,626931.9,18.9,0.16,ABBVIE Ludwigshafen Germany,Yes,7355,28647.52,644.49,28647.52,7355
65381,103-ZW-T30,FPQ-9905,SCMS-149110,ASN-18803,Zimbabwe,PMO - US,Direct Drop,FCA,Air,5/29/12,7/18/12,25-Apr-13,25-Apr-13,25-Apr-13,ARV,Pediatric,ABBVIE LOGISTICS (FORMERLY ABBOTT LOGISTICS BV),"Lopinavir/Ritonavir 80/20mg/ml [Kaletra], oral solution, cool, Bottle 5 x 60 ml",Lopinavir/Ritonavir,Kaletra,80/20mg/ml,Oral solution,300,1500,46230.0,30.82,0.1,ABBVIE (Abbott) Logis. UK,Yes,1374,9299.26,64.81,9299.26,1374
76374,107-RW-T30,FPQ-12518,SCMS-198221,ASN-23125,Rwanda,PMO - US,Direct Drop,EXW,Air,6/21/13,8/12/13,14-Dec-13,14-Dec-13,14-Dec-13,HRDT,HIV test,"SHANGHAI KEHUA BIOENGINEERING CO.,LTD.  (KHB)","HIV 1/2, SKB Colloidal Gold, Diagnostic Kit, Antibody, 50 Tests","HIV 1/2, Colloidal Gold, Diagnostic Kit, Antibody",Colloidal Gold,,Test kit,1,20481,501784.5,24.5,24.5,"KHB Test Kit Facility, Shanghai China",Yes,13656,139951.34,620.71,139951.34,13656
86014,113-ZW-T30,FPQ-12260,SO-45340,DN-3405,Zimbabwe,PMO - US,From RDC,N/A - From RDC,Truck,5/6/13,N/A - From RDC,30-Nov-13,25-Nov-13,9-Dec-13,ARV,Adult,SCMS from RDC,"Efavirenz/Lamivudine/Tenofovir Disoproxil Fumarate 600/300/300mg, tablets, 30 Tabs",Efavirenz/Lamivudine/Tenofovir Disoproxil Fumarate,Generic,600/300/300mg,Tablet - FDC,30,37696,420310.4,11.15,0.37,Hetero Unit III Hyderabad IN,Yes,5093,10942.89,519.92,10942.89,5093
52383,104-CI-T30,FPQ-12136,SCMS-188320,ASN-23834,Côte d'Ivoire,PMO - US,Direct Drop,EXW,Air,4/18/13,5/21/13,31-Jan-14,31-Jan-14,3-Feb-14,HRDT,HIV test,"CHEMBIO DIAGNOSTIC SYSTEMS, INC.","HIV 1/2, Stat-Pak HIV, Kit, 20 Tests","HIV 1/2, Stat-Pak HIV, Kit",Stat-Pak,,Test kit,20,1900,55100.0,29.0,1.45,Chembio Diagnostics Sys. Inc.,Yes,763,7153.63,68.16,7153.63,763
83666,105-GY-T30,FPQ-11546,SO-44520,DN-3060,Guyana,PMO - US,From RDC,N/A - From RDC,Air,1/28/13,N/A - From RDC,18-Apr-13,15-Mar-13,15-Mar-13,ARV,Adult,SCMS from RDC,"Abacavir 300mg, tablets, 60 Tabs",Abacavir,Generic,300mg,Tablet,60,182,2358.72,12.96,0.22,Mylan (formerly Matrix) Nashik,No,See DN-3060 (ID#:83121),See DN-3060 (ID#:83121),2.92,12862.56,1283
12231,111-MZ-T01,Pre-PQ Process,SO-15080,DN-1034,Mozambique,PMO - US,From RDC,N/A - From RDC,Air,Pre-PQ Process,N/A - From RDC,21-Feb-09,21-Feb-09,21-Feb-09,ARV,Adult,SCMS from RDC,"Nevirapine 200mg, tablets, 60 Tabs",Nevirapine,Generic,200mg,Tablet,60,6,19.2,3.2,0.05,Hetero Unit III Hyderabad IN,No,See DN-1034 (ID#:10732),See DN-1034 (ID#:10732),0.04,3671.92,6036
59153,108-VN-T30,FPQ-5317,SCMS-69230,ASN-7572,Vietnam,PMO - US,Direct Drop,FCA,Air,3/22/10,3/31/10,31-Jul-10,31-Jul-10,31-Jul-10,ARV,Adult,ABBVIE LOGISTICS (FORMERLY ABBOTT LOGISTICS BV),"Lopinavir/Ritonavir 200/50mg [Aluvia], tablets, 120 Tabs",Lopinavir/Ritonavir,Aluvia,200/50mg,Tablet,120,3470,285234.0,82.2,0.68,ABBVIE Ludwigshafen Germany,Yes,862,5215.07,614.96,5215.07,862
15,108-VN-T01,Pre-PQ Process,SCMS-78,ASN-50,Vietnam,PMO - US,Direct Drop,EXW,Air,Pre-PQ Process,Date Not Captured,1-Sep-06,1-Sep-06,1-Sep-06,ARV,Adult,SUN PHARMACEUTICAL INDUSTRIES LTD (RANBAXY LABORATORIES LIMITED),"Lamivudine 150mg, tablets, 60 Tabs",Lamivudine,Generic,150mg,Tablet,60,31920,127360.8,3.99,0.07,"Ranbaxy, Paonta Shahib, India",Yes,1855,16007.06,,16007.06,1855
6450,104-CI-T01,Pre-PQ Process,SCMS-42590,ASN-4326,Côte d'Ivoire,PMO - US,Direct Drop,EXW,Air,Pre-PQ Process,5/27/09,14-Jul-09,14-Jul-09,14-Jul-09,HRDT,HIV test,"Orgenics, Ltd","HIV 1/2, Determine HIV Kit, without Lancets, 100 Tests","HIV 1/2, Determine HIV Kit, without Lancets",Determine,,Test kit,100,800,56000.0,70.0,0.7,Inverness Japan,Yes,182,3272.6,109.76,3272.6,182
64995,133-NG-T30,FPQ-12812,SCMS-210350,ASN-22879,Nigeria,PMO - US,Direct Drop,EXW,Air,8/13/13,11/1/13,23-Dec-13,10-Dec-13,16-Dec-13,HRDT,HIV test,"Orgenics, Ltd","HIV 1/2, Determine Complete HIV Kit, 100 Tests","HIV 1/2, Determine Complete HIV Kit",Determine,,Test kit,100,9330,830370.0,89.0,0.89,"Alere Medical Co., Ltd.",Yes,3787,61637.1,1027.17,61637.1,3787
29925,114-UG-T30,FPQ-12154,SCMS-188330,ASN-20238,Uganda,PMO - US,Direct Drop,EXW,Air,4/23/13,5/9/13,11-Jul-13,11-Jul-13,11-Jul-13,HRDT,HIV test,"Orgenics, Ltd","HIV 1/2, Determine Complete HIV Kit, 100 Tests","HIV 1/2, Determine Complete HIV Kit",Determine,,Test kit,100,2788,223040.0,80.0,0.8,"Alere Medical Co., Ltd.",Yes,1215,16337.03,275.9,16337.03,1215
2733,104-CI-T01,Pre-PQ Process,SCMS-593,ASN-452,Côte d'Ivoire,PMO - US,Direct Drop,EXW,Air,Pre-PQ Process,5/1/07,28-Jun-07,28-Jun-07,28-Jun-07,HRDT,HIV test,Orasure Technologies Inc.,"HIV 1/2, OraQuick Advance HIV Rapid Antibody Kit, 100 Tests","HIV 1/2, OraQuick Advance HIV Rapid Antibody Kit",OraQuick,,Test kit,100,50,20000.0,400.0,4.0,"Pacific Biotech, Thailand",Yes,120,3004.62,,3004.62,120
59973,119-NA-T30,FPQ-4856,SCMS-62721,ASN-6953,Namibia,PMO - US,Direct Drop,EXW,Air,1/7/10,1/8/10,15-Jun-10,15-Jun-10,15-Jun-10,HRDT,HIV test,"Orgenics, Ltd","HIV 1/2, Determine HIV Kit, without Lancets, 100 Tests","HIV 1/2, Determine HIV Kit, without Lancets",Determine,,Test kit,100,170,11900.0,70.0,0.7,Inverness Japan,Yes,40,2883.51,25.66,2883.51,40
19177,104-CI-T30,FPQ-12133,SCMS-188291,ASN-22377,Côte d'Ivoire,PMO - US,Direct Drop,EXW,Air,4/18/13,5/21/13,13-Nov-13,13-Nov-13,14-Nov-13,HRDT,HIV test,"Orgenics, Ltd","HIV 1/2, Determine Complete HIV Kit, 100 Tests","HIV 1/2, Determine Complete HIV Kit",Determine,,Test kit,100,4400,352000.0,80.0,0.8,"Alere Medical Co., Ltd.",Yes,1033,24728.57,435.42,24728.57,1033
27026,161-ZA-T30,FPQ-5303,SCMS-68720,ASN-7537,South Africa,PMO - US,Direct Drop,DDP,Air,3/18/10,3/19/10,19-Jul-10,29-Jul-10,29-Jul-10,ARV,Adult,CIPLA LIMITED,"Tenofovir Disoproxil Fumarate 300mg, tablets, 30 Tabs",Tenofovir Disoproxil Fumarate,Generic,300mg,Tablet,30,2016,15765.12,7.82,0.26,"Cipla, Goa, India",Yes,136,1881.24,33.99,1881.24,136
68572,109-TZ-T30,FPQ-13569,SCMS-225820,ASN-25604,Tanzania,PMO - US,Direct Drop,EXW,Air,1/21/14,2/14/14,27-May-14,27-May-14,28-May-14,ARV,Adult,MYLAN LABORATORIES LTD (FORMERLY MATRIX LABORATORIES),"Atazanavir/Ritonavir 300/100mg, tablets, 30 Tabs",Atazanavir/Ritonavir,Generic,300/100mg,Tablet,30,10565,211300.0,20.0,0.67,Mylan (formerly Matrix) Nashik,Yes,1412,6758.01,217.22,6758.01,1412
34700,133-NG-T30,FPQ-14305,SCMS-240830,ASN-27475,Nigeria,PMO - US,Direct Drop,EXW,Air,5/16/14,6/2/14,19-Aug-14,26-Aug-14,7-Sep-14,HRDT,HIV test,"Orgenics, Ltd","HIV 1/2, Determine Complete HIV Kit, 100 Tests","HIV 1/2, Determine Complete HIV Kit",Determine,,Test kit,100,6375,567375.0,89.0,0.89,"Alere Medical Co., Ltd.",Yes,3764,38029.42,583.26,38029.42,3764
27015,104-CI-T30,FPQ-10636,SCMS-162550,ASN-18558,Côte d'Ivoire,PMO - US,Direct Drop,EXW,Air,9/19/12,10/12/12,21-Mar-13,21-Mar-13,21-Mar-13,ARV,Adult,MYLAN LABORATORIES LTD (FORMERLY MATRIX LABORATORIES),"Atazanavir/Ritonavir 300/100mg, tablets, 30 Tabs",Atazanavir/Ritonavir,Generic,300/100mg,Tablet,30,1400,31500.0,22.5,0.75,Mylan (formerly Matrix) Nashik,Yes,364,4171.65,44.16,4171.65,364
52725,102-SD-T30,FPQ-6991,SCMS-100470,ASN-10241,Sudan,PMO - US,Direct Drop,EXW,Air,2/5/11,2/25/11,23-Apr-11,23-Apr-11,23-Apr-11,HRDT,HIV test,"Trinity Biotech, Plc","HIV 1/2, Uni-Gold HIV Kit, 20 Tests","HIV 1/2, Uni-Gold HIV Kit",Uni-Gold,,Test kit,20,132,4224.0,32.0,1.6,"Trinity Biotech, Plc",Yes,50,1595.38,6.97,1595.38,50
42465,161-ZA-T30,FPQ-5303,SCMS-69050,ASN-8740,South Africa,PMO - US,Direct Drop,DDP,Air,3/18/10,3/19/10,15-Dec-10,8-Dec-10,8-Dec-10,ARV,Adult,Aurobindo Pharma Limited,"Zidovudine 300mg, tablets, 60 Tabs",Zidovudine,Generic,300mg,Tablet,60,8989,66788.27,7.43,0.12,"Aurobindo Unit III, India",Yes,454,3315.24,144.0,3315.24,454
1282,108-VN-T01,Pre-PQ Process,SCMS-169,ASN-272,Vietnam,PMO - US,Direct Drop,EXW,Air,Pre-PQ Process,11/15/06,14-Mar-07,14-Mar-07,14-Mar-07,ARV,Adult,CIPLA LIMITED,"Lamivudine/Zidovudine 150/300mg, tablets, 60 Tabs",Lamivudine/Zidovudine,Generic,150/300mg,Tablet - FDC,60,25100,276100.0,11.0,0.18,"Cipla, Goa, India",Yes,2575,18772.94,,18772.94,2575
40791,108-VN-T30,FPQ-7898,SCMS-113620,ASN-13100,Vietnam,PMO - US,Direct Drop,EXW,Air,6/27/11,7/8/11,22-Dec-11,22-Dec-11,22-Dec-11,ARV,Adult,STRIDES ARCOLAB LIMITED,"Lamivudine 150mg, tablets, 60 Tabs",Lamivudine,Generic,150mg,Tablet,60,23355,54884.25,2.35,0.04,"Strides, Bangalore, India.",Yes,1073,5221.88,90.56,5221.88,1073
28306,105-SS-T30,FPQ-11754,SCMS-181401,ASN-20649,South Sudan,PMO - US,Direct Drop,EXW,Air,2/22/13,4/1/13,13-Sep-13,13-Sep-13,13-Sep-13,HRDT,HIV test,"Orgenics, Ltd","HIV 1/2, Determine Complete HIV Kit, 100 Tests","HIV 1/2, Determine Complete HIV Kit",Determine,,Test kit,100,90,8010.0,89.0,0.89,"Alere Medical Co., Ltd.",Yes,39,1405.56,9.91,1405.56,39
76270,107-RW-T30,FPQ-8263,SCMS-119640,ASN-12455,Rwanda,PMO - US,Direct Drop,EXW,Air,8/19/11,8/29/11,4-Nov-11,4-Nov-11,4-Nov-11,HRDT,HIV test,"Orgenics, Ltd","HIV 1/2, Determine HIV Kit, without Lancets, 100 Tests","HIV 1/2, Determine HIV Kit, without Lancets",Determine,,Test kit,100,2530,196581.0,77.7,0.78,Inverness Japan,Yes,575,26849.57,324.36,26849.57,575
82481,113-ZW-T30,FPQ-8464,SO-40883,DN-2693,Zimbabwe,PMO - US,From RDC,N/A - From RDC,Truck,10/4/11,N/A - From RDC,14-Aug-12,27-Jun-12,27-Jun-12,ARV,Adult,SCMS from RDC,"Lamivudine/Zidovudine 150/300mg, tablets, 60 Tabs",Lamivudine/Zidovudine,Generic,150/300mg,Tablet - FDC,60,3345,26024.1,7.78,0.13,Mylan (formerly Matrix) Nashik,Yes,7095,5530.11,42.94,5530.11,7095
38045,106-HT-T30,FPQ-14895,SCMS-258590,ASN-29615,Haiti,PMO - US,Direct Drop,EXW,Air,9/24/14,11/14/14,5-Jan-15,5-Jan-15,5-Jan-15,ARV,Pediatric,Aurobindo Pharma Limited,"Nevirapine 50mg, dispersible tablets (tablets for oral suspension), 30 Tabs",Nevirapine,Generic,50mg,Chewable/dispersible tablet,30,2118,2647.5,1.25,0.04,"Aurobindo Unit III, India",Yes,134,1987.82,2.72,1987.82,134
26466,123-NG-T30,FPQ-9201,SCMS-144320,ASN-14987,Nigeria,PMO - US,Direct Drop,EXW,Air,3/19/12,5/1/12,5-Jun-12,5-Jun-12,5-Jun-12,ANTM,Malaria,IDA FOUNDATION,"Sulfadoxine/Pyrimethamine 500/25mg, tablets, Blister 10 x 3 Tabs",Sulfadoxine/Pyrimethamine,Generic,500/25mg,Tablet - FDC + blister,30,1200,1836.0,1.53,0.05,"Micro Labs Ltd. (Brown & Burk), India",Yes,52,428.66,2.57,428.66,52
83375,114-UG-T30,FPQ-4475,SO-34160,DN-1506,Uganda,PMO - US,From RDC,N/A - From RDC,Air,9/2/09,N/A - From RDC,20-Nov-09,10-Nov-09,10-Nov-09,ARV,Adult,SCMS from RDC,"Lamivudine/Tenofovir Disoproxil Fumarate 300/300mg, tablets, 30 Tabs",Lamivudine/Tenofovir Disoproxil Fumarate,Generic,300/300mg,Tablet - FDC,30,200,2000.0,10.0,0.33,Mylan (formerly Matrix) Nashik,Yes,44,1483.39,3.92,1483.39,44
75729,133-NG-T30,FPQ-7193,SCMS-103110,ASN-11268,Nigeria,PMO - US,Direct Drop,EXW,Air,2/16/11,3/30/11,7-Jul-11,7-Jul-11,7-Jul-11,HRDT,HIV test,"Orgenics, Ltd","HIV 1/2, Determine Complete HIV Kit, 100 Tests","HIV 1/2, Determine Complete HIV Kit",Determine,,Test kit,100,2891,257299.0,89.0,0.89,Inverness Japan,Yes,1378,31201.82,424.54,31201.82,1378
82725,103-SS-T30,FPQ-14556,SO-49260,DN-3871,South Sudan,PMO - US,From RDC,N/A - From RDC,Air,7/2/14,N/A - From RDC,30-Jan-15,16-Dec-14,17-Dec-14,ARV,Pediatric,SCMS from RDC,"Lamivudine/Nevirapine/Zidovudine 30/50/60mg, [DON] dispersible tablets, 60 Tabs",Lamivudine/Nevirapine/Zidovudine,Generic,30/50/60mg,Chewable/dispersible tablet - FDC,60,6459,0.0,0.0,0.0,"Cipla, Goa, India",Yes,565,11705.87,0.0,11705.87,565
12869,113-ZW-T01,Pre-PQ Process,SO-13980,DN-972,Zimbabwe,PMO - US,From RDC,N/A - From RDC,Truck,Pre-PQ Process,N/A - From RDC,31-Oct-08,31-Oct-08,31-Oct-08,ARV,Adult,SCMS from RDC,"Lamivudine/Stavudine 150/30mg, tablets, 30 Tabs",Lamivudine/Stavudine,Generic,150/30mg,Tablet - FDC,30,8000,16000.0,2.0,0.07,"Cipla, Goa, India",Yes,483,2947.59,31.36,2947.59,483
64438,108-VN-T30,FPQ-13976,SCMS-236090,ASN-28220,Vietnam,PMO - US,Direct Drop,FCA,Air,4/8/14,4/30/14,29-Oct-14,29-Oct-14,4-Nov-14,ARV,Adult,ABBVIE LOGISTICS (FORMERLY ABBOTT LOGISTICS BV),"Lopinavir/Ritonavir 200/50mg [Aluvia], tablets, 120 Tabs",Lopinavir/Ritonavir,Aluvia,200/50mg,Tablet,120,7000,425740.0,60.82,0.51,ABBVIE Ludwigshafen Germany,Yes,1714,4881.42,437.66,4881.42,1714
83244,104-CI-T30,FPQ-11254,SO-44141,DN-3681,Côte d'Ivoire,PMO - US,From RDC,N/A - From RDC,Truck,12/14/12,N/A - From RDC,15-May-14,12-May-14,30-Jun-14,ARV,Pediatric,SCMS from RDC,"Lamivudine/Nevirapine/Zidovudine 30/50/60mg, dispersible tablets, 60 Tabs",Lamivudine/Nevirapine/Zidovudine,Generic,30/50/60mg,Chewable/dispersible tablet - FDC,60,3200,12000.0,3.75,0.06,Mylan (formerly Matrix) Nashik,Yes,166,1137.18,14.84,1137.18,166
82461,107-RW-T30,FPQ-9238,SO-41440,DN-2584,Rwanda,PMO - US,From RDC,N/A - From RDC,Air,1/26/12,N/A - From RDC,12-Mar-12,5-Mar-12,5-Mar-12,HRDT,HIV test,SCMS from RDC,"HIV 1/2, Uni-Gold HIV Kit, 20 Tests","HIV 1/2, Uni-Gold HIV Kit",Uni-Gold,,Test kit,20,1000,32000.0,32.0,1.6,"Trinity Biotech, Plc",Yes,334,3494.5,44.86,3494.5,334
10689,104-CI-T01,Pre-PQ Process,SO-2044,DN-734,Côte d'Ivoire,PMO - US,From RDC,N/A - From RDC,Air,Pre-PQ Process,N/A - From RDC,2-Jun-08,2-Jun-08,2-Jun-08,ARV,Pediatric,SCMS from RDC,"Abacavir 20mg/ml, oral solution, Bottle, 240 ml",Abacavir,Generic,20mg/ml,Oral solution,240,1664,27456.0,16.5,0.07,"Aurobindo Unit III, India",Yes,905,10451.25,43.93,10451.25,905
55518,109-TZ-T30,FPQ-9211,SCMS-136920,ASN-14274,Tanzania,PMO - US,Direct Drop,EXW,Air,1/25/12,2/17/12,8-May-12,8-May-12,8-May-12,HRDT,HIV test,"Orgenics, Ltd","HIV 1/2, Determine Complete HIV Kit, 100 Tests","HIV 1/2, Determine Complete HIV Kit",Determine,,Test kit,100,2870,229600.0,80.0,0.8,"Alere Medical Co., Ltd.",Yes,1368,24308.25,321.9,24308.25,1368
52341,105-DO-T30,FPQ-11295,SCMS-172491,ASN-20972,Dominican Republic,PMO - US,Direct Drop,EXW,Air,12/17/12,1/11/13,10-Aug-13,10-Aug-13,10-Aug-13,HRDT,HIV test,"Trinity Biotech, Plc","HIV 1/2, Uni-Gold HIV Kit, 20 Tests","HIV 1/2, Uni-Gold HIV Kit",Uni-Gold,,Test kit,20,412,13184.0,32.0,1.6,"Trinity Biotech, Plc",Yes,123,1375.8,16.31,1375.8,123
86539,104-CI-T30,FPQ-10405,SO-42970,DN-2969,Côte d'Ivoire,PMO - US,From RDC,N/A - From RDC,Air,7/24/12,N/A - From RDC,28-Feb-13,25-Jan-13,25-Jan-13,ARV,Pediatric,SCMS from RDC,"Efavirenz 200mg, scored tablets, 90 Tabs",Efavirenz,Generic,200mg,Tablet,90,4000,29200.0,7.3,0.08,"Strides, Bangalore, India.",Yes,244,3138.35,40.94,3138.35,244
10861,111-MZ-T01,Pre-PQ Process,SO-298,DN-304,Mozambique,PMO - US,From RDC,N/A - From RDC,Air,Pre-PQ Process,N/A - From RDC,21-Sep-07,21-Sep-07,21-Sep-07,ARV,Adult,SCMS from RDC,"Ritonavir 100mg [Norvir], capsules, cool, 4 x 84 Caps",Ritonavir,Norvir,100mg,Capsule,336,143,5485.48,38.36,0.11,ABBVIE (Abbott) Logis. UK,No,See DN-304 (ID#:10589),See DN-304 (ID#:10589),8.78,9869.55,9006
3097,108-VN-T01,Pre-PQ Process,SCMS-20450,ASN-1888,Vietnam,PMO - US,Direct Drop,EXW,Air,Pre-PQ Process,3/31/08,20-Jun-08,20-Jun-08,20-Jun-08,ARV,Adult,STRIDES ARCOLAB LIMITED,"Stavudine 30mg, capsules, 60 Caps",Stavudine,Generic,30mg,Capsule,60,2464,3720.64,1.51,0.03,"Strides, Bangalore, India.",Yes,114,2879.96,5.95,2879.96,114
11542,106-HT-T01,Pre-PQ Process,SO-2601,DN-788,Haiti,PMO - US,From RDC,N/A - From RDC,Air,Pre-PQ Process,N/A - From RDC,1-Jul-08,1-Jul-08,1-Jul-08,ARV,Pediatric,SCMS from RDC,"Efavirenz 200mg, capsule, 90 Caps",Efavirenz,Generic,200mg,Capsule,90,105,1680.0,16.0,0.18,"Aurobindo Unit III, India",Yes,14,1015.24,2.69,1015.24,14
82653,111-MZ-T30,FPQ-12416,SO-45890,DN-3553,Mozambique,PMO - US,From RDC,N/A - From RDC,Truck,6/28/13,N/A - From RDC,3-Jun-14,3-Jun-14,11-Jun-14,ARV,Adult,SCMS from RDC,"Abacavir 300mg, tablets, 60 Tabs",Abacavir,Generic,300mg,Tablet,60,10000,113600.0,11.36,0.19,Mylan (formerly Matrix) Nashik,Yes,3118,4768.06,140.52,4768.06,3118
12594,104-CI-T01,Pre-PQ Process,SO-31960,DN-1297,Côte d'Ivoire,PMO - US,From RDC,N/A - From RDC,Air,Pre-PQ Process,N/A - From RDC,30-Jun-09,30-Jun-09,30-Jun-09,ARV,Adult,SCMS from RDC,"Emtricitabine/Tenofovir Disoproxil Fumarate 200/300mg [Truvada], tablets, 30 Tabs",Emtricitabine/Tenofovir Disoproxil Fumarate,Truvada,300/200mg,Tablet - FDC,30,2160,56700.0,26.25,0.88,"Aspen-OSD, Port Elizabeth, SA",Yes,186,1660.07,111.13,1660.07,186
37157,111-MZ-T30,FPQ-7807,SCMS-111300,ASN-12116,Mozambique,PMO - US,Direct Drop,EXW,Air,5/31/11,6/13/11,26-Oct-11,26-Oct-11,26-Oct-11,HRDT,HIV test,"Orgenics, Ltd","HIV 1/2, Determine Complete HIV Kit, 100 Tests","HIV 1/2, Determine Complete HIV Kit",Determine,,Test kit,100,120,9600.0,80.0,0.8,Inverness Japan,Yes,55,3267.66,15.84,3267.66,55
85556,103-ZW-T30,FPQ-13967,SO-48460,DN-4114,Zimbabwe,PMO - US,From RDC,N/A - From RDC,Truck,4/2/14,N/A - From RDC,16-Feb-15,4-Feb-15,16-Feb-15,ARV,Pediatric,SCMS from RDC,"Efavirenz 200mg, capsule, 90 Caps",Efavirenz,Generic,200mg,Capsule,90,3969,17542.98,4.42,0.05,"Micro labs, Verna, Goa, India",Yes,561,251.42,18.03,251.42,561
59429,113-ZW-T30,FPQ-13670,SCMS-225850,ASN-25080,Zimbabwe,PMO - US,Direct Drop,EXW,Air,2/3/14,2/11/14,4-Apr-14,4-Apr-14,8-Apr-14,HRDT,HIV test,"Orgenics, Ltd","HIV 1/2, Determine Complete HIV Kit, 100 Tests","HIV 1/2, Determine Complete HIV Kit",Determine,,Test kit,100,8787,702960.0,80.0,0.8,"Alere Medical Co., Ltd.",Yes,3560,52462.81,722.64,52462.81,3560
1251,108-VN-T01,Pre-PQ Process,SCMS-12,ASN-91,Vietnam,PMO - US,Direct Drop,CIP,Air,Pre-PQ Process,Date Not Captured,16-Nov-06,16-Nov-06,16-Nov-06,ARV,Pediatric,BRISTOL-MYERS SQUIBB,"Didanosine 25mg [Videx], chewable tablets, 60 Tabs",Didanosine,Videx,25mg,Chewable/dispersible tablet,60,2800,19600.0,7.0,0.12,"BMS Meymac, France",Yes,555,3292.15,,3292.15,555
10535,111-MZ-T01,Pre-PQ Process,SO-321,DN-13,Mozambique,PMO - US,From RDC,N/A - From RDC,Air,Pre-PQ Process,N/A - From RDC,8-Jan-07,8-Jan-07,8-Jan-07,ARV,Adult,SCMS from RDC,"Nelfinavir (as mesilate) 250mg [Viracept], tablets, 270 Tabs",Nelfinavir (as mesilate),Viracept,250mg,Tablet,270,764,60814.4,79.6,0.29,Roche Madrid,Yes,1669,859.14,,859.14,1669
7032,108-VN-T01,Pre-PQ Process,SCMS-20490,ASN-1795,Vietnam,PMO - US,Direct Drop,EXW,Air,Pre-PQ Process,3/31/08,2-Jun-08,2-Jun-08,2-Jun-08,ARV,Pediatric,Aurobindo Pharma Limited,"Zidovudine 100mg, capsules, 100 Caps",Zidovudine,Generic,100mg,Capsule,100,630,3458.7,5.49,0.05,"Aurobindo Unit III, India",Yes,48,2729.91,5.53,2729.91,48
12172,114-UG-T01,Pre-PQ Process,SO-2342,DN-715,Uganda,PMO - US,From RDC,N/A - From RDC,Air,Pre-PQ Process,N/A - From RDC,2-Jun-08,2-Jun-08,2-Jun-08,ARV,Adult,SCMS from RDC,"Efavirenz 600mg, tablets, 30 Tabs",Efavirenz,Generic,600mg,Tablet,30,860,10328.6,12.01,0.4,"Aurobindo Unit III, India",Yes,76,675,16.53,675,76
20294,110-ZM-T30,FPQ-12662,SCMS-202390,ASN-23686,Zambia,PMO - US,Direct Drop,EXW,Air,7/22/13,8/12/13,14-Feb-14,14-Feb-14,18-Feb-14,ARV,Adult,MYLAN LABORATORIES LTD (FORMERLY MATRIX LABORATORIES),"Emtricitabine/Tenofovir Disoproxil Fumarate 200/300mg, tablets, 30 Tabs",Emtricitabine/Tenofovir Disoproxil Fumarate,Generic,200/300mg,Tablet - FDC,30,300000,1722000.0,5.74,0.19,Mylan (formerly Matrix) Nashik,Yes,24233,119474.09,2130.11,119474.09,24233
83743,104-CI-T30,FPQ-11253,SO-44180,DN-3447,Côte d'Ivoire,PMO - US,From RDC,N/A - From RDC,Truck,12/14/12,N/A - From RDC,17-Dec-13,17-Dec-13,20-Jan-14,ARV,Pediatric,SCMS from RDC,"Lamivudine/Nevirapine/Zidovudine 30/50/60mg, dispersible tablets, 60 Tabs",Lamivudine/Nevirapine/Zidovudine,Generic,30/50/60mg,Chewable/dispersible tablet - FDC,60,4200,16338.0,3.89,0.06,"Strides, Bangalore, India.",Yes,180,1965.57,20.21,1965.57,180
11236,102-GY-T01,Pre-PQ Process,SO-1004,DN-617,Guyana,PMO - US,From RDC,N/A - From RDC,,Pre-PQ Process,N/A - From RDC,21-Feb-08,21-Feb-08,21-Feb-08,HRDT,HIV test - Ancillary,SCMS from RDC,"HIV, Lancet, Safety, for HIV Test kits, 100 Pcs","HIV, Lancet, Safety, for HIV Test kits, 100 Pcs",Generic,,Test kit - Ancillary,100,152,1.52,0.01,0.0,Inverness Japan,Yes,45,798.59,0.0,798.59,45
85354,114-UG-T30,FPQ-11133,SO-43890,DN-3122,Uganda,PMO - US,From RDC,N/A - From RDC,Truck,12/13/12,N/A - From RDC,7-Jun-13,7-Jun-13,7-Jun-13,ARV,Adult,SCMS from RDC,"Efavirenz 600mg, tablets, 30 Tabs",Efavirenz,Generic,600mg,Tablet,30,24912,82956.96,3.33,0.11,"Strides, Bangalore, India.",No,See DN-3122 (ID#:82570),See DN-3122 (ID#:82570),102.62,23809.39,11337
12735,100-ZW-T01,Pre-PQ Process,SO-1150,DN-425,Zimbabwe,PMO - US,From RDC,N/A - From RDC,Air,Pre-PQ Process,N/A - From RDC,16-Nov-07,16-Nov-07,16-Nov-07,ARV,Adult,SCMS from RDC,"Lamivudine/Nevirapine/Stavudine 150/200/30mg, tablets, 60 Tabs",Lamivudine/Nevirapine/Stavudine,Generic,150/200/30mg,Tablet - FDC,60,22,162.8,7.4,0.12,"Cipla, Goa, India",No,See DN-425 (ID#:11810),See DN-425 (ID#:11810),0.26,7364.52,2262
65621,117-ET-T30,FPQ-9096,SCMS-133360,ASN-14200,Ethiopia,PMO - US,Direct Drop,EXW,Air,1/5/12,1/23/12,27-Mar-12,27-Mar-12,27-Mar-12,HRDT,HIV test,"CHEMBIO DIAGNOSTIC SYSTEMS, INC.","HIV 1/2, Stat-Pak HIV, Kit, 20 Tests","HIV 1/2, Stat-Pak HIV, Kit",Stat-Pak,,Test kit,20,44,1276.0,29.0,1.45,Chembio Diagnostics Sys. Inc.,Yes,15,529.4,1.79,529.4,15
83190,151-NG-T30,FPQ-12248,SO-47223,DN-3438,Nigeria,PMO - US,From RDC,N/A - From RDC,Air Charter,5/6/13,N/A - From RDC,18-Nov-13,26-Nov-13,5-Dec-13,ARV,Adult,SCMS from RDC,"Efavirenz/Lamivudine/Tenofovir Disoproxil Fumarate 600/300/300mg, tablets, 30 Tabs",Efavirenz/Lamivudine/Tenofovir Disoproxil Fumarate,Generic,600/300/300mg,Tablet - FDC,30,200000,2230000.0,11.15,0.37,Hetero Unit III Hyderabad IN,Yes,28992,26340,2758.51,26340,28992
83193,110-ZM-T30,FPQ-12066,SO-45070,DN-3448,Zambia,PMO - US,From RDC,N/A - From RDC,Truck,4/19/13,N/A - From RDC,25-Mar-14,25-Mar-14,2-Apr-14,ARV,Pediatric,SCMS from RDC,"Lamivudine/Nevirapine/Zidovudine 30/50/60mg, dispersible tablets, 60 Tabs",Lamivudine/Nevirapine/Zidovudine,Generic,30/50/60mg,Chewable/dispersible tablet - FDC,60,37979,147738.31,3.89,0.06,"Strides, Bangalore, India.",Yes,1628,3526.69,182.75,3526.69,1628
11013,110-ZM-T01,Pre-PQ Process,SO-2479,DN-861,Zambia,PMO - US,From RDC,N/A - From RDC,Truck,Pre-PQ Process,N/A - From RDC,20-Aug-08,20-Aug-08,20-Aug-08,ARV,Adult,SCMS from RDC,"Efavirenz 600mg, tablets, 30 Tabs",Efavirenz,Generic,600mg,Tablet,30,5000,60050.0,12.01,0.4,Mylan (formerly Matrix) Nashik,Yes,4247,8231.95,96.08,8231.95,4247
41640,105-SS-T30,FPQ-15569,SCMS-272150,ASN-31765,South Sudan,PMO - US,Direct Drop,EXW,Air,12/29/14,2/20/15,25-Jul-15,25-Jul-15,29-Jul-15,HRDT,HIV test,"Trinity Biotech, Plc","HIV 1/2, Uni-Gold HIV Kit, 20 Tests","HIV 1/2, Uni-Gold HIV Kit",Uni-Gold,,Test kit,20,450,14400.0,32.0,1.6,"Trinity Biotech, Plc",Yes,164,1871.07,16.95,1871.07,164
83424,151-NG-T30,FPQ-4537,SO-35082,DN-1804,Nigeria,PMO - US,From RDC,N/A - From RDC,Air Charter,11/6/09,N/A - From RDC,31-May-10,18-May-10,18-May-10,ARV,Adult,SCMS from RDC,"Lamivudine/Tenofovir Disoproxil Fumarate 300/300mg, tablets, 30 Tabs",Lamivudine/Tenofovir Disoproxil Fumarate,Generic,300/300mg,Tablet - FDC,30,22826,228260.0,10.0,0.33,Mylan (formerly Matrix) Nashik,Yes,2500,9736.1,492.13,9736.1,2500
39353,161-ZA-T30,FPQ-6262,SCMS-84220,ASN-9172,South Africa,PMO - US,Direct Drop,DDP,Ocean,8/31/10,9/28/10,9-Feb-11,9-Feb-11,9-Feb-11,ARV,Adult,CIPLA LIMITED,"Tenofovir Disoproxil Fumarate 300mg, tablets, 30 Tabs",Tenofovir Disoproxil Fumarate,Generic,300mg,Tablet,30,116000,815480.0,7.03,0.23,"Cipla, Goa, India",Yes,7965,13688.03,1758.17,13688.03,7965
83011,106-HT-T30,FPQ-9056,SO-41300,DN-2535,Haiti,PMO - US,From RDC,N/A - From RDC,Air,12/20/11,N/A - From RDC,2-Mar-12,12-Mar-12,12-Mar-12,ARV,Pediatric,SCMS from RDC,"Abacavir 20mg/ml, oral solution w/syringe, Bottle, 240 ml",Abacavir,Generic,20mg/ml,Oral solution,240,1470,18375.0,12.5,0.05,"Aurobindo Unit III, India",Yes,9635,95269.39,25.76,95269.39,9635
71323,127-KE-T30,FPQ-8155,SCMS-119190,ASN-12469,Kenya,PMO - US,Direct Drop,EXW,Air,8/5/11,8/28/11,4-Nov-11,4-Nov-11,4-Nov-11,HRDT,HIV test,"Orgenics, Ltd","HIV 1/2, Determine Complete HIV Kit, 100 Tests","HIV 1/2, Determine Complete HIV Kit",Determine,,Test kit,100,7238,644182.0,89.0,0.89,"Alere Medical Co., Ltd.",Yes,1246,13336.64,1062.9,13336.64,1246
83830,107-RW-T30,FPQ-13812,SO-48150,DN-3845,Rwanda,PMO - US,From RDC,N/A - From RDC,Truck,3/4/14,N/A - From RDC,16-Sep-14,1-Aug-14,22-Aug-14,ARV,Adult,SCMS from RDC,"Tenofovir Disoproxil Fumarate 300mg, tablets, 30 Tabs",Tenofovir Disoproxil Fumarate,Generic,300mg,Tablet,30,715,2888.6,4.04,0.13,Mylan (formerly Matrix) Nashik,Yes,44,1171.2,2.97,1171.2,44
49214,107-RW-T30,FPQ-3859,SCMS-48940,ASN-6569,Rwanda,PMO - US,Direct Drop,CIP,Air,6/30/09,7/16/09,9-Apr-10,9-Apr-10,9-Apr-10,ARV,Adult,HETERO LABS LIMITED,"Nevirapine 200mg, tablets, 60 Tabs",Nevirapine,Generic,200mg,Tablet,60,60300,186327.0,3.09,0.05,Hetero Unit III Hyderabad IN,Yes,3539,16769.43,365.2,16769.43,3539
49386,161-ZA-T30,FPQ-7175,SCMS-104020,ASN-10875,South Africa,PMO - US,Direct Drop,DDP,Ocean,3/10/11,3/28/11,14-Jul-11,14-Jul-11,14-Jul-11,ARV,Adult,CIPLA LIMITED,"Tenofovir Disoproxil Fumarate 300mg, tablets, 30 Tabs",Tenofovir Disoproxil Fumarate,Generic,300mg,Tablet,30,54008,349431.76,6.47,0.22,"Cipla, Goa, India",Yes,3658,12796.59,576.56,12796.59,3658
10633,111-MZ-T01,Pre-PQ Process,SO-1038,DN-426,Mozambique,PMO - US,From RDC,N/A - From RDC,Air,Pre-PQ Process,N/A - From RDC,29-Nov-07,29-Nov-07,29-Nov-07,ARV,Adult,SCMS from RDC,"Lamivudine/Zidovudine 150/300mg, tablets, 60 Tabs",Lamivudine/Zidovudine,Generic,150/300mg,Tablet - FDC,60,10044,95418.0,9.5,0.16,"Cipla, Goa, India",Yes,7341,10879.28,152.67,10879.28,7341
37925,161-ZA-T30,FPQ-5303,SCMS-68910,ASN-7468,South Africa,PMO - US,Direct Drop,DDP,Air,3/18/10,3/19/10,24-Aug-10,4-Aug-10,4-Aug-10,ARV,Adult,Aurobindo Pharma Limited,"Efavirenz 600mg, tablets, 30 Tabs",Efavirenz,Generic,600mg,Tablet,30,25190,117637.3,4.67,0.16,"Aurobindo Unit III, India",Yes,2131,5886.9,253.63,5886.9,2131
12836,111-MZ-T01,Pre-PQ Process,SO-15080,DN-1034,Mozambique,PMO - US,From RDC,N/A - From RDC,Air,Pre-PQ Process,N/A - From RDC,21-Feb-09,21-Feb-09,21-Feb-09,ARV,Adult,SCMS from RDC,"Indinavir 400mg [Crixivan], capsules, 180 Caps",Indinavir,Crixivan,400mg,Capsule,180,252,12600.0,50.0,0.28,"MSD, Haarlem, NL",No,See DN-1034 (ID#:10732),See DN-1034 (ID#:10732),24.7,3671.92,6036
12279,106-HT-T01,Pre-PQ Process,SO-24841,DN-1219,Haiti,PMO - US,From RDC,N/A - From RDC,Air,Pre-PQ Process,N/A - From RDC,22-May-09,22-May-09,22-May-09,ARV,Adult,SCMS from RDC,"Efavirenz 600mg, tablets, 30 Tabs",Efavirenz,Generic,600mg,Tablet,30,7323,71179.56,9.72,0.32,"Aurobindo Unit III, India",Yes,631,7584.12,139.51,7584.12,631
67753,109-TZ-T30,FPQ-7680,SCMS-111660,ASN-11623,Tanzania,PMO - US,Direct Drop,EXW,Air,6/6/11,6/22/11,29-Sep-11,29-Sep-11,29-Sep-11,ARV,Pediatric,EMCURE PHARMACEUTICALS LTD,"Atazanavir 150mg, capsules, 60 Caps",Atazanavir,Generic,150mg,Capsule,60,1028,22616.0,22.0,0.37,"Emcure Plot No.P-2, I.T-B.T. Park, Phase II, MIDC, Hinjwadi, Pune, India",Yes,107,1794.89,37.32,1794.89,107
12632,110-ZM-T01,Pre-PQ Process,SO-309,DN-98,Zambia,PMO - US,From RDC,N/A - From RDC,,Pre-PQ Process,N/A - From RDC,27-Apr-07,27-Apr-07,27-Apr-07,ARV,Adult,SCMS from RDC,"Nevirapine 200mg, tablets, 60 Tabs",Nevirapine,Generic,200mg,Tablet,60,43470,155187.9,3.57,0.06,"Ranbaxy, Paonta Shahib, India",Yes,4398,18137.64,,18137.64,4398
12659,104-CI-T01,Pre-PQ Process,SO-518,DN-149,Côte d'Ivoire,PMO - US,From RDC,N/A - From RDC,,Pre-PQ Process,N/A - From RDC,18-May-07,18-May-07,18-May-07,HRDT,HIV test,SCMS from RDC,"#108853** HIV, Genie II HIV-1/HIV-2 Kit, 40 Tests","HIV, Genie II HIV-1/HIV-2 Kit",Genie,,Test kit,40,160,12160.0,76.0,1.9,Bio-Rad Laboratories,Yes,173,1754,,1754,173
10636,110-ZM-T01,Pre-PQ Process,SO-1317,DN-605,Zambia,PMO - US,From RDC,N/A - From RDC,Truck,Pre-PQ Process,N/A - From RDC,21-Feb-08,21-Feb-08,21-Feb-08,ARV,Adult,SCMS from RDC,"Nevirapine 200mg, tablets, 60 Tabs",Nevirapine,Generic,200mg,Tablet,60,72333,245932.2,3.4,0.06,Hetero Unit III Hyderabad IN,Yes,4957,15220.18,393.49,15220.18,4957
84201,110-ZM-T30,FPQ-9773,SO-41990,DN-2919,Zambia,PMO - US,From RDC,N/A - From RDC,Truck,4/27/12,N/A - From RDC,17-Dec-12,17-Dec-12,17-Dec-12,ARV,Adult,SCMS from RDC,"Nevirapine 200mg, tablets, 60 Tabs",Nevirapine,Generic,200mg,Tablet,60,43676,105695.92,2.42,0.04,"Aurobindo Unit III, India",Yes,12561,25636.2,148.19,25636.2,12561
12852,110-ZM-T01,Pre-PQ Process,SO-14040,DN-905,Zambia,PMO - US,From RDC,N/A - From RDC,Air,Pre-PQ Process,N/A - From RDC,23-Sep-08,23-Sep-08,23-Sep-08,ARV,Adult,SCMS from RDC,"Nevirapine 200mg, tablets, 60 Tabs",Nevirapine,Generic,200mg,Tablet,60,9408,31987.2,3.4,0.06,"Aurobindo Unit III, India",Yes,893,6269.7,51.18,6269.7,893
84649,151-NG-T30,FPQ-6800,SO-38250,DN-2175,Nigeria,PMO - US,From RDC,N/A - From RDC,Air Charter,12/7/10,N/A - From RDC,21-Jun-11,11-May-11,11-May-11,ARV,Adult,SCMS from RDC,"Nevirapine 200mg, tablets, 60 Tabs",Nevirapine,Generic,200mg,Tablet,60,41142,103266.42,2.51,0.04,"Strides, Bangalore, India.",Yes,2822,12601.12,170.39,12601.12,2822
82431,110-ZM-T30,FPQ-7085,SO-38740,DN-2487,Zambia,PMO - US,From RDC,N/A - From RDC,Truck,2/3/11,N/A - From RDC,30-Jan-12,20-Jan-12,20-Jan-12,ARV,Adult,SCMS from RDC,"Nevirapine 200mg, tablets, 60 Tabs",Nevirapine,Generic,200mg,Tablet,60,13836,34728.36,2.51,0.04,"Aurobindo Unit VII, IN",Yes,1332,6476.7,57.3,6476.7,1332
35788,101-CD-T30,FPQ-8792,SCMS-131060,ASN-13565,"Congo, DRC",PMO - US,Direct Drop,EXW,Air,12/14/11,1/9/12,3-Aug-12,3-Aug-12,3-Aug-12,HRDT,HIV test,"Trinity Biotech, Plc","HIV 1/2, Uni-Gold HIV Kit, 20 Tests","HIV 1/2, Uni-Gold HIV Kit",Uni-Gold,,Test kit,20,137,4384.0,32.0,1.6,"Trinity Biotech, Plc",Yes,62,1367.59,6.15,1367.59,62
16099,161-ZA-T30,FPQ-6262,SCMS-83790,ASN-10250,South Africa,PMO - US,Direct Drop,DDP,Ocean,8/31/10,9/24/10,1-Feb-11,3-May-11,3-May-11,ARV,Pediatric,Aurobindo Pharma Limited,"Efavirenz 200mg, capsule, 90 Caps",Efavirenz,Generic,200mg,Capsule,90,1515,15119.7,9.98,0.11,"Aurobindo Unit III, India",Yes,201,4134.92,32.6,4134.92,201
85012,151-NG-T30,FPQ-14766,SO-49682,DN-4122,Nigeria,PMO - US,From RDC,N/A - From RDC,Air Charter,8/13/14,N/A - From RDC,28-Feb-15,5-Feb-15,10-Feb-15,ARV,Adult,SCMS from RDC,"Lamivudine/Nevirapine/Zidovudine 150/200/300mg, tablets, 60 Tabs",Lamivudine/Nevirapine/Zidovudine,Generic,150/300/200mg,Tablet - FDC,60,3194,24657.68,7.72,0.13,Hetero Unit III Hyderabad IN,Yes,23220,51645.79,25.35,51645.79,23220
1307,102-NG-T01,Pre-PQ Process,SCMS-343,ASN-259,Nigeria,PMO - US,Direct Drop,EXW,Air,Pre-PQ Process,Date Not Captured,15-Mar-07,30-Mar-07,30-Mar-07,HRDT,HIV test,BIO-RAD LABORATORIES (FRANCE),"#108853** HIV, Genie II HIV-1/HIV-2 Kit, 40 Tests","HIV, Genie II HIV-1/HIV-2 Kit",Genie,,Test kit,40,375,28500.0,76.0,1.9,Bio-Rad Laboratories,Yes,402,4445.75,,4445.75,402
11005,106-HT-T01,Pre-PQ Process,SO-23750,DN-1100,Haiti,PMO - US,From RDC,N/A - From RDC,Air,Pre-PQ Process,N/A - From RDC,3-Mar-09,3-Mar-09,3-Mar-09,ARV,Pediatric,SCMS from RDC,"Efavirenz 30mg/ml [Stocrin/Sustiva], oral solution, Bottle, 180 ml",Efavirenz,Stocrin/Sustiva,30mg/ml,Oral solution,180,325,5512.0,16.96,0.09,"MSD, Haarlem, NL",Yes,2085,23866.2,10.8,23866.2,2085
76318,108-VN-T30,FPQ-12539,SCMS-199770,ASN-22687,Vietnam,PMO - US,Direct Drop,EXW,Air,7/11/13,7/25/13,13-Dec-13,13-Dec-13,13-Dec-13,ARV,Adult,MICRO LABS LIMITED,"Lamivudine 150mg, tablets, 60 Tabs",Lamivudine,Generic,150mg,Tablet,60,6493,11492.61,1.77,0.03,"Micro labs, Verna, Goa, India",Yes,301,1457.92,14.22,1457.92,301
84646,105-GY-T30,FPQ-7464,SO-39360,DN-2204,Guyana,PMO - US,From RDC,N/A - From RDC,Air,3/22/11,N/A - From RDC,20-Jun-11,16-May-11,16-May-11,ARV,Pediatric,SCMS from RDC,"Nevirapine 10mg/ml, oral suspension w/syringe, Bottle, 240 ml",Nevirapine,Generic,10mg/ml,Oral suspension,240,600,1170.0,1.95,0.01,"Aurobindo Unit III, India",Yes,239,3106.89,1.93,3106.89,239
84788,104-CI-T30,FPQ-10405,SO-43000,DN-3023,Côte d'Ivoire,PMO - US,From RDC,N/A - From RDC,Truck,7/24/12,N/A - From RDC,27-Mar-13,28-Feb-13,28-Feb-13,ARV,Adult,SCMS from RDC,"Efavirenz 600mg, tablets, 30 Tabs",Efavirenz,Generic,600mg,Tablet,30,30000,99900.0,3.33,0.11,"Hetero, Jadcherla, unit 5, IN",No,See DN-3023 (ID#:83111),See DN-3023 (ID#:83111),140.06,10680.14,2732
68126,109-TZ-T30,FPQ-9211,SCMS-135870,ASN-13851,Tanzania,PMO - US,Direct Drop,EXW,Air,1/25/12,1/27/12,7-Mar-12,8-Mar-12,8-Mar-12,HRDT,HIV test,"Orgenics, Ltd","HIV 1/2, Determine Complete HIV Kit, 100 Tests","HIV 1/2, Determine Complete HIV Kit",Determine,,Test kit,100,1044,83520.0,80.0,0.8,"Alere Medical Co., Ltd.",Yes,499,9894.85,117.1,9894.85,499
78152,108-VN-T30,FPQ-9001,SCMS-131700,ASN-14757,Vietnam,PMO - US,Direct Drop,EXW,Air,12/15/11,1/16/12,15-May-12,15-May-12,15-May-12,ARV,Adult,MYLAN LABORATORIES LTD (FORMERLY MATRIX LABORATORIES),"Efavirenz/Lamivudine/Tenofovir Disoproxil Fumarate 600/300/300mg, tablets, 30 Tabs",Efavirenz/Lamivudine/Tenofovir Disoproxil Fumarate,Generic,600/300/300mg,Tablet - FDC,30,27608,389272.8,14.1,0.47,Mylan (formerly Matrix) Nashik,No,See ASN-14757 (ID#:30618),See ASN-14757 (ID#:30618),545.76,8334.77,4669
61416,161-ZA-T30,FPQ-5303,SCMS-68750,ASN-8387,South Africa,PMO - US,Direct Drop,DDP,Air,3/18/10,3/19/10,13-Oct-10,27-Oct-10,27-Oct-10,ARV,Adult,CIPLA LIMITED,"Tenofovir Disoproxil Fumarate 300mg, tablets, 30 Tabs",Tenofovir Disoproxil Fumarate,Generic,300mg,Tablet,30,64738,506251.16,7.82,0.26,"Cipla, Goa, India",Yes,4457,3646.13,1091.48,3646.13,4457
84373,111-MZ-T30,FPQ-13123,SO-47092,DN-3752,Mozambique,PMO - US,From RDC,N/A - From RDC,Truck,10/21/13,N/A - From RDC,31-Jul-14,25-Jul-14,5-Sep-14,ARV,Adult,SCMS from RDC,"Lamivudine/Stavudine 150/30mg, tablets, 60 Tabs",Lamivudine/Stavudine,Generic,150/30mg,Tablet - FDC,60,24768,61672.32,2.49,0.04,Hetero Unit III Hyderabad IN,Yes,20019,11701.65,63.4,11701.65,20019
83893,102-ZW-T30,FPQ-15196,SO-50000,DN-4156,Zimbabwe,PMO - US,From RDC,N/A - From RDC,Truck,10/16/14,N/A - From RDC,30-Apr-15,17-Mar-15,18-Mar-15,ARV,Adult,SCMS from RDC,"Efavirenz/Lamivudine/Tenofovir Disoproxil Fumarate 600/300/300mg, tablets, 30 Tabs",Efavirenz/Lamivudine/Tenofovir Disoproxil Fumarate,Generic,600/300/300mg,Tablet - FDC,30,81589,783254.4,9.6,0.32,"Aurobindo Unit VII, IN",Yes,21668,23559.93,921.89,23559.93,21668
85189,151-NG-T30,FPQ-7217,SO-39600,DN-2215,Nigeria,PMO - US,From RDC,N/A - From RDC,Air Charter,2/21/11,N/A - From RDC,15-Jun-11,6-Jul-11,6-Jul-11,ARV,Adult,SCMS from RDC,"Tenofovir Disoproxil Fumarate 300mg, tablets, 30 Tabs",Tenofovir Disoproxil Fumarate,Generic,300mg,Tablet,30,3000,19710.0,6.57,0.22,"Aurobindo Unit III, India",Yes,263,13398.06,32.52,13398.06,263
12245,123-NG-T01,Pre-PQ Process,SO-19070,DN-1039,Nigeria,PMO - US,From RDC,N/A - From RDC,Air,Pre-PQ Process,N/A - From RDC,16-Feb-09,19-Jan-09,19-Jan-09,ARV,Adult,SCMS from RDC,"Stavudine 30mg, capsules, 60 Caps",Stavudine,Generic,30mg,Capsule,60,4124,6392.2,1.55,0.03,"Aurobindo Unit III, India",Yes,273,7363.74,12.53,7363.74,273
82790,104-CI-T30,FPQ-14370,SO-49072,DN-4212,Côte d'Ivoire,PMO - US,From RDC,N/A - From RDC,Truck,5/23/14,N/A - From RDC,29-May-15,29-Apr-15,29-Apr-15,ARV,Adult,SCMS from RDC,"Abacavir/Lamivudine 600/300mg, tablets, 30 Tabs",Abacavir/Lamivudine,Generic,600/300mg,Tablet - FDC,30,1134,14912.1,13.15,0.44,Mylan (formerly Matrix) Nashik,Yes,121,1076.5,15.33,1076.5,121
85336,106-HT-T30,FPQ-11281,SO-44400,DN-3015,Haiti,PMO - US,From RDC,N/A - From RDC,Air,1/16/13,N/A - From RDC,9-Apr-13,14-Mar-13,14-Mar-13,ARV,Pediatric,SCMS from RDC,"Stavudine 1mg/ml, powder for oral solution w/syringe, 200 ml",Stavudine,Generic,1mg/ml,Powder for oral solution,200,330,412.5,1.25,0.01,"Aurobindo Unit III, India",No,See DN-3015 (ID#:82554),See DN-3015 (ID#:82554),0.51,161712.87,16035
11663,111-MZ-T01,Pre-PQ Process,SO-26423,DN-1332,Mozambique,PMO - US,From RDC,N/A - From RDC,Truck,Date Not Captured,N/A - From RDC,27-Aug-09,27-Aug-09,27-Aug-09,ARV,Adult,SCMS from RDC,"Lamivudine/Zidovudine 150/300mg, tablets, 60 Tabs",Lamivudine/Zidovudine,Generic,150/300mg,Tablet - FDC,60,2484,21759.84,8.76,0.15,"Aurobindo Unit III, India",Yes,2078,2400.25,42.65,2400.25,2078
73986,133-NG-T30,FPQ-12456,SCMS-196561,ASN-22353,Nigeria,PMO - US,Direct Drop,EXW,Air,6/10/13,7/10/13,7-Nov-13,11-Nov-13,17-Nov-13,HRDT,HIV test,"Orgenics, Ltd","HIV 1/2, Determine Complete HIV Kit, 100 Tests","HIV 1/2, Determine Complete HIV Kit",Determine,,Test kit,100,3041,270649.0,89.0,0.89,"Alere Medical Co., Ltd.",Yes,1235,21084.84,334.79,21084.84,1235
82788,900-TG-T30,FPQ-15916,SO-51080,DN-4184,Togo,PMO - US,From RDC,N/A - From RDC,Air,2/18/15,N/A - From RDC,31-Mar-15,23-Mar-15,30-Mar-15,ARV,Adult,SCMS from RDC,"Lopinavir/Ritonavir 200/50mg, tablets, 120 Tabs",Lopinavir/Ritonavir,Generic,200/50mg,Tablet,120,6364,123207.04,19.36,0.16,"Aurobindo Unit III, India",Yes,1591,8834.07,145.01,8834.07,1591
85284,151-NG-T30,FPQ-9432,SO-42644,DN-2764,Nigeria,PMO - US,From RDC,N/A - From RDC,Air Charter,3/1/12,N/A - From RDC,2-Aug-12,24-Jul-12,24-Jul-12,ARV,Adult,SCMS from RDC,"Lamivudine/Zidovudine 150/300mg, tablets, 60 Tabs",Lamivudine/Zidovudine,Generic,150/300mg,Tablet - FDC,60,25712,198496.64,7.72,0.13,"Aurobindo Unit III, India",No,See DN-2764 (ID#:82494),See DN-2764 (ID#:82494),278.29,16532.5,7666
84470,111-MZ-T30,FPQ-15195,SO-50123,DN-4264,Mozambique,PMO - US,From RDC,N/A - From RDC,Truck,10/17/14,N/A - From RDC,30-Jun-15,22-Jun-15,25-Jun-15,ARV,Adult,SCMS from RDC,"Lamivudine/Tenofovir Disoproxil Fumarate 300/300mg, tablets, 30 Tabs",Lamivudine/Tenofovir Disoproxil Fumarate,Generic,300/300mg,Tablet - FDC,30,5763,26625.06,4.62,0.15,Hetero Unit III Hyderabad IN,Yes,599,3610,31.34,3610,599
10714,111-MZ-T01,Pre-PQ Process,SO-15082,DN-1036,Mozambique,PMO - US,From RDC,N/A - From RDC,Air,Pre-PQ Process,N/A - From RDC,26-Feb-09,21-Feb-09,21-Feb-09,ARV,Adult,SCMS from RDC,"Lamivudine/Nevirapine/Stavudine 150/200/30mg, tablets, 60 Tabs",Lamivudine/Nevirapine/Stavudine,Generic,150/200/30mg,Tablet - FDC,60,32067,230882.4,7.2,0.12,"Strides, Bangalore, India.",Yes,2382,3671.92,452.53,3671.92,2382
10989,126-NG-T01,Pre-PQ Process,SO-10780,DN-871,Nigeria,PMO - US,From RDC,N/A - From RDC,Air,Pre-PQ Process,N/A - From RDC,25-Aug-08,25-Aug-08,25-Aug-08,ARV,Adult,SCMS from RDC,"Nevirapine 200mg, tablets, 60 Tabs",Nevirapine,Generic,200mg,Tablet,60,35400,120360.0,3.4,0.06,Hetero Unit III Hyderabad IN,Yes,1987,14931.8,192.58,14931.8,1987
55706,106-HT-T30,FPQ-9635,SCMS-148420,ASN-15616,Haiti,PMO - US,Direct Drop,EXW,Air,5/14/12,6/28/12,7-Aug-12,7-Aug-12,7-Aug-12,ARV,Adult,STRIDES ARCOLAB LIMITED,"Lamivudine/Stavudine 150/30mg, tablets, 60 Tabs",Lamivudine/Stavudine,Generic,150/30mg,Tablet - FDC,60,384,1121.28,2.92,0.05,"Strides, Bangalore, India.",Yes,20,950.05,1.57,950.05,20
86674,104-CI-T30,FPQ-13142,SO-47132,DN-3634,Côte d'Ivoire,PMO - US,From RDC,N/A - From RDC,Truck,10/22/13,N/A - From RDC,30-Apr-14,25-Apr-14,11-Jun-14,ARV,Pediatric,SCMS from RDC,"Lamivudine 10mg/ml, oral solution w/syringe, Bottle, 240 ml",Lamivudine,Generic,10mg/ml,Oral solution,240,4157,5944.51,1.43,0.01,"Aurobindo Unit III, India",Yes,1385,6437.76,6.11,6437.76,1385
82575,114-UG-T30,FPQ-11133,SO-43873,DN-3153,Uganda,PMO - US,From RDC,N/A - From RDC,Truck,12/13/12,N/A - From RDC,28-Jun-13,7-Jun-13,7-Jun-13,ARV,Pediatric,SCMS from RDC,"Lamivudine/Nevirapine/Stavudine 30/50/6mg, dispersible tablets, 60 Tabs",Lamivudine/Nevirapine/Stavudine,Generic,30/50/6mg,Chewable/dispersible tablet - FDC,60,475,1092.5,2.3,0.04,"Cipla, Goa, India",Yes,1982,8163.74,1.35,8163.74,1982
65675,109-TZ-T30,FPQ-13804,SCMS-231090,ASN-25332,Tanzania,PMO - US,Direct Drop,EXW,Air,2/28/14,3/7/14,24-Jun-14,24-Jun-14,24-Jun-14,ARV,Adult,MYLAN LABORATORIES LTD (FORMERLY MATRIX LABORATORIES),"Abacavir 300mg, tablets, 60 Tabs",Abacavir,Generic,300mg,Tablet,60,20000,221800.0,11.09,0.18,Mylan (formerly Matrix) Nashik,Yes,2069,9716.76,228.01,9716.76,2069
42359,104-CI-T30,FPQ-4698,SCMS-62971,ASN-10264,Côte d'Ivoire,PMO - US,Direct Drop,FCA,Air,12/28/09,1/15/10,12-Apr-11,12-Apr-11,12-Apr-11,ARV,Adult,ABBVIE LOGISTICS (FORMERLY ABBOTT LOGISTICS BV),"Ritonavir 100mg [Norvir], film coated tablets, 60 Tabs",Ritonavir,Norvir,100mg,Tablet,60,2706,18536.1,6.85,0.11,ABBVIE Ludwigshafen Germany,Yes,346,9539.6,39.96,9539.6,346
84745,104-CI-T30,FPQ-9749,SO-42401,DN-2814,Côte d'Ivoire,PMO - US,From RDC,N/A - From RDC,Truck,4/19/12,N/A - From RDC,30-Oct-12,27-Aug-12,27-Aug-12,ARV,Adult,SCMS from RDC,"Efavirenz/Lamivudine/Tenofovir Disoproxil Fumarate 600/300/300mg, tablets, 30 Tabs",Efavirenz/Lamivudine/Tenofovir Disoproxil Fumarate,Generic,600/300/300mg,Tablet - FDC,30,40230,533852.1,13.27,0.44,Mylan (formerly Matrix) Nashik,Yes,4525,11874.85,748.46,11874.85,4525
82622,104-CI-T30,FPQ-11253,SO-44212,DN-3430,Côte d'Ivoire,PMO - US,From RDC,N/A - From RDC,Truck,12/14/12,N/A - From RDC,29-Nov-13,10-Dec-13,8-Jan-14,ARV,Adult,SCMS from RDC,"Lopinavir/Ritonavir 200/50mg, tablets, 120 Tabs",Lopinavir/Ritonavir,Generic,200/50mg,Tablet,120,1784,37464.0,21.0,0.18,Mylan (formerly Matrix) Nashik,Yes,475,3332.73,46.34,3332.73,475
84233,106-HT-T30,FPQ-11281,SO-44400,DN-3015,Haiti,PMO - US,From RDC,N/A - From RDC,Air,1/16/13,N/A - From RDC,9-Apr-13,14-Mar-13,14-Mar-13,ARV,Adult,SCMS from RDC,"Stavudine 15mg, capsules, 60 Caps",Stavudine,Generic,15mg,Capsule,60,216,285.12,1.32,0.02,"Aurobindo Unit III, India",No,See DN-3015 (ID#:82554),See DN-3015 (ID#:82554),0.35,161712.87,16035
11474,100-ZW-T01,Pre-PQ Process,SO-706,DN-401,Zimbabwe,PMO - US,From RDC,N/A - From RDC,Air,Pre-PQ Process,N/A - From RDC,25-Nov-07,25-Nov-07,25-Nov-07,ARV,Adult,SCMS from RDC,"Efavirenz 600mg, tablets, 30 Tabs",Efavirenz,Generic,600mg,Tablet,30,1860,23101.2,12.42,0.41,"Cipla, Goa, India",Yes,4256,5145.86,36.96,5145.86,4256
84126,900-SZ-T30,FPQ-8417,SO-40690,DN-2456,Swaziland,PMO - US,From RDC,N/A - From RDC,Air,9/14/11,N/A - From RDC,12-Dec-11,12-Dec-11,12-Dec-11,ARV,Adult,SCMS from RDC,"Nevirapine 200mg, tablets, 60 Tabs",Nevirapine,Generic,200mg,Tablet,60,13023,33599.34,2.58,0.04,"Strides, Bangalore, India.",Yes,750,3787.65,55.44,3787.65,750
63608,103-KE-T30,FPQ-9856,SCMS-149170,ASN-15733,Kenya,PMO - US,Direct Drop,EXW,Air,5/24/12,6/13/12,5-Sep-12,5-Sep-12,5-Sep-12,HRDT,HIV test,"Trinity Biotech, Plc","HIV 1/2, Uni-Gold HIV Kit, 20 Tests","HIV 1/2, Uni-Gold HIV Kit",Uni-Gold,,Test kit,20,20000,640000.0,32.0,1.6,"Trinity Biotech, Plc",Yes,6568,41300.11,897.28,41300.11,6568
1,100-CI-T01,Pre-PQ Process,SCMS-4,ASN-8,Côte d'Ivoire,PMO - US,Direct Drop,EXW,Air,Pre-PQ Process,Date Not Captured,2-Jun-06,2-Jun-06,2-Jun-06,HRDT,HIV test,RANBAXY Fine Chemicals LTD.,"HIV, Reveal G3 Rapid HIV-1 Antibody Test, 30 Tests","HIV, Reveal G3 Rapid HIV-1 Antibody Test",Reveal,,Test kit,30,19,551.0,29.0,0.97,Ranbaxy Fine Chemicals LTD,Yes,13,780.34,,780.34,13
69376,161-ZA-T30,FPQ-6262,SCMS-83820,ASN-9485,South Africa,PMO - US,Direct Drop,DDP,Ocean,8/31/10,9/24/10,10-Mar-11,10-Mar-11,10-Mar-11,ARV,Adult,Aurobindo Pharma Limited,"Efavirenz 600mg, tablets, 30 Tabs",Efavirenz,Generic,600mg,Tablet,30,127904,579405.12,4.53,0.15,"Aurobindo Unit III, India",Yes,10980,15331.5,1249.2,15331.5,10980
25393,103-CM-T30,FPQ-10128,SCMS-151590,ASN-15819,Cameroon,PMO - US,Direct Drop,EXW,Air,6/22/12,7/16/12,17-Aug-12,17-Aug-12,17-Aug-12,HRDT,HIV test,Orasure Technologies Inc.,"HIV 1/2, OraQuick Advance HIV Rapid Antibody Kit, 100 Tests","HIV 1/2, OraQuick Advance HIV Rapid Antibody Kit",OraQuick,,Test kit,100,30,10500.0,350.0,3.5,"Pacific Biotech, Thailand",Yes,72,1765.54,14.72,1765.54,72
84747,104-CI-T30,FPQ-9063,SO-41360,DN-2816,Côte d'Ivoire,PMO - US,From RDC,N/A - From RDC,Truck,12/21/11,N/A - From RDC,2-Oct-12,27-Aug-12,27-Aug-12,ARV,Adult,SCMS from RDC,"Lamivudine/Nevirapine/Zidovudine 150/200/300mg, tablets, 60 Tabs",Lamivudine/Nevirapine/Zidovudine,Generic,150/300/200mg,Tablet - FDC,60,75000,735750.0,9.81,0.16,Mylan (formerly Matrix) Nashik,Yes,14413,11874.85,1031.52,11874.85,14413
46844,104-CI-T30,FPQ-4486,SCMS-57040,ASN-6084,Côte d'Ivoire,PMO - US,Direct Drop,EXW,Air,11/5/09,11/6/09,2-Mar-10,2-Mar-10,2-Mar-10,HRDT,HIV test,"CHEMBIO DIAGNOSTIC SYSTEMS, INC.","HIV 1/2, Stat-Pak HIV, Kit, 20 Tests","HIV 1/2, Stat-Pak HIV, Kit",Stat-Pak,,Test kit,20,3049,82323.0,27.0,1.35,Chembio Diagnostics Sys. Inc.,Yes,904,7208,177.49,7208,904
38417,133-NG-T30,FPQ-14305,SCMS-240830,ASN-27471,Nigeria,PMO - US,Direct Drop,EXW,Air,5/16/14,6/2/14,19-Aug-14,27-Aug-14,4-Sep-14,HRDT,HIV test,"Orgenics, Ltd","HIV 1/2, Determine Complete HIV Kit, 100 Tests","HIV 1/2, Determine Complete HIV Kit",Determine,,Test kit,100,5884,523676.0,89.0,0.89,"Alere Medical Co., Ltd.",Yes,3435,34730.62,538.34,34730.62,3435
63652,900-TZ-T30,FPQ-10396,SCMS-157661,ASN-17085,Tanzania,PMO - US,Direct Drop,EXW,Air,7/31/12,10/4/12,7-Dec-12,7-Dec-12,7-Dec-12,HRDT,HIV test,"Orgenics, Ltd","HIV 1/2, Determine Complete HIV Kit, 100 Tests","HIV 1/2, Determine Complete HIV Kit",Determine,,Test kit,100,2744,219520.0,80.0,0.8,"Alere Medical Co., Ltd.",Yes,1303,22317.25,307.77,22317.25,1303
83633,151-NG-T30,FPQ-9968,SO-42684,DN-2903,Nigeria,PMO - US,From RDC,N/A - From RDC,Air,5/23/12,N/A - From RDC,6-Nov-12,6-Nov-12,6-Nov-12,ARV,Adult,SCMS from RDC,"Efavirenz/Lamivudine/Tenofovir Disoproxil Fumarate 600/300/300mg, tablets, 30 Tabs",Efavirenz/Lamivudine/Tenofovir Disoproxil Fumarate,Generic,600/300/300mg,Tablet - FDC,30,31560,418801.2,13.27,0.44,Mylan (formerly Matrix) Nashik,Yes,3856,15459.09,587.16,15459.09,3856
85237,104-CI-T30,FPQ-8787,SO-41160,DN-2552,Côte d'Ivoire,PMO - US,From RDC,N/A - From RDC,Air,11/11/11,N/A - From RDC,19-Mar-12,24-Feb-12,24-Feb-12,ARV,Adult,SCMS from RDC,"Efavirenz 600mg, tablets, 30 Tabs",Efavirenz,Generic,600mg,Tablet,30,47614,196169.68,4.12,0.14,"Strides, Bangalore, India.",Yes,3453,9657.88,275.03,9657.88,3453
82812,104-CI-T30,FPQ-15259,SO-50111,DN-4314,Côte d'Ivoire,PMO - US,From RDC,N/A - From RDC,Truck,10/24/14,N/A - From RDC,31-Jul-15,6-Aug-15,7-Aug-15,ARV,Adult,SCMS from RDC,"Lopinavir/Ritonavir 200/50mg, tablets, 120 Tabs",Lopinavir/Ritonavir,Generic,200/50mg,Tablet,120,10000,196600.0,19.66,0.16,Hetero Unit III Hyderabad IN,Yes,7041,28406.4,231.4,28406.4,7041
82341,107-RW-T30,FPQ-5394,SO-36581,DN-1950,Rwanda,PMO - US,From RDC,N/A - From RDC,Air,3/25/10,N/A - From RDC,30-Aug-10,3-Aug-10,3-Aug-10,ARV,Adult,SCMS from RDC,"Lamivudine/Nevirapine/Zidovudine 150/200/300mg, tablets, 60 Tabs",Lamivudine/Nevirapine/Zidovudine,Generic,150/300/200mg,Tablet - FDC,60,44131,495149.82,11.22,0.19,"Aurobindo Unit III, India",Yes,5364,81670.57,1067.54,81670.57,5364
12806,111-MZ-T01,Pre-PQ Process,SO-2217,DN-699,Mozambique,PMO - US,From RDC,N/A - From RDC,Air,Pre-PQ Process,N/A - From RDC,21-Apr-08,21-Apr-08,21-Apr-08,ARV,Adult,SCMS from RDC,"Nevirapine 200mg, tablets, 60 Tabs",Nevirapine,Generic,200mg,Tablet,60,3000,10200.0,3.4,0.06,Hetero Unit III Hyderabad IN,Yes,168,1074.95,16.32,1074.95,168
33665,105-GH-T30,FPQ-14050,SCMS-236690,ASN-27495,Ghana,PMO - US,Direct Drop,EXW,Air,4/12/14,5/15/14,11-Sep-14,11-Sep-14,11-Sep-14,ARV,Adult,MYLAN LABORATORIES LTD (FORMERLY MATRIX LABORATORIES),"Efavirenz/Lamivudine/Tenofovir Disoproxil Fumarate 600/300/300mg, tablets, 30 Tabs",Efavirenz/Lamivudine/Tenofovir Disoproxil Fumarate,Generic,600/300/300mg,Tablet - FDC,30,38692,415552.08,10.74,0.36,Mylan (formerly Matrix) Nashik,Yes,4707,32683.47,427.19,32683.47,4707
10948,110-ZM-T01,Pre-PQ Process,SO-2547,DN-820,Zambia,PMO - US,From RDC,N/A - From RDC,Truck,Pre-PQ Process,N/A - From RDC,29-Jul-08,29-Jul-08,29-Jul-08,ARV,Adult,SCMS from RDC,"Lamivudine/Stavudine 150/30mg, tablets, 30 Tabs",Lamivudine/Stavudine,Generic,150/30mg,Tablet - FDC,30,12000,24000.0,2.0,0.07,"Cipla, Goa, India",Yes,700,954.13,38.4,954.13,700
10981,111-MZ-T01,Pre-PQ Process,SO-1882,DN-817,Mozambique,PMO - US,From RDC,N/A - From RDC,Air,Pre-PQ Process,N/A - From RDC,7-Aug-08,7-Aug-08,7-Aug-08,ARV,Adult,SCMS from RDC,"Lamivudine/Nevirapine/Stavudine 150/200/30mg, tablets, 60 Tabs",Lamivudine/Nevirapine/Stavudine,Generic,150/200/30mg,Tablet - FDC,60,38975,280620.0,7.2,0.12,"Strides, Bangalore, India.",Yes,13123,9161.95,448.99,9161.95,13123
83616,104-CI-T30,FPQ-9261,SO-41490,DN-2809,Côte d'Ivoire,PMO - US,From RDC,N/A - From RDC,Truck,1/30/12,N/A - From RDC,17-Sep-12,27-Aug-12,27-Aug-12,ARV,Adult,SCMS from RDC,"Lopinavir/Ritonavir 200/50mg, tablets, 120 Tabs",Lopinavir/Ritonavir,Generic,200/50mg,Tablet,120,25597,750248.07,29.31,0.24,Mylan (formerly Matrix) Nashik,Yes,9790,20786.04,1051.85,20786.04,9790
85527,109-TZ-T30,FPQ-13042,SO-47960,DN-3926,Tanzania,PMO - US,From RDC,N/A - From RDC,Truck,10/1/13,N/A - From RDC,3-Nov-14,28-Oct-14,31-Oct-14,ARV,Adult,SCMS from RDC,"Abacavir 300mg, tablets, 60 Tabs",Abacavir,Generic,300mg,Tablet,60,2469,27726.87,11.23,0.19,Mylan (formerly Matrix) Nashik,Yes,230,1163.2,34.3,1163.2,230
86359,110-ZM-T30,FPQ-6221,SO-37331,DN-2087,Zambia,PMO - US,From RDC,N/A - From RDC,Truck,8/20/10,N/A - From RDC,31-Jan-11,24-Jan-11,24-Jan-11,ARV,Adult,SCMS from RDC,"Nevirapine 200mg, tablets, 60 Tabs",Nevirapine,Generic,200mg,Tablet,60,100000,266000.0,2.66,0.04,Hetero Unit III Hyderabad IN,Yes,6206,13411.32,573.5,13411.32,6206
15946,117-ET-T30,FPQ-5582,SCMS-72390,ASN-9567,Ethiopia,PMO - US,Direct Drop,EXW,Air,4/28/10,4/29/10,14-Feb-11,14-Feb-11,14-Feb-11,ARV,Adult,Aurobindo Pharma Limited,"Didanosine 250mg, delayed-release capsules, 30 Caps",Didanosine,Generic,250mg,Delayed-release capsules,30,2600,33800.0,13.0,0.43,"Aurobindo Unit III, India",Yes,236,1131.48,72.87,1131.48,236
84424,151-NG-T30,FPQ-14156,SO-48906,DN-4000,Nigeria,PMO - US,From RDC,N/A - From RDC,Air Charter,4/25/14,N/A - From RDC,28-Nov-14,30-Oct-14,3-Nov-14,ARV,Adult,SCMS from RDC,"Zidovudine 300mg, tablets, 60 Tabs",Zidovudine,Generic,300mg,Tablet,60,7526,41393.0,5.5,0.09,"Aurobindo Unit III, India",Yes,507,1263,42.55,1263,507
81747,111-MZ-T30,FPQ-13395,SCMS-219220,ASN-25455,Mozambique,PMO - US,Direct Drop,EXW,Air,12/11/13,12/17/13,2-May-14,2-May-14,7-May-14,ARV,Adult,HETERO LABS LIMITED,"Lamivudine/Nevirapine/Zidovudine 150/200/300mg, tablets, 60 Tabs",Lamivudine/Nevirapine/Zidovudine,Generic,150/300/200mg,Tablet - FDC,60,24816,201257.76,8.11,0.14,Hetero Unit III Hyderabad IN,Yes,3392,16835.52,206.89,16835.52,3392
10678,110-ZM-T01,Pre-PQ Process,SO-2485,DN-828,Zambia,PMO - US,From RDC,N/A - From RDC,Truck,Pre-PQ Process,N/A - From RDC,29-Jul-08,29-Jul-08,29-Jul-08,ARV,Adult,SCMS from RDC,"Lamivudine/Zidovudine 150/300mg, tablets, 60 Tabs",Lamivudine/Zidovudine,Generic,150/300mg,Tablet - FDC,60,14124,133471.8,9.45,0.16,"Cipla, Goa, India",Yes,2115,2882.85,213.55,2882.85,2115
22417,106-HT-T30,FPQ-15038,SCMS-262890,ASN-32716,Haiti,PMO - US,Direct Drop,FCA,Air,10/22/14,1/30/15,7-Jul-15,7-Jul-15,7-Jul-15,ARV,Pediatric,ABBVIE LOGISTICS (FORMERLY ABBOTT LOGISTICS BV),"Lopinavir/Ritonavir 100/25mg [Aluvia], tablets, 60 Tabs",Lopinavir/Ritonavir,Generic,100/25mg,Tablet,60,2697,16020.18,5.94,0.1,ABBVIE Ludwigshafen Germany,Yes,1825,4126.9,16.47,4126.9,1825
3008,102-NG-T01,Pre-PQ Process,SCMS-16890,ASN-2359,Nigeria,PMO - US,Direct Drop,EXW,Air,Pre-PQ Process,1/29/08,19-Sep-08,19-Sep-08,19-Sep-08,HRDT,HIV test,"CHEMBIO DIAGNOSTIC SYSTEMS, INC.","HIV 1/2, Stat-Pak HIV, Kit, 20 Tests","HIV 1/2, Stat-Pak HIV, Kit",Stat-Pak,,Test kit,20,9048,244296.0,27.0,1.35,Chembio Diagnostics Sys. Inc.,Yes,2985,20635.3,390.87,20635.3,2985
35493,110-ZM-T30,FPQ-11979,SCMS-188800,ASN-21073,Zambia,PMO - US,Direct Drop,EXW,Air,4/19/13,5/13/13,27-Aug-13,27-Aug-13,27-Aug-13,ARV,Adult,Aurobindo Pharma Limited,"Emtricitabine/Tenofovir Disoproxil Fumarate 200/300mg, tablets, 30 Tabs",Emtricitabine/Tenofovir Disoproxil Fumarate,Generic,200/300mg,Tablet - FDC,30,79620,469758.0,5.9,0.2,"Aurobindo Unit III, India",Yes,7133,40583.63,581.09,40583.63,7133
10679,102-KE-T01,Pre-PQ Process,SO-1740,DN-829,Kenya,PMO - US,From RDC,N/A - From RDC,Truck,Pre-PQ Process,N/A - From RDC,31-Mar-08,31-Mar-08,31-Mar-08,HRDT,HIV test,SCMS from RDC,"HIV, Bioline HIV 1/2 3.0 Kit, [DON] 25 Tests","HIV, Bioline HIV 1/2 3.0 Kit",Bioline,,Test kit,25,3,0.03,0.01,0.0,"Standard Diagnostics, Korea",Yes,3,99,0.0,99,3
17124,104-CI-T30,FPQ-4530,SCMS-57730,ASN-6229,Côte d'Ivoire,PMO - US,Direct Drop,FCA,Air,11/5/09,11/23/09,5-Mar-10,5-Mar-10,5-Mar-10,ARV,Adult,Hoffmann-La Roche ltd Basel,"Saquinavir 500mg [Invirase], tablets, 120 Tabs",Saquinavir,Invirase,500mg,Tablet,120,1500,149780.99,99.85,0.83,Roche Basel,Yes,271,2527.94,322.93,2527.94,271
21174,104-CI-T30,FPQ-3882,SCMS-51810,ASN-4979,Côte d'Ivoire,PMO - US,Direct Drop,FCA,Air,7/24/09,8/24/09,8-Oct-09,8-Oct-09,8-Oct-09,ARV,Adult,ABBVIE LOGISTICS (FORMERLY ABBOTT LOGISTICS BV),"Lopinavir/Ritonavir 200/50mg [Aluvia], tablets, 120 Tabs",Lopinavir/Ritonavir,Aluvia,200/50mg,Tablet,120,11480,415116.8,36.16,0.3,ABBVIE Ludwigshafen Germany,Yes,4794,28238.31,813.63,28238.31,4794
75641,900-TZ-T30,FPQ-10394,SCMS-156500,ASN-16218,Tanzania,PMO - US,Direct Drop,EXW,Air,7/26/12,8/9/12,9-Oct-12,9-Oct-12,9-Oct-12,ARV,Adult,Aurobindo Pharma Limited,"Efavirenz 600mg, tablets, 30 Tabs",Efavirenz,Generic,600mg,Tablet,30,60757,200498.1,3.3,0.11,"Aurobindo Unit III, India",Yes,5215,20136.28,281.1,20136.28,5215
85756,111-MZ-T30,FPQ-7053,SO-38650,DN-2184,Mozambique,PMO - US,From RDC,N/A - From RDC,Truck,1/24/11,N/A - From RDC,11-May-11,25-May-11,25-May-11,ARV,Adult,SCMS from RDC,"Lamivudine/Zidovudine 150/300mg, tablets, 60 Tabs",Lamivudine/Zidovudine,Generic,150/300mg,Tablet - FDC,60,45000,384750.0,8.55,0.14,"Aurobindo Unit III, India",Yes,4171,3936.85,634.84,3936.85,4171
15879,107-RW-T30,FPQ-6341,SCMS-84940,ASN-10070,Rwanda,PMO - US,Direct Drop,EXW,Ocean,9/3/10,9/29/10,27-Apr-11,27-Apr-11,27-Apr-11,ARV,Adult,MYLAN LABORATORIES LTD (FORMERLY MATRIX LABORATORIES),"Lamivudine/Tenofovir Disoproxil Fumarate 300/300mg, tablets, 30 Tabs",Lamivudine/Tenofovir Disoproxil Fumarate,Generic,300/300mg,Tablet - FDC,30,117359,997551.5,8.5,0.28,Mylan (formerly Matrix) Nashik,Yes,10329,32530.22,2150.72,32530.22,10329
67854,108-VN-T30,FPQ-15692,SCMS-274360,ASN-32779,Vietnam,PMO - US,Direct Drop,EXW,Air,1/28/15,2/17/15,30-Jul-15,30-Jul-15,30-Jul-15,ARV,Adult,MYLAN LABORATORIES LTD (FORMERLY MATRIX LABORATORIES),"Lamivudine/Zidovudine 150/300mg, tablets, 60 Tabs",Lamivudine/Zidovudine,Generic,150/300mg,Tablet - FDC,60,20000,129800.0,6.49,0.11,Mylan (formerly Matrix) Nashik,Yes,1748,3868.49,152.77,3868.49,1748
52049,102-KE-T30,FPQ-7498,SCMS-106790,ASN-11121,Kenya,PMO - US,Direct Drop,EXW,Air,3/30/11,4/21/11,8-Jul-11,8-Jul-11,8-Jul-11,HRDT,HIV test,"Orgenics, Ltd","HIV 1/2, Determine Complete HIV Kit, 100 Tests","HIV 1/2, Determine Complete HIV Kit",Determine,,Test kit,100,10000,890000.0,89.0,0.89,Inverness Japan,Yes,2951,31923.61,1468.5,31923.61,2951
20219,108-VN-T30,FPQ-10286,SCMS-156310,ASN-17176,Vietnam,PMO - US,Direct Drop,EXW,Air,7/25/12,8/15/12,14-Dec-12,14-Dec-12,14-Dec-12,ARV,Adult,HETERO LABS LIMITED,"Lamivudine/Zidovudine 150/300mg, tablets, 60 Tabs",Lamivudine/Zidovudine,Generic,150/300mg,Tablet - FDC,60,10158,71918.64,7.08,0.12,Hetero Unit III Hyderabad IN,Yes,941,1934.17,100.83,1934.17,941
12178,106-HT-T01,Pre-PQ Process,SO-2595,DN-837,Haiti,PMO - US,From RDC,N/A - From RDC,Air,Pre-PQ Process,N/A - From RDC,1-Aug-08,1-Aug-08,1-Aug-08,ARV,Adult,SCMS from RDC,"Lamivudine/Zidovudine 150/300mg, tablets, 60 Tabs",Lamivudine/Zidovudine,Generic,150/300mg,Tablet - FDC,60,16752,158306.4,9.45,0.16,"Aurobindo Unit III, India",Yes,1580,11572,253.29,11572,1580
11217,117-ET-T01,Pre-PQ Process,SO-1542,DN-529,Ethiopia,PMO - US,From RDC,N/A - From RDC,Air,Pre-PQ Process,N/A - From RDC,20-Dec-07,20-Dec-07,20-Dec-07,ARV,Adult,SCMS from RDC,"Lamivudine/Zidovudine 150/300mg, tablets, 60 Tabs",Lamivudine/Zidovudine,Generic,150/300mg,Tablet - FDC,60,9692,92074.0,9.5,0.16,"Aurobindo Unit III, India",Yes,1215,6346.22,147.32,6346.22,1215
10716,114-UG-T01,Pre-PQ Process,SO-17910,DN-1068,Uganda,PMO - US,From RDC,N/A - From RDC,Air,Pre-PQ Process,N/A - From RDC,19-Feb-09,19-Feb-09,19-Feb-09,ARV,Adult,SCMS from RDC,"Efavirenz 600mg, tablets, 30 Tabs",Efavirenz,Generic,600mg,Tablet,30,1747,19217.0,11.0,0.37,"Aurobindo Unit III, India",Yes,152,1340.96,37.67,1340.96,152
12685,111-MZ-T01,Pre-PQ Process,SO-298,DN-304,Mozambique,PMO - US,From RDC,N/A - From RDC,Air,Pre-PQ Process,N/A - From RDC,21-Sep-07,21-Sep-07,21-Sep-07,ARV,Adult,SCMS from RDC,"Efavirenz 600mg, tablets, 30 Tabs",Efavirenz,Generic,600mg,Tablet,30,2933,49127.75,16.75,0.56,"Aurobindo Unit III, India",No,See DN-304 (ID#:10589),See DN-304 (ID#:10589),78.6,9869.55,9006
85110,114-UG-T30,FPQ-4496,SO-34981,DN-1816,Uganda,PMO - US,From RDC,N/A - From RDC,Air,10/28/09,N/A - From RDC,3-May-10,3-May-10,3-May-10,ARV,Adult,SCMS from RDC,"Lamivudine/Nevirapine/Zidovudine 150/200/300mg, tablets, 60 Tabs",Lamivudine/Nevirapine/Zidovudine,Generic,150/300/200mg,Tablet - FDC,60,17000,190740.0,11.22,0.19,Mylan (formerly Matrix) Nashik,Yes,2156,14467.75,411.24,14467.75,2156
84554,151-NG-T30,FPQ-4537,SO-36007,DN-1793,Nigeria,PMO - US,From RDC,N/A - From RDC,Air Charter,11/6/09,N/A - From RDC,31-May-10,18-May-10,18-May-10,ARV,Adult,SCMS from RDC,"Lamivudine/Nevirapine/Zidovudine 150/200/300mg, tablets, 60 Tabs",Lamivudine/Nevirapine/Zidovudine,Generic,150/300/200mg,Tablet - FDC,60,40000,448800.0,11.22,0.19,"Aurobindo Unit III, India",Yes,4693,9736.1,967.61,9736.1,4693
84092,107-RW-T30,FPQ-7692,SO-39560,DN-2227,Rwanda,PMO - US,From RDC,N/A - From RDC,Air Charter,5/4/11,N/A - From RDC,14-Aug-11,25-May-11,25-May-11,ARV,Pediatric,SCMS from RDC,"Lamivudine 10mg/ml, oral solution w/syringe, Bottle, 240 ml",Lamivudine,Generic,10mg/ml,Oral solution,240,1800,3330.0,1.85,0.01,"Aurobindo Unit III, India",Yes,718,4370.8,5.49,4370.8,718
54840,133-NG-T30,FPQ-10765,SCMS-162440,ASN-17524,Nigeria,PMO - US,Direct Drop,EXW,Air,10/5/12,10/16/12,9-Jan-13,8-Jan-13,8-Jan-13,HRDT,HIV test,"Orgenics, Ltd","HIV 1/2, Determine Complete HIV Kit, 100 Tests","HIV 1/2, Determine Complete HIV Kit",Determine,,Test kit,100,2744,244216.0,89.0,0.89,"Alere Medical Co., Ltd.",Yes,1186,24927.19,342.39,24927.19,1186
85036,151-NG-T30,FPQ-14989,SO-51428,DN-4291,Nigeria,PMO - US,From RDC,N/A - From RDC,Air Charter,9/19/14,N/A - From RDC,30-Jun-15,2-Jun-15,17-Jun-15,ARV,Adult,SCMS from RDC,"Efavirenz/Lamivudine/Tenofovir Disoproxil Fumarate 600/300/300mg, tablets, 30 Tabs",Efavirenz/Lamivudine/Tenofovir Disoproxil Fumarate,Generic,600/300/300mg,Tablet - FDC,30,121000,1161600.0,9.6,0.32,Hetero Unit III Hyderabad IN,Yes,35884,68103.71,1194.12,68103.71,35884
10687,102-KE-T01,Pre-PQ Process,SO-1389,DN-646,Kenya,PMO - US,From RDC,N/A - From RDC,Truck,Pre-PQ Process,N/A - From RDC,27-Feb-08,27-Feb-08,27-Feb-08,HRDT,HIV test,SCMS from RDC,"HIV 1/2, Bioline 3.0 Kit, Lancets, Capillary pipets, Alcohol swabs included, 25 Tests","HIV 1/2, Bioline 3.0 Kit, Lancets, Capillary pipets, Alcohol swabs included",Bioline,,Test kit,25,270,5400.0,20.0,0.8,"Standard Diagnostics, Korea",Yes,97,98.08,8.64,98.08,97
84729,107-RW-T30,FPQ-9888,SO-42110,DN-2673,Rwanda,PMO - US,From RDC,N/A - From RDC,Air,5/11/12,N/A - From RDC,15-Jun-12,1-Jun-12,1-Jun-12,ARV,Adult,SCMS from RDC,"Abacavir 300mg, tablets, 60 Tabs",Abacavir,Generic,300mg,Tablet,60,12000,157800.0,13.15,0.22,Mylan (formerly Matrix) Nashik,Yes,1239,28202,221.24,28202,1239
73818,104-CI-T30,FPQ-6037,SCMS-80630,ASN-8532,Côte d'Ivoire,PMO - US,Direct Drop,EXW,Air,7/14/10,7/30/10,10-Nov-10,10-Nov-10,10-Nov-10,HRDT,HIV test,"Orgenics, Ltd","HIV 1/2, Determine HIV Kit, without Lancets, 100 Tests","HIV 1/2, Determine HIV Kit, without Lancets",Determine,,Test kit,100,5408,420201.6,77.7,0.78,Inverness Japan,Yes,1229,17085.16,905.95,17085.16,1229
5647,114-UG-T01,Pre-PQ Process,SCMS-18750,ASN-1618,Uganda,PMO - US,Direct Drop,EXW,Air,Pre-PQ Process,3/11/08,22-May-08,22-May-08,22-May-08,HRDT,HIV test - Ancillary,"Orgenics, Ltd","HIV, Lancet, Safety, for HIV Test kits, 100 Pcs","HIV, Lancet, Safety, for HIV Test kits, 100 Pcs",Generic,,Test kit - Ancillary,100,850,8.5,0.01,0.0,Inverness Japan,Yes,56,360,0.01,360,56
20512,107-RW-T30,FPQ-13853,SCMS-235960,ASN-27544,Rwanda,PMO - US,Direct Drop,EXW,Air,3/25/14,4/29/14,22-Aug-14,22-Aug-14,26-Aug-14,ARV,Pediatric,EMCURE PHARMACEUTICALS LTD,"Atazanavir 200mg, capsules, 60 Caps",Atazanavir,Generic,200mg,Capsule,60,1411,46563.0,33.0,0.55,"Emcure Plot No.P-2, I.T-B.T. Park, Phase II, MIDC, Hinjwadi, Pune, India",Yes,145,1950.74,47.87,1950.74,145
84898,111-MZ-T30,FPQ-12416,SO-45890,DN-3553,Mozambique,PMO - US,From RDC,N/A - From RDC,Truck,6/28/13,N/A - From RDC,3-Jun-14,3-Jun-14,11-Jun-14,ARV,Adult,SCMS from RDC,"Lamivudine/Zidovudine 150/300mg, tablets, 60 Tabs",Lamivudine/Zidovudine,Generic,150/300mg,Tablet - FDC,60,25000,168250.0,6.73,0.11,"Aurobindo Unit III, India",No,See DN-3553 (ID#:82653),See DN-3553 (ID#:82653),208.13,4768.06,3118
82671,109-TZ-T30,FPQ-12354,SO-45740,DN-3659,Tanzania,PMO - US,From RDC,N/A - From RDC,Truck,5/16/13,N/A - From RDC,5-May-14,18-Jun-14,1-Jul-14,ARV,Adult,SCMS from RDC,"Efavirenz/Lamivudine/Tenofovir Disoproxil Fumarate 600/300/300mg, tablets, 30 Tabs",Efavirenz/Lamivudine/Tenofovir Disoproxil Fumarate,Generic,600/300/300mg,Tablet - FDC,30,116931,1260516.18,10.78,0.36,Mylan (formerly Matrix) Nashik,Yes,13280,7083.18,1559.26,7083.18,13280
12532,110-ZM-T01,Pre-PQ Process,SO-2482,DN-938,Zambia,PMO - US,From RDC,N/A - From RDC,Truck,Pre-PQ Process,N/A - From RDC,6-Oct-08,6-Oct-08,6-Oct-08,ARV,Adult,SCMS from RDC,"Efavirenz 600mg, tablets, 30 Tabs",Efavirenz,Generic,600mg,Tablet,30,50000,600500.0,12.01,0.4,Mylan (formerly Matrix) Nashik,Yes,3817,4579.42,960.8,4579.42,3817
12215,104-CI-T01,Pre-PQ Process,SO-16210,DN-1047,Côte d'Ivoire,PMO - US,From RDC,N/A - From RDC,Air,Pre-PQ Process,N/A - From RDC,19-Jan-09,19-Jan-09,19-Jan-09,ARV,Adult,SCMS from RDC,"Lamivudine/Nevirapine/Zidovudine 150/200/300mg, tablets, 60 Tabs",Lamivudine/Nevirapine/Zidovudine,Generic,150/300/200mg,Tablet - FDC,60,10000,118000.0,11.8,0.2,"Aurobindo Unit III, India",Yes,1456,5048.32,231.28,5048.32,1456
82428,151-NG-T30,FPQ-8364,SO-40663,DN-2475,Nigeria,PMO - US,From RDC,N/A - From RDC,Air Charter,8/29/11,N/A - From RDC,16-Mar-12,18-Dec-11,18-Dec-11,ARV,Adult,SCMS from RDC,"Lamivudine/Tenofovir Disoproxil Fumarate 300/300mg, tablets, 30 Tabs",Lamivudine/Tenofovir Disoproxil Fumarate,Generic,300/300mg,Tablet - FDC,30,43441,357519.43,8.23,0.27,Mylan (formerly Matrix) Nashik,Yes,3263,15322.7,589.91,15322.7,3263
85376,113-ZW-T30,FPQ-11545,SO-44340,DN-3231,Zimbabwe,PMO - US,From RDC,N/A - From RDC,Truck,1/24/13,N/A - From RDC,31-Jul-13,6-Aug-13,6-Aug-13,ARV,Adult,SCMS from RDC,"Nevirapine 200mg, tablets, 60 Tabs",Nevirapine,Generic,200mg,Tablet,60,10227,23113.02,2.26,0.04,Hetero Unit III Hyderabad IN,No,See DN-3231 (ID#:84831),See DN-3231 (ID#:84831),28.59,11133.66,394
83089,103-ZW-T30,FPQ-9907,SO-42270,DN-2914,Zimbabwe,PMO - US,From RDC,N/A - From RDC,Truck,5/15/12,N/A - From RDC,19-Nov-12,19-Nov-12,19-Nov-12,ARV,Pediatric,SCMS from RDC,"Lamivudine/Zidovudine 30/60mg, tablets, 60 Tabs",Lamivudine/Zidovudine,Generic,30/60mg,Tablet - FDC,60,26267,72496.92,2.76,0.05,Mylan (formerly Matrix) Nashik,Yes,1875,6933.75,101.64,6933.75,1875
10901,110-ZM-T01,Pre-PQ Process,SO-976,DN-384,Zambia,PMO - US,From RDC,N/A - From RDC,,Pre-PQ Process,N/A - From RDC,29-Oct-07,29-Oct-07,29-Oct-07,ARV,Pediatric,SCMS from RDC,"Lamivudine 10mg/ml, oral solution, Bottle, 240 ml",Lamivudine,Generic,10mg/ml,Oral solution,240,5496,10827.12,1.97,0.01,"Aurobindo Unit III, India",Yes,6230,25739.49,17.32,25739.49,6230
10781,104-CI-T01,Pre-PQ Process,SO-27540,DN-1315,Côte d'Ivoire,PMO - US,From RDC,N/A - From RDC,Air,Date Not Captured,N/A - From RDC,14-Jul-09,14-Jul-09,14-Jul-09,ARV,Adult,SCMS from RDC,"Lamivudine/Zidovudine 150/300mg, tablets, 60 Tabs",Lamivudine/Zidovudine,Generic,150/300mg,Tablet - FDC,60,10962,96027.12,8.76,0.15,"Aurobindo Unit III, India",Yes,2634,6111.21,188.21,6111.21,2634
21193,127-KE-T30,FPQ-7684,SCMS-109250,ASN-11441,Kenya,PMO - US,Direct Drop,EXW,Air,5/5/11,5/19/11,9-Aug-11,11-Aug-11,11-Aug-11,HRDT,HIV test,"Orgenics, Ltd","HIV 1/2, Determine Complete HIV Kit, 100 Tests","HIV 1/2, Determine Complete HIV Kit",Determine,,Test kit,100,8331,741459.0,89.0,0.89,Inverness Japan,Yes,1980,37548.87,1223.41,37548.87,1980
65002,106-HT-T30,FPQ-12590,SCMS-210530,ASN-22712,Haiti,PMO - US,Direct Drop,EXW,Air,8/21/13,10/25/13,24-Jan-14,24-Jan-14,29-Jan-14,ARV,Adult,MYLAN LABORATORIES LTD (FORMERLY MATRIX LABORATORIES),"Atazanavir/Ritonavir 300/100mg, tablets, 30 Tabs",Atazanavir/Ritonavir,Generic,300/100mg,Tablet,30,3905,78100.0,20.0,0.67,Mylan (formerly Matrix) Nashik,No,See ASN-22712 (ID#:47413),See ASN-22712 (ID#:47413),96.61,7296.97,1189
84628,106-HT-T30,FPQ-6484,SO-38240,DN-2136,Haiti,PMO - US,From RDC,N/A - From RDC,Air,10/13/10,N/A - From RDC,14-Mar-11,20-Apr-11,20-Apr-11,ARV,Adult,SCMS from RDC,"Lopinavir/Ritonavir 200/50mg [Aluvia], tablets, 120 Tabs",Lopinavir/Ritonavir,Aluvia,200/50mg,Tablet,120,1320,47731.2,36.16,0.3,ABBVIE Ludwigshafen Germany,Yes,276,2080.2,102.91,2080.2,276
35790,114-UG-T30,FPQ-12477,SCMS-198540,ASN-21766,Uganda,PMO - US,Direct Drop,EXW,Air,7/8/13,7/31/13,3-Oct-13,3-Oct-13,5-Oct-13,ARV,Adult,CIPLA LIMITED,"Lamivudine/Nevirapine/Zidovudine 150/200/300mg, tablets, 60 Tabs",Lamivudine/Nevirapine/Zidovudine,Generic,150/300/200mg,Tablet - FDC,60,114996,931467.6,8.1,0.13,"Cipla, Goa, India",Yes,15435,56180.34,1152.23,56180.34,15435
12637,107-RW-T01,Pre-PQ Process,SO-490,DN-110,Rwanda,PMO - US,From RDC,N/A - From RDC,Air,Pre-PQ Process,N/A - From RDC,19-Apr-07,19-Apr-07,19-Apr-07,ARV,Adult,SCMS from RDC,"Lamivudine/Zidovudine 150/300mg, tablets, 60 Tabs",Lamivudine/Zidovudine,Generic,150/300mg,Tablet - FDC,60,38463,383860.74,9.98,0.17,"Cipla, Goa, India",Yes,3450,20896.5,,20896.5,3450
84047,102-UG-T30,FPQ-6403,SO-37460,DN-2026,Uganda,PMO - US,From RDC,N/A - From RDC,Air,9/16/10,N/A - From RDC,20-Oct-10,25-Oct-10,25-Oct-10,ARV,Adult,SCMS from RDC,"Efavirenz 600mg, tablets, 30 Tabs",Efavirenz,Generic,600mg,Tablet,30,27304,118499.36,4.34,0.14,Mylan (formerly Matrix) Nashik,Yes,13087,56372.66,255.48,56372.66,13087
55064,117-ET-T30,FPQ-15928,SCMS-280470,ASN-32557,Ethiopia,PMO - US,Direct Drop,EXW,Air,3/10/15,3/17/15,24-Jun-15,24-Jun-15,29-Jun-15,HRDT,HIV test,"Trinity Biotech, Plc","HIV 1/2, Uni-Gold HIV Kit, 20 Tests","HIV 1/2, Uni-Gold HIV Kit",Uni-Gold,,Test kit,20,170,5440.0,32.0,1.6,"Trinity Biotech, Plc",Yes,58,143.57,6.4,143.57,58
12125,105-GY-T01,Pre-PQ Process,SO-1233,DN-416,Guyana,PMO - US,From RDC,N/A - From RDC,Air,Pre-PQ Process,N/A - From RDC,7-Nov-07,7-Nov-07,7-Nov-07,ARV,Adult,SCMS from RDC,"Lamivudine/Zidovudine 150/300mg, tablets, 60 Tabs",Lamivudine/Zidovudine,Generic,150/300mg,Tablet - FDC,60,1848,17556.0,9.5,0.16,"Aurobindo Unit III, India",Yes,402,4807,28.09,4807,402
10626,112-NG-T01,Pre-PQ Process,SO-565,DN-373,Nigeria,PMO - US,From RDC,N/A - From RDC,Air,Pre-PQ Process,N/A - From RDC,20-Sep-07,20-Sep-07,20-Sep-07,ARV,Pediatric,SCMS from RDC,"Zidovudine 10mg/ml, oral solution, Bottle, 240 ml",Zidovudine,Generic,10mg/ml,Oral solution,240,1653,6529.35,3.95,0.02,"Aurobindo Unit III, India",No,See DN-373 (ID#:10623),See DN-373 (ID#:10623),10.45,13873,2846
82380,106-HT-T30,FPQ-6484,SO-39310,DN-2188,Haiti,PMO - US,From RDC,N/A - From RDC,Air,10/13/10,N/A - From RDC,12-May-11,4-May-11,4-May-11,ARV,Pediatric,SCMS from RDC,"Efavirenz 200mg, capsule, 90 Caps",Efavirenz,Generic,200mg,Capsule,90,1260,12234.6,9.71,0.11,"Aurobindo Unit III, India",Yes,194,2452.54,26.38,2452.54,194
86212,104-CI-T30,FPQ-15259,SO-50103,DN-4326,Côte d'Ivoire,PMO - US,From RDC,N/A - From RDC,Truck,10/24/14,N/A - From RDC,14-Aug-15,20-Aug-15,25-Aug-15,ARV,Adult,SCMS from RDC,"Efavirenz 600mg, tablets, 30 Tabs",Efavirenz,Generic,600mg,Tablet,30,9800,31262.0,3.19,0.11,"Strides, Bangalore, India.",Yes,622,4958,36.8,4958,622
12264,151-NG-T01,Pre-PQ Process,SO-21783,DN-1131,Nigeria,PMO - US,From RDC,N/A - From RDC,Air,Pre-PQ Process,N/A - From RDC,24-Mar-09,24-Mar-09,24-Mar-09,ARV,Adult,SCMS from RDC,"Emtricitabine/Tenofovir Disoproxil Fumarate 200/300mg [Truvada], tablets, 30 Tabs",Emtricitabine/Tenofovir Disoproxil Fumarate,Truvada,300/200mg,Tablet - FDC,30,662,17377.5,26.25,0.88,"Aspen-OSD, Port Elizabeth, SA",Yes,62,6443.61,34.06,6443.61,62
11394,110-ZM-T01,Pre-PQ Process,SO-479,DN-186,Zambia,PMO - US,From RDC,N/A - From RDC,,Pre-PQ Process,N/A - From RDC,12-Jun-07,12-Jun-07,12-Jun-07,ARV,Pediatric,SCMS from RDC,"Efavirenz 50mg [Stocrin/Sustiva], capsule, 30 Caps",Efavirenz,Stocrin/Sustiva,50mg,Capsule,30,570,1977.9,3.47,0.12,"MSD Manati, Puerto Rico, (USA)",Yes,26,505.17,,505.17,26
1356,108-VN-T01,Pre-PQ Process,SCMS-749,ASN-744,Vietnam,PMO - US,Direct Drop,EXW,Air,Pre-PQ Process,7/3/07,2-Oct-07,2-Oct-07,2-Oct-07,ARV,Pediatric,Aurobindo Pharma Limited,"Nevirapine 10mg/ml, oral suspension, Bottle, 240 ml",Nevirapine,Generic,10mg/ml,Oral suspension,240,1000,1920.0,1.92,0.01,"Aurobindo Unit III, India",Yes,960,13762.41,3.07,13762.41,960
84202,103-ZW-T30,FPQ-9907,SO-42190,DN-2920,Zimbabwe,PMO - US,From RDC,N/A - From RDC,Truck,5/15/12,N/A - From RDC,14-Dec-12,13-Dec-12,13-Dec-12,ARV,Pediatric,SCMS from RDC,"Lamivudine/Stavudine 30/6mg, dispersible tablets, 60 Tabs",Lamivudine/Stavudine,Generic,30/6mg,Chewable/dispersible tablet - FDC,60,19425,36907.5,1.9,0.03,"Cipla, Goa, India",Yes,1043,8043.57,51.74,8043.57,1043
82945,151-NG-T30,FPQ-6800,SO-39240,DN-2174,Nigeria,PMO - US,From RDC,N/A - From RDC,Air Charter,12/7/10,N/A - From RDC,21-Jun-11,11-May-11,11-May-11,ARV,Adult,SCMS from RDC,"Tenofovir Disoproxil Fumarate 300mg, tablets, 30 Tabs",Tenofovir Disoproxil Fumarate,Generic,300mg,Tablet,30,844,5545.08,6.57,0.22,"Aurobindo Unit III, India",Yes,76,12601.07,9.15,12601.07,76
24905,114-UG-T30,FPQ-12777,SCMS-202560,ASN-22982,Uganda,PMO - US,Direct Drop,EXW,Air,8/5/13,8/9/13,10-Dec-13,10-Dec-13,10-Dec-13,ARV,Pediatric,Aurobindo Pharma Limited,"Nevirapine 10mg/ml, oral suspension w/syringe, Bottle, 100 ml",Nevirapine,Generic,10mg/ml,Oral suspension,100,10368,13478.4,1.3,0.01,"Aurobindo Unit III, India",Yes,2127,10898.13,16.67,10898.13,2127
11097,112-NG-T01,Pre-PQ Process,SO-340,DN-72,Nigeria,PMO - US,From RDC,N/A - From RDC,,Pre-PQ Process,N/A - From RDC,17-Apr-07,17-Apr-07,17-Apr-07,ARV,Adult,SCMS from RDC,"Stavudine 30mg, capsules, 60 Caps",Stavudine,Generic,30mg,Capsule,60,1260,2016.0,1.6,0.03,"Aurobindo Unit III, India",Yes,988,4251,,4251,988
32521,200-DO-T30,FPQ-6615,SCMS-93361,ASN-10226,Dominican Republic,PMO - US,Direct Drop,EXW,Air,11/10/10,12/1/10,4-Apr-11,4-Apr-11,4-Apr-11,ARV,Adult,Aurobindo Pharma Limited,"Lopinavir/Ritonavir 200/50mg, tablets, 120 Tabs",Lopinavir/Ritonavir,Generic,200/50mg,Tablet,120,2508,87780.0,35.0,0.29,"Aurobindo Unit III, India",Yes,645,5002.73,144.84,5002.73,645
26397,127-KE-T30,FPQ-7907,SCMS-115320,ASN-12097,Kenya,PMO - US,Direct Drop,EXW,Air,6/23/11,7/20/11,30-Sep-11,30-Sep-11,30-Sep-11,HRDT,HIV test,"Orgenics, Ltd","HIV 1/2, Determine Complete HIV Kit, 100 Tests","HIV 1/2, Determine Complete HIV Kit",Determine,,Test kit,100,7318,651302.0,89.0,0.89,Inverness Japan,Yes,2556,29339.63,1074.65,29339.63,2556
37872,108-VN-T30,FPQ-12539,SCMS-199740,ASN-22827,Vietnam,PMO - US,Direct Drop,EXW,Air,7/11/13,7/25/13,12-Dec-13,12-Dec-13,12-Dec-13,ARV,Adult,CIPLA LIMITED,"Lamivudine/Nevirapine/Zidovudine 150/200/300mg, tablets, 60 Tabs",Lamivudine/Nevirapine/Zidovudine,Generic,150/300/200mg,Tablet - FDC,60,10762,87172.2,8.1,0.13,"Cipla, Goa, India",Yes,1485,2702.63,107.83,2702.63,1485
35896,108-VN-T30,FPQ-12051,SCMS-188670,ASN-23622,Vietnam,PMO - US,Direct Drop,EXW,Air,5/3/13,5/17/13,22-Jan-14,22-Jan-14,22-Jan-14,ARV,Adult,Aurobindo Pharma Limited,"Lamivudine/Nevirapine/Zidovudine 150/200/300mg, tablets, 60 Tabs",Lamivudine/Nevirapine/Zidovudine,Generic,150/300/200mg,Tablet - FDC,60,26598,216773.7,8.15,0.14,"Aurobindo Unit III, India",Yes,3301,5764.28,268.15,5764.28,3301
84978,114-UG-T30,FPQ-13693,SO-47840,DN-3930,Uganda,PMO - US,From RDC,N/A - From RDC,Truck,2/7/14,N/A - From RDC,31-Oct-14,25-Sep-14,26-Sep-14,ARV,Pediatric,SCMS from RDC,"Lamivudine/Zidovudine 30/60mg, dispersible tablets, 60 Tabs",Lamivudine/Zidovudine,Generic,30/60mg,Chewable/dispersible tablet - FDC,60,4000,8600.0,2.15,0.04,"Cipla, Goa, India",Yes,474,1332.7,8.84,1332.7,474
83309,151-NG-T30,FPQ-14156,SO-50880,DN-4132,Nigeria,PMO - US,From RDC,N/A - From RDC,Air Charter,4/25/14,N/A - From RDC,2-Mar-15,5-Feb-15,10-Feb-15,ARV,Adult,SCMS from RDC,"Lamivudine/Tenofovir Disoproxil Fumarate 300/300mg, tablets, 30 Tabs",Lamivudine/Tenofovir Disoproxil Fumarate,Generic,300/300mg,Tablet - FDC,30,95597,443570.08,4.64,0.15,"Cipla, Kurkumbh, India",Yes,10656,20992.67,455.99,20992.67,10656
10764,111-MZ-T01,Pre-PQ Process,SO-28550,DN-1215,Mozambique,PMO - US,From RDC,N/A - From RDC,Air,Pre-PQ Process,N/A - From RDC,28-Jun-09,28-Jun-09,28-Jun-09,ARV,Adult,SCMS from RDC,"Lamivudine/Nevirapine/Stavudine 150/200/30mg, tablets, 60 Tabs",Lamivudine/Nevirapine/Stavudine,Generic,150/200/30mg,Tablet - FDC,60,47392,341222.4,7.2,0.12,"Cipla, Goa, India",Yes,7113,3599.76,668.8,3599.76,7113
49498,114-UG-T30,FPQ-10489,SCMS-159290,ASN-16575,Uganda,PMO - US,Direct Drop,CIP,Air,8/24/12,9/7/12,5-Oct-12,5-Oct-12,5-Oct-12,ARV,Adult,MERCK SHARP & DOHME IDEA GMBH (FORMALLY MERCK SHARP & DOHME B.V.),"Raltegravir 400mg [Isentress], tablets, 60 Tabs",Raltegravir,Isentress,400mg,Tablet,60,390,21645.0,55.5,0.92,"MSD, Haarlem, NL",Yes,39,433,30.35,433,39
83990,151-NG-T30,FPQ-4537,SO-35080,DN-1728,Nigeria,PMO - US,From RDC,N/A - From RDC,Air Charter,11/6/09,N/A - From RDC,19-Apr-10,18-May-10,18-May-10,ARV,Adult,SCMS from RDC,"Lamivudine/Tenofovir Disoproxil Fumarate 300/300mg, tablets, 30 Tabs",Lamivudine/Tenofovir Disoproxil Fumarate,Generic,300/300mg,Tablet - FDC,30,40148,401480.0,10.0,0.33,Mylan (formerly Matrix) Nashik,Yes,3312,9736.1,865.59,9736.1,3312
11249,117-ET-T01,Pre-PQ Process,SO-1964,DN-659,Ethiopia,PMO - US,From RDC,N/A - From RDC,Air,Pre-PQ Process,N/A - From RDC,12-Mar-08,12-Mar-08,12-Mar-08,ARV,Adult,SCMS from RDC,"Lamivudine 150mg, tablets, 60 Tabs",Lamivudine,Generic,150mg,Tablet,60,14044,42693.76,3.04,0.05,"Ranbaxy, Paonta Shahib, India",Yes,732,2963.8,68.31,2963.8,732
54780,106-HT-T30,FPQ-4034,SCMS-51230,ASN-4995,Haiti,PMO - US,Direct Drop,EXW,Air,7/29/09,9/1/09,7-Oct-09,7-Oct-09,7-Oct-09,HRDT,HIV test,Orasure Technologies Inc.,"HIV 1/2, OraQuick Advance HIV Rapid Antibody Kit, 100 Tests","HIV 1/2, OraQuick Advance HIV Rapid Antibody Kit",OraQuick,,Test kit,100,200,70000.0,350.0,3.5,"Pacific Biotech, Thailand",Yes,480,9334.68,137.2,9334.68,480
37506,108-VN-T30,FPQ-4720,SCMS-62370,ASN-6189,Vietnam,PMO - US,Direct Drop,FCA,Air,1/4/09,1/11/10,22-Mar-10,22-Mar-10,22-Mar-10,ARV,Adult,ABBVIE LOGISTICS (FORMERLY ABBOTT LOGISTICS BV),"Lopinavir/Ritonavir 200/50mg [Aluvia], tablets, 120 Tabs",Lopinavir/Ritonavir,Aluvia,200/50mg,Tablet,120,4165,342363.0,82.2,0.68,ABBVIE Ludwigshafen Germany,Yes,1010,5417.87,738.13,5417.87,1010
8207,107-RW-T01,Pre-PQ Process,SCMS-14730,ASN-1066,Rwanda,PMO - US,Direct Drop,CIP,Air,Pre-PQ Process,12/3/07,3-Jan-08,3-Jan-08,3-Jan-08,ARV,Adult,Aurobindo Pharma Limited,"Efavirenz 600mg, tablets, 30 Tabs",Efavirenz,Generic,600mg,Tablet,30,32510,381992.5,11.75,0.39,"Aurobindo Unit III, India",Yes,2791,28336.18,611.19,28336.18,2791
53002,107-RW-T30,FPQ-9910,SCMS-147040,ASN-15275,Rwanda,PMO - US,Direct Drop,EXW,Air,5/16/12,6/1/12,29-Jun-12,29-Jun-12,29-Jun-12,ARV,Adult,Aurobindo Pharma Limited,"Didanosine 400mg, delayed-release capsules, 30 Caps",Didanosine,Generic,400mg,Delayed-release capsules,30,1467,29340.0,20.0,0.67,"Aurobindo Unit III, India",Yes,114,4822.01,41.13,4822.01,114
11043,114-UG-T01,Pre-PQ Process,SO-30060,DN-1227,Uganda,PMO - US,From RDC,N/A - From RDC,Air,Pre-PQ Process,N/A - From RDC,1-Jun-09,1-Jun-09,1-Jun-09,ARV,Adult,SCMS from RDC,"Lopinavir/Ritonavir 200/50mg [Aluvia], tablets, 120 Tabs",Lopinavir/Ritonavir,Aluvia,200/50mg,Tablet,120,100,4110.0,41.1,0.34,ABBVIE Ludwigshafen Germany,Yes,23,1152.63,8.06,1152.63,23
82760,111-MZ-T30,FPQ-13124,SO-47054,DN-4050,Mozambique,PMO - US,From RDC,N/A - From RDC,Truck,10/21/13,N/A - From RDC,23-Mar-15,23-Mar-15,23-Mar-15,ARV,Adult,SCMS from RDC,"Lamivudine/Zidovudine 150/300mg, tablets, 60 Tabs",Lamivudine/Zidovudine,Generic,150/300mg,Tablet - FDC,60,139000,935470.0,6.73,0.11,Hetero Unit III Hyderabad IN,Yes,12307,8191.96,961.66,8191.96,12307
85365,111-MZ-T30,FPQ-11884,SO-44861,DN-3181,Mozambique,PMO - US,From RDC,N/A - From RDC,Truck,3/19/13,N/A - From RDC,30-Sep-13,8-Aug-13,8-Aug-13,ARV,Adult,SCMS from RDC,"Abacavir 300mg, tablets, 60 Tabs",Abacavir,Generic,300mg,Tablet,60,10000,129600.0,12.96,0.22,Mylan (formerly Matrix) Nashik,Yes,1033,7951.22,160.32,7951.22,1033
72698,108-VN-T30,FPQ-12539,SCMS-199720,ASN-22937,Vietnam,PMO - US,Direct Drop,EXW,Air,7/11/13,7/25/13,16-Dec-13,16-Dec-13,16-Dec-13,ARV,Adult,Aurobindo Pharma Limited,"Abacavir 300mg, tablets, 60 Tabs",Abacavir,Generic,300mg,Tablet,60,591,6737.4,11.4,0.19,"Aurobindo Unit III, India",Yes,36,430.5,8.33,430.5,36
86517,102-ZW-T30,FPQ-9927,SO-42301,DN-2866,Zimbabwe,PMO - US,From RDC,N/A - From RDC,Truck,5/15/12,N/A - From RDC,31-Oct-12,5-Oct-12,5-Oct-12,ARV,Adult,SCMS from RDC,"Lamivudine/Nevirapine/Zidovudine 150/200/300mg, tablets, 60 Tabs",Lamivudine/Nevirapine/Zidovudine,Generic,150/300/200mg,Tablet - FDC,60,100000,981000.0,9.81,0.16,Hetero Unit III Hyderabad IN,Yes,14115,8751.99,1375.36,8751.99,14115
12646,111-MZ-T01,Pre-PQ Process,SO-260,DN-68,Mozambique,PMO - US,From RDC,N/A - From RDC,Air,Pre-PQ Process,N/A - From RDC,4-May-07,4-May-07,4-May-07,ARV,Adult,SCMS from RDC,"Nelfinavir (as mesilate) 250mg [Viracept], tablets, 270 Tabs",Nelfinavir (as mesilate),Viracept,250mg,Tablet,270,2579,205288.4,79.6,0.29,Roche Madrid,Yes,663,1824.11,,1824.11,663
81197,144-BW-T30,FPQ-4167,SCMS-54160,ASN-5246,Botswana,PMO - US,Direct Drop,EXW,Air,9/9/09,9/30/09,23-Nov-09,23-Nov-09,23-Nov-09,HRDT,HIV test - Ancillary,Orasure Technologies Inc.,"#109435**HIV, OraQuick Controls Kit, 3 Vials","HIV, OraQuick Controls Kit, 3 Vials",OraQuick,,Test kit - Ancillary,3,10,250.0,25.0,8.33,"Orasure Technologies, Inc USA",Yes,6,337.89,0.49,337.89,6
11798,110-ZM-T01,Pre-PQ Process,SO-976,DN-384,Zambia,PMO - US,From RDC,N/A - From RDC,,Pre-PQ Process,N/A - From RDC,29-Oct-07,29-Oct-07,29-Oct-07,ARV,Adult,SCMS from RDC,"Abacavir 300mg, tablets, 60 Tabs",Abacavir,Generic,300mg,Tablet,60,2489,68522.17,27.53,0.46,"Cipla, Patalganga, India",No,See DN-384 (ID#:10901),See DN-384 (ID#:10901),109.64,25739.49,6230
86625,113-ZW-T30,FPQ-10895,SO-43550,DN-3404,Zimbabwe,PMO - US,From RDC,N/A - From RDC,Truck,10/25/12,N/A - From RDC,30-Nov-13,25-Nov-13,9-Dec-13,ARV,Adult,SCMS from RDC,"Efavirenz/Lamivudine/Tenofovir Disoproxil Fumarate 600/300/300mg, tablets, 30 Tabs",Efavirenz/Lamivudine/Tenofovir Disoproxil Fumarate,Generic,600/300/300mg,Tablet - FDC,30,20160,224784.0,11.15,0.37,Mylan (formerly Matrix) Nashik,Yes,2277,10942.88,278.06,10942.88,2277
116,108-VN-T01,Pre-PQ Process,SCMS-759,ASN-632,Vietnam,PMO - US,Direct Drop,FCA,Air,Pre-PQ Process,7/4/07,27-Aug-07,27-Aug-07,27-Aug-07,ARV,Adult,ABBVIE LOGISTICS (FORMERLY ABBOTT LOGISTICS BV),"Lopinavir/Ritonavir 200/50mg [Aluvia], tablets, 120 Tabs",Lopinavir/Ritonavir,Aluvia,200/50mg,Tablet,120,500,41095.0,82.19,0.68,ABBVIE Ludwigshafen Germany,Yes,117,1767.38,65.75,1767.38,117
8017,100-HT-T01,Pre-PQ Process,SCMS-539,ASN-364,Haiti,PMO - US,Direct Drop,EXW,Air,Pre-PQ Process,4/4/07,3-May-07,3-May-07,3-May-07,HRDT,HIV test,Abbott GmbH & Co. KG,"HIV 1/2, Determine Complete HIV Kit, 100 Tests","HIV 1/2, Determine Complete HIV Kit",Determine,,Test kit,100,1000,80000.0,80.0,0.8,ABBVIE GmbH & Co.KG Wiesbaden,Yes,343,2802.42,,2802.42,343
83196,109-TZ-T30,FPQ-12587,SO-45995,DN-3458,Tanzania,PMO - US,From RDC,N/A - From RDC,Truck,7/4/13,N/A - From RDC,31-Dec-13,25-Feb-14,13-Mar-14,ARV,Adult,SCMS from RDC,"Emtricitabine/Tenofovir Disoproxil Fumarate 200/300mg, tablets, 30 Tabs",Emtricitabine/Tenofovir Disoproxil Fumarate,Generic,200/300mg,Tablet - FDC,30,2178,12784.86,5.87,0.2,"Aurobindo Unit III, India",Yes,2304,5989.25,15.81,5989.25,2304
78116,108-VN-T30,FPQ-5094,SCMS-68490,ASN-7260,Vietnam,PMO - US,Direct Drop,EXW,Air,3/15/10,3/24/10,1-Jul-10,1-Jul-10,1-Jul-10,ARV,Adult,STRIDES ARCOLAB LIMITED,"Lamivudine/Nevirapine/Zidovudine 150/200/300mg, tablets, 60 Tabs",Lamivudine/Nevirapine/Zidovudine,Generic,150/300/200mg,Tablet - FDC,60,24349,267839.0,11.0,0.18,"Strides, Bangalore, India.",Yes,2799,11838.56,577.46,11838.56,2799
83974,104-CI-T30,FPQ-3964,SO-34521,DN-1620,Côte d'Ivoire,PMO - US,From RDC,N/A - From RDC,Air,7/24/09,N/A - From RDC,8-Feb-10,23-Jan-10,23-Jan-10,ARV,Adult,SCMS from RDC,"Efavirenz 600mg, tablets, 30 Tabs",Efavirenz,Generic,600mg,Tablet,30,8676,50147.28,5.78,0.19,"Aurobindo Unit III, India",Yes,4845,5254.1,98.29,5254.1,4845
80616,104-CI-T30,FPQ-6897,SCMS-100980,ASN-10406,Côte d'Ivoire,PMO - US,Direct Drop,FCA,Air,1/5/11,3/24/11,30-Jun-11,30-Jun-11,30-Jun-11,ARV,Adult,ABBVIE LOGISTICS (FORMERLY ABBOTT LOGISTICS BV),"Lopinavir/Ritonavir 200/50mg [Aluvia], tablets, 120 Tabs",Lopinavir/Ritonavir,Aluvia,200/50mg,Tablet,120,9517,320722.9,33.7,0.28,ABBVIE Ludwigshafen Germany,Yes,2368,17068.85,529.19,17068.85,2368
11278,123-NG-T01,Pre-PQ Process,SO-17680,DN-1010,Nigeria,PMO - US,From RDC,N/A - From RDC,Air,Pre-PQ Process,N/A - From RDC,26-Nov-08,26-Nov-08,26-Nov-08,ARV,Adult,SCMS from RDC,"Lamivudine/Zidovudine 150/300mg, tablets, 60 Tabs",Lamivudine/Zidovudine,Generic,150/300mg,Tablet - FDC,60,11569,109327.05,9.45,0.16,"Aurobindo Unit III, India",Yes,1072,8504.72,214.28,8504.72,1072
84446,110-ZM-T30,FPQ-14784,SO-49580,DN-4110,Zambia,PMO - US,From RDC,N/A - From RDC,Truck,8/12/14,N/A - From RDC,28-Feb-15,19-Feb-15,20-Feb-15,ARV,Pediatric,SCMS from RDC,"Lamivudine/Zidovudine 30/60mg, dispersible tablets, 60 Tabs",Lamivudine/Zidovudine,Generic,30/60mg,Chewable/dispersible tablet - FDC,60,4000,7960.0,1.99,0.03,"Mylan,  H-12 & H-13, India",Yes,312,274.51,8.18,274.51,312
74492,107-RW-T30,FPQ-8742,SCMS-137540,ASN-14799,Rwanda,PMO - US,Direct Drop,EXW,Ocean,12/7/11,4/3/12,16-Jul-12,16-Jul-12,16-Jul-12,ARV,Adult,MYLAN LABORATORIES LTD (FORMERLY MATRIX LABORATORIES),"Efavirenz/Lamivudine/Tenofovir Disoproxil Fumarate 600/300/300mg, tablets, 30 Tabs",Efavirenz/Lamivudine/Tenofovir Disoproxil Fumarate,Generic,600/300/300mg,Tablet - FDC,30,39330,511290.0,13.0,0.43,Mylan (formerly Matrix) Nashik,Yes,4426,66916.5,716.83,66916.5,4426
11225,107-RW-T01,Pre-PQ Process,SO-1682,DN-580,Rwanda,PMO - US,From RDC,N/A - From RDC,Air,Pre-PQ Process,N/A - From RDC,28-Jan-08,28-Jan-08,28-Jan-08,ARV,Adult,SCMS from RDC,"Stavudine 30mg, capsules, 60 Caps",Stavudine,Generic,30mg,Capsule,60,392,842.8,2.15,0.04,"Aurobindo Unit III, India",Yes,29,1372.38,1.35,1372.38,29
6023,106-HT-T01,Pre-PQ Process,DSCM-10090,ASN-2615,Haiti,PMO - US,Direct Drop,EXW,Air,Pre-PQ Process,Date Not Captured,16-Dec-08,16-Oct-08,16-Oct-08,ANTM,Malaria,IDA FOUNDATION,"Chloroquine 150mg base (as phosphate), [DON] tablets, 1000 Tabs",Chloroquine base (as phosphate),Generic,150mg,Tablet,1000,30,197.1,6.57,0.01,Meditab (for Cipla) Daman IN,Yes,3221,21015.77,0.39,21015.77,3221
86249,123-NG-T30,FPQ-4014,SO-32973,DN-1593,Nigeria,PMO - US,From RDC,N/A - From RDC,Air Charter,7/27/09,N/A - From RDC,31-Jan-10,18-Dec-09,18-Dec-09,ARV,Adult,SCMS from RDC,"Lamivudine/Zidovudine 150/300mg, tablets, 60 Tabs",Lamivudine/Zidovudine,Generic,150/300mg,Tablet - FDC,60,11949,104673.24,8.76,0.15,"Aurobindo Unit III, India",Yes,1084,11637.65,205.16,11637.65,1084
85308,111-MZ-T30,FPQ-10210,SO-42820,DN-2862,Mozambique,PMO - US,From RDC,N/A - From RDC,Truck,6/28/12,N/A - From RDC,31-Oct-12,10-Oct-12,10-Oct-12,ARV,Adult,SCMS from RDC,"Lamivudine 150mg, tablets, 60 Tabs",Lamivudine,Generic,150mg,Tablet,60,8586,19060.92,2.22,0.04,Hetero Unit III Hyderabad IN,No,See DN-2862 (ID#:83083),See DN-2862 (ID#:83083),26.72,3855.94,775
11737,120-AO-T01,Pre-PQ Process,SO-779,DN-249,Angola,PMO - US,From RDC,N/A - From RDC,Truck,Pre-PQ Process,N/A - From RDC,15-Oct-07,15-Oct-07,15-Oct-07,HRDT,HIV test,SCMS from RDC,"HIV 1/2, Uni-Gold HIV Kit, 20 Tests","HIV 1/2, Uni-Gold HIV Kit",Uni-Gold,,Test kit,20,150,4800.0,32.0,1.6,"Trinity Biotech, Plc",Yes,54,952.04,7.68,952.04,54
61612,106-HT-T30,FPQ-14895,SCMS-261010,ASN-32057,Haiti,PMO - US,Direct Drop,EXW,Air,9/24/14,11/14/14,28-May-15,28-May-15,29-May-15,ARV,Adult,EMCURE PHARMACEUTICALS LTD,"Atazanavir/Ritonavir 300/100mg, tablets, 30 Tabs",Atazanavir/Ritonavir,Generic,300/100mg,Tablet,30,1000,18000.0,18.0,0.6,"Emcure Plot No.P-2, I.T-B.T. Park, Phase II, MIDC, Hinjwadi, Pune, India",Yes,132,1579.89,18.5,1579.89,132
44448,161-ZA-T30,FPQ-7175,SCMS-104080,ASN-12035,South Africa,PMO - US,Direct Drop,DDP,Ocean,3/10/11,3/28/11,13-Dec-11,13-Dec-11,13-Dec-11,ARV,Adult,CIPLA LIMITED,"Nevirapine 200mg, tablets, 60 Tabs",Nevirapine,Generic,200mg,Tablet,60,104636,284609.92,2.72,0.05,"Cipla, Goa, India",Yes,11275,8527.46,469.61,8527.46,11275
85780,114-UG-T30,FPQ-8048,SO-40220,DN-2313,Uganda,PMO - US,From RDC,N/A - From RDC,Truck,7/13/11,N/A - From RDC,22-Sep-11,26-Aug-11,26-Aug-11,ARV,Adult,SCMS from RDC,"Lamivudine 150mg, tablets, 60 Tabs",Lamivudine,Generic,150mg,Tablet,60,1946,4534.18,2.33,0.04,Hetero Unit III Hyderabad IN,Yes,195,2070.68,7.48,2070.68,195
36617,108-VN-T30,FPQ-15040,SCMS-263660,ASN-30941,Vietnam,PMO - US,Direct Drop,EXW,Air,10/30/14,12/8/14,31-Mar-15,31-Mar-15,1-Apr-15,ARV,Adult,HETERO LABS LIMITED,"Abacavir 300mg, tablets, 60 Tabs",Abacavir,Generic,300mg,Tablet,60,800,8960.0,11.2,0.19,Hetero Unit III Hyderabad IN,No,See ASN-30941 (ID#:32306),See ASN-30941 (ID#:32306),9.21,1593.67,953
84117,110-ZM-T30,FPQ-7085,SO-38743,DN-2396,Zambia,PMO - US,From RDC,N/A - From RDC,Truck,2/3/11,N/A - From RDC,10-Dec-11,9-Dec-11,9-Dec-11,ARV,Adult,SCMS from RDC,"Nevirapine 200mg, tablets, 60 Tabs",Nevirapine,Generic,200mg,Tablet,60,19200,48192.0,2.51,0.04,Mylan (formerly Matrix) Nashik,Yes,1936,9421.76,79.52,9421.76,1936
84778,104-CI-T30,FPQ-9749,SO-42410,DN-2957,Côte d'Ivoire,PMO - US,From RDC,N/A - From RDC,Truck,4/19/12,N/A - From RDC,31-Jan-13,14-Jan-13,14-Jan-13,ARV,Pediatric,SCMS from RDC,"Lamivudine/Nevirapine/Zidovudine 30/50/60mg, dispersible tablets, 60 Tabs",Lamivudine/Nevirapine/Zidovudine,Generic,30/50/60mg,Chewable/dispersible tablet - FDC,60,5701,23659.15,4.15,0.07,Mylan (formerly Matrix) Nashik,Yes,338,3487.55,33.17,3487.55,338
12475,106-HT-T01,Pre-PQ Process,SO-2071,DN-693,Haiti,PMO - US,From RDC,N/A - From RDC,Air,Pre-PQ Process,N/A - From RDC,11-Apr-08,11-Apr-08,11-Apr-08,ARV,Pediatric,SCMS from RDC,"Efavirenz 30mg/ml [Stocrin/Sustiva], oral solution, Bottle, 180 ml",Efavirenz,Stocrin/Sustiva,30mg/ml,Oral solution,180,70,1187.2,16.96,0.09,"MSD, Haarlem, NL",Yes,30,933.09,1.9,933.09,30
11951,104-CI-T01,Pre-PQ Process,SO-16223,DN-1112,Côte d'Ivoire,PMO - US,From RDC,N/A - From RDC,Air,Pre-PQ Process,N/A - From RDC,5-Mar-09,5-Mar-09,5-Mar-09,ARV,Pediatric,SCMS from RDC,"Stavudine 1mg/ml, powder for oral solution, 200 ml",Stavudine,Generic,1mg/ml,Oral solution,200,800,1120.0,1.4,0.01,"Aurobindo Unit III, India",Yes,77,1286,2.2,1286,77
43526,200-UG-T30,FPQ-14628,SCMS-253250,ASN-28512,Uganda,PMO - US,Direct Drop,EXW,Air,7/23/14,9/4/14,13-Nov-14,13-Nov-14,13-Nov-14,HRDT,HIV test,"Orgenics, Ltd","HIV 1/2, Determine Complete HIV Kit, 100 Tests","HIV 1/2, Determine Complete HIV Kit",Determine,,Test kit,100,4000,320000.0,80.0,0.8,"Alere Medical Co., Ltd.",Yes,1624,14692.8,328.96,14692.8,1624
11606,109-TZ-T01,Pre-PQ Process,SO-2563,DN-899,Tanzania,PMO - US,From RDC,N/A - From RDC,Air,Pre-PQ Process,N/A - From RDC,26-Sep-08,26-Sep-08,26-Sep-08,ARV,Adult,SCMS from RDC,"Efavirenz 600mg, tablets, 30 Tabs",Efavirenz,Generic,600mg,Tablet,30,131808,1583014.08,12.01,0.4,Mylan (formerly Matrix) Nashik,Yes,9996,8399.76,2532.82,8399.76,9996
84128,151-NG-T30,FPQ-8364,SO-40662,DN-2464,Nigeria,PMO - US,From RDC,N/A - From RDC,Air Charter,8/29/11,N/A - From RDC,16-Mar-12,18-Dec-11,18-Dec-11,ARV,Adult,SCMS from RDC,"Lamivudine/Tenofovir Disoproxil Fumarate 300/300mg, tablets, 30 Tabs",Lamivudine/Tenofovir Disoproxil Fumarate,Generic,300/300mg,Tablet - FDC,30,53279,438486.17,8.23,0.27,Mylan (formerly Matrix) Nashik,Yes,5494,15322.73,723.5,15322.73,5494
85121,114-UG-T30,FPQ-5239,SO-36141,DN-1852,Uganda,PMO - US,From RDC,N/A - From RDC,Air,3/2/10,N/A - From RDC,30-Jun-10,22-Jun-10,22-Jun-10,ARV,Adult,SCMS from RDC,"Emtricitabine/Tenofovir Disoproxil Fumarate 200/300mg, tablets, 30 Tabs",Emtricitabine/Tenofovir Disoproxil Fumarate,Generic,200/300mg,Tablet - FDC,30,1500,17625.0,11.75,0.39,Mylan (formerly Matrix) Nashik,Yes,109,2288.29,38.0,2288.29,109
83589,102-LY-T30,FPQ-9665,SO-41890,DN-2640,Libya,PMO - US,From RDC,N/A - From RDC,Air,4/4/12,N/A - From RDC,6-Jun-12,8-May-12,8-May-12,ARV,Adult,SCMS from RDC,"Abacavir 300mg, tablets, 60 Tabs",Abacavir,Generic,300mg,Tablet,60,4250,55887.5,13.15,0.22,Mylan (formerly Matrix) Nashik,Yes,437,3062.18,78.35,3062.18,437
12150,110-ZM-T01,Pre-PQ Process,SO-1489,DN-510,Zambia,PMO - US,From RDC,N/A - From RDC,Air,Pre-PQ Process,N/A - From RDC,14-Feb-08,14-Feb-08,14-Feb-08,ARV,Adult,SCMS from RDC,"Abacavir 300mg, tablets, 60 Tabs",Abacavir,Generic,300mg,Tablet,60,8251,227150.03,27.53,0.46,"Aurobindo Unit III, India",Yes,822,3303.52,363.44,3303.52,822
71263,119-NA-T30,FPQ-7679,SCMS-109950,ASN-11489,Namibia,PMO - US,Direct Drop,EXW,Air,5/12/11,5/31/11,3-Aug-11,3-Aug-11,3-Aug-11,HRDT,HIV test,"Trinity Biotech, Plc","HIV 1/2, Uni-Gold HIV Kit, 20 Tests","HIV 1/2, Uni-Gold HIV Kit",Uni-Gold,,Test kit,20,728,23296.0,32.0,1.6,"Trinity Biotech, Plc",Yes,245,6897.71,38.44,6897.71,245
84074,111-MZ-T30,FPQ-7053,SO-38670,DN-2160,Mozambique,PMO - US,From RDC,N/A - From RDC,Truck,1/24/11,N/A - From RDC,31-May-11,6-Apr-11,6-Apr-11,ARV,Adult,SCMS from RDC,"Lamivudine 150mg, tablets, 60 Tabs",Lamivudine,Generic,150mg,Tablet,60,4050,9436.5,2.33,0.04,"Aurobindo Unit III, India",Yes,195,3495.81,15.57,3495.81,195
2571,119-NA-T01,Pre-PQ Process,SCMS-45620,ASN-4511,Namibia,PMO - US,Direct Drop,EXW,Air,Pre-PQ Process,5/8/09,18-Aug-09,18-Aug-09,18-Aug-09,ARV,Pediatric,CIPLA LIMITED,"Lamivudine/Stavudine 30/6mg, dispersible tablets, 60 Tabs",Lamivudine/Stavudine,Generic,30/6mg,Chewable/dispersible tablet - FDC,60,2000,3800.0,1.9,0.03,"Cipla, Goa, India",Yes,251,1484.75,7.45,1484.75,251
54243,901-NA-T30,FPQ-14728,SCMS-252620,ASN-27961,Namibia,PMO - US,Direct Drop,EXW,Air,7/30/14,8/19/14,29-Sep-14,29-Sep-14,30-Sep-14,ARV,Adult,MYLAN LABORATORIES LTD (FORMERLY MATRIX LABORATORIES),"Efavirenz/Emtricitabine/Tenofovir Disoproxil Fumarate 600/200/300mg, tablets, 30 Tabs",Efavirenz/Emtricitabine/Tenofovir Disoproxil Fumarate,Generic,600/200/300mg,Tablet - FDC,30,36000,378000.0,10.5,0.35,"Mylan,  H-12 & H-13, India",Yes,4171,20371.77,388.58,20371.77,4171
32743,108-VN-T30,FPQ-13976,SCMS-235620,ASN-28217,Vietnam,PMO - US,Direct Drop,FCA,Air,4/8/14,4/30/14,22-Oct-14,22-Oct-14,22-Oct-14,ARV,Adult,ABBVIE LOGISTICS (FORMERLY ABBOTT LOGISTICS BV),"Lopinavir/Ritonavir 200/50mg [Aluvia], tablets, 120 Tabs",Lopinavir/Ritonavir,Aluvia,200/50mg,Tablet,120,2000,121640.0,60.82,0.51,ABBVIE Ludwigshafen Germany,Yes,499,1467.82,125.05,1467.82,499
26879,161-ZA-T30,FPQ-6262,SCMS-83790,ASN-9477,South Africa,PMO - US,Direct Drop,DDP,Ocean,8/31/10,9/24/10,6-Jan-11,10-Mar-11,10-Mar-11,ARV,Pediatric,Aurobindo Pharma Limited,"Nevirapine 10mg/ml, oral suspension w/syringe, Bottle, 240 ml",Nevirapine,Generic,10mg/ml,Oral suspension,240,10233,21693.96,2.12,0.01,"Aurobindo Unit III, India",Yes,3542,6660.05,46.77,6660.05,3542
20185,105-SS-T30,FPQ-14470,SCMS-245260,ASN-29409,South Sudan,PMO - US,Direct Drop,EXW,Air,6/17/14,6/30/14,22-Dec-14,22-Dec-14,13-Jan-15,HRDT,HIV test - Ancillary,"Orgenics, Ltd","Chase Buffer, Determine, 100 Tests, 2.5ml x 1 Vial","Chase Buffer, Determine, 100 Tests, 2.5ml x 1 Vial",Determine,,Test kit - Ancillary,1,160,800.0,5.0,5.0,"Alere Medical Co., Ltd.",Yes,149,2084.52,0.82,2084.52,149
7469,117-ET-T01,Pre-PQ Process,SCMS-32640,ASN-2934,Ethiopia,PMO - US,Direct Drop,EXW,Air,Pre-PQ Process,10/27/08,3-Dec-08,1-Dec-08,1-Dec-08,HRDT,HIV test,"SHANGHAI KEHUA BIOENGINEERING CO.,LTD.  (KHB)","HIV 1/2, SKB Colloidal Gold, Diagnostic Kit, Antibody, 50 Tests","HIV 1/2, Colloidal Gold, Diagnostic Kit, Antibody",Colloidal Gold,,Test kit,1,3510,80730.0,23.0,23.0,"KHB Test Kit Facility, Shanghai China",Yes,2535,23035.69,158.23,23035.69,2535
60818,109-TZ-T30,FPQ-7680,SCMS-111650,ASN-13770,Tanzania,PMO - US,Direct Drop,FCA,Air,6/6/11,6/22/11,9-Mar-12,9-Mar-12,9-Mar-12,ARV,Adult,ABBVIE LOGISTICS (FORMERLY ABBOTT LOGISTICS BV),"Ritonavir 100mg [Norvir], film coated tablets, 60 Tabs",Ritonavir,Norvir,100mg,Tablet,60,2145,14693.25,6.85,0.11,ABBVIE Ludwigshafen Germany,Yes,309,2383.65,24.24,2383.65,309
83180,109-TZ-T30,FPQ-13042,SO-46680,DN-3401,Tanzania,PMO - US,From RDC,N/A - From RDC,Truck,10/1/13,N/A - From RDC,26-Dec-13,16-Dec-13,17-Jan-14,ARV,Adult,SCMS from RDC,"Nevirapine 200mg, tablets, 60 Tabs",Nevirapine,Generic,200mg,Tablet,60,31144,70385.44,2.26,0.04,Hetero Unit III Hyderabad IN,Yes,10109,7134.39,87.07,7134.39,10109
40934,108-VN-T30,FPQ-12051,SCMS-188570,ASN-21378,Vietnam,PMO - US,Direct Drop,FCA,Air,5/3/13,8/19/13,16-Sep-13,16-Sep-13,16-Sep-13,ARV,Adult,ABBVIE LOGISTICS (FORMERLY ABBOTT LOGISTICS BV),"Ritonavir 100mg [Norvir], film coated tablets, 30 Tabs",Ritonavir,Norvir,100mg,Tablet,30,71,1651.46,23.26,0.78,ABBVIE Ludwigshafen Germany,Yes,15,493.42,2.04,493.42,15
65363,117-ET-T30,FPQ-5582,SCMS-72390,ASN-9567,Ethiopia,PMO - US,Direct Drop,EXW,Air,4/28/10,4/29/10,14-Feb-11,14-Feb-11,14-Feb-11,ARV,Adult,Aurobindo Pharma Limited,"Didanosine 400mg, delayed-release capsules, 30 Caps",Didanosine,Generic,400mg,Delayed-release capsules,30,750,15000.0,20.0,0.67,"Aurobindo Unit III, India",No,See ASN-9567 (ID#:15946),See ASN-9567 (ID#:15946),32.34,1131.48,236
84260,109-TZ-T30,FPQ-12015,SO-44981,DN-3155,Tanzania,PMO - US,From RDC,N/A - From RDC,Truck,4/2/13,N/A - From RDC,23-Aug-13,14-May-13,14-May-13,ARV,Pediatric,SCMS from RDC,"Lamivudine/Nevirapine/Stavudine 30/50/6mg, dispersible tablets, 60 Tabs",Lamivudine/Nevirapine/Stavudine,Generic,30/50/6mg,Chewable/dispersible tablet - FDC,60,12917,29709.1,2.3,0.04,"Cipla, Goa, India",Yes,2461,3592.8,36.75,3592.8,2461
22531,108-VN-T30,FPQ-4265,SCMS-56220,ASN-5683,Vietnam,PMO - US,Direct Drop,EXW,Air,10/20/09,11/2/09,7-Jan-10,7-Jan-10,7-Jan-10,ARV,Adult,CIPLA LIMITED,"Lamivudine/Nevirapine/Stavudine 150/200/30mg, tablets, 60 Tabs",Lamivudine/Nevirapine/Stavudine,Generic,150/200/30mg,Tablet - FDC,60,19600,120540.0,6.15,0.1,"Cipla, Goa, India",Yes,1926,12423.96,236.26,12423.96,1926
85196,106-HT-T30,FPQ-6484,SO-37770,DN-2292,Haiti,PMO - US,From RDC,N/A - From RDC,Air,10/13/10,N/A - From RDC,22-Jul-11,17-Jul-11,17-Jul-11,ARV,Pediatric,SCMS from RDC,"Nevirapine 10mg/ml, oral suspension w/syringe, Bottle, 240 ml",Nevirapine,Generic,10mg/ml,Oral suspension,240,3100,6045.0,1.95,0.01,"Aurobindo Unit III, India",Yes,1156,14661.14,13.03,14661.14,1156
11018,106-HT-T01,Pre-PQ Process,SO-15950,DN-945,Haiti,PMO - US,From RDC,N/A - From RDC,Air,Pre-PQ Process,N/A - From RDC,27-Oct-08,27-Oct-08,27-Oct-08,ARV,Adult,SCMS from RDC,"Efavirenz 600mg, tablets, 30 Tabs",Efavirenz,Generic,600mg,Tablet,30,8192,90112.0,11.0,0.37,Mylan (formerly Matrix) Nashik,Yes,9516,101348.75,144.18,101348.75,9516
83677,114-UG-T30,FPQ-10946,SO-43650,DN-3121,Uganda,PMO - US,From RDC,N/A - From RDC,Air,11/1/12,N/A - From RDC,9-Aug-13,9-Aug-13,9-Aug-13,ARV,Adult,SCMS from RDC,"Lamivudine/Tenofovir Disoproxil Fumarate 300/300mg, tablets, 30 Tabs",Lamivudine/Tenofovir Disoproxil Fumarate,Generic,300/300mg,Tablet - FDC,30,30685,144219.5,4.7,0.16,Hetero Unit III Hyderabad IN,Yes,5426,6506.75,178.4,6506.75,5426
22160,106-HT-T30,FPQ-14083,SCMS-240201,ASN-27545,Haiti,PMO - US,Direct Drop,EXW,Ocean,5/11/14,6/2/14,20-Oct-14,20-Oct-14,6-Nov-14,ARV,Adult,MYLAN LABORATORIES LTD (FORMERLY MATRIX LABORATORIES),"Efavirenz/Lamivudine/Tenofovir Disoproxil Fumarate 600/300/300mg, tablets, 30 Tabs",Efavirenz/Lamivudine/Tenofovir Disoproxil Fumarate,Generic,600/300/300mg,Tablet - FDC,30,46500,499410.0,10.74,0.36,Mylan (formerly Matrix) Nashik,Yes,5342,9195.61,513.39,9195.61,5342
68662,901-CM-T30,FPQ-12837,SCMS-204300,ASN-21703,Cameroon,PMO - US,Direct Drop,EXW,Air,8/19/13,8/23/13,18-Oct-13,11-Oct-13,14-Oct-13,ARV,Adult,Aurobindo Pharma Limited,"Lamivudine/Nevirapine/Zidovudine 150/200/300mg, tablets, 60 Tabs",Lamivudine/Nevirapine/Zidovudine,Generic,150/300/200mg,Tablet - FDC,60,34910,283818.3,8.13,0.14,"Aurobindo Unit III, India",Yes,4426,37479.21,351.08,37479.21,4426
11864,110-ZM-T01,Pre-PQ Process,SO-2475,DN-749,Zambia,PMO - US,From RDC,N/A - From RDC,Air,Pre-PQ Process,N/A - From RDC,29-May-08,29-May-08,29-May-08,ARV,Adult,SCMS from RDC,"Nevirapine 200mg, tablets, 60 Tabs",Nevirapine,Generic,200mg,Tablet,60,50000,170000.0,3.4,0.06,"Aurobindo Unit III, India",Yes,4733,6002.19,272.0,6002.19,4733
82884,104-CI-T30,FPQ-4659,SO-35600,DN-1825,Côte d'Ivoire,PMO - US,From RDC,N/A - From RDC,Air,12/8/09,N/A - From RDC,31-May-10,20-May-10,20-May-10,ARV,Adult,SCMS from RDC,"Emtricitabine/Tenofovir Disoproxil Fumarate 200/300mg [Truvada], tablets, 30 Tabs",Emtricitabine/Tenofovir Disoproxil Fumarate,Truvada,300/200mg,Tablet - FDC,30,3120,81900.0,26.25,0.88,"Aspen-OSD, Port Elizabeth, SA",Yes,798,2941.11,176.58,2941.11,798
37612,103-ZW-T30,FPQ-13969,SCMS-239170,ASN-26975,Zimbabwe,PMO - US,Direct Drop,EXW,Ocean,4/8/14,5/15/14,10-Sep-14,10-Sep-14,30-Oct-14,ARV,Pediatric,ABBVIE LOGISTICS (FORMERLY ABBOTT LOGISTICS BV),"Lopinavir/Ritonavir 100/25mg [Aluvia], tablets, 60 Tabs",Lopinavir/Ritonavir,Generic,100/25mg,Tablet,60,41840,248529.6,5.94,0.1,ABBVIE Ludwigshafen Germany,Yes,4528,25189.51,255.49,25189.51,4528
12447,117-ET-T01,Pre-PQ Process,SO-1530,DN-537,Ethiopia,PMO - US,From RDC,N/A - From RDC,Air,Pre-PQ Process,N/A - From RDC,20-Dec-07,25-Dec-07,25-Dec-07,ARV,Adult,SCMS from RDC,"Nevirapine 200mg, tablets, 60 Tabs",Nevirapine,Generic,200mg,Tablet,60,12745,43333.0,3.4,0.06,"Aurobindo Unit III, India",Yes,1197,8332,69.33,8332,1197
84343,103-ZW-T30,FPQ-13109,SO-46960,DN-3572,Zimbabwe,PMO - US,From RDC,N/A - From RDC,Truck,10/17/13,N/A - From RDC,31-Mar-14,24-Mar-14,4-Apr-14,ARV,Pediatric,SCMS from RDC,"Abacavir 20mg/ml, oral solution w/syringe, Bottle, 240 ml",Abacavir,Generic,20mg/ml,Oral solution,240,595,5063.45,8.51,0.04,"Aurobindo Unit III, India",Yes,236,7300,5.21,7300,236
75494,107-RW-T30,FPQ-11772,SCMS-178950,ASN-18564,Rwanda,PMO - US,Direct Drop,EXW,Air,2/25/13,2/25/13,15-Mar-13,15-Mar-13,15-Mar-13,HRDT,HIV test,"Trinity Biotech, Plc","HIV 1/2, Uni-Gold HIV Kit, 20 Tests","HIV 1/2, Uni-Gold HIV Kit",Uni-Gold,,Test kit,20,500,16000.0,32.0,1.6,"Trinity Biotech, Plc",Yes,166,3478.5,19.79,3478.5,166
85751,104-CI-T30,FPQ-6499,SO-37730,DN-2158,Côte d'Ivoire,PMO - US,From RDC,N/A - From RDC,Air,10/4/10,N/A - From RDC,24-Mar-11,7-Jun-11,7-Jun-11,ARV,Adult,SCMS from RDC,"Efavirenz/Emtricitabine/Tenofovir Disoproxil Fumarate 600/200/300mg, tablets, 30 Tabs",Efavirenz/Emtricitabine/Tenofovir Disoproxil Fumarate,Generic,600/200/300mg,Tablet - FDC,30,300,5976.0,19.92,0.66,Mylan (formerly Matrix) Nashik,No,See DN-2158 (ID#:84075),See DN-2158 (ID#:84075),9.86,3380.35,1264
86529,114-UG-T30,FPQ-10556,SO-43200,DN-2922,Uganda,PMO - US,From RDC,N/A - From RDC,Truck,8/30/12,N/A - From RDC,6-Dec-12,20-Nov-12,20-Nov-12,ARV,Adult,SCMS from RDC,"Zidovudine 300mg, tablets, 60 Tabs",Zidovudine,Generic,300mg,Tablet,60,25,169.0,6.76,0.11,Hetero Unit III Hyderabad IN,Yes,1,5220.79,0.24,5220.79,1
85172,151-NG-T30,FPQ-6243,SO-38320,DN-2090,Nigeria,PMO - US,From RDC,N/A - From RDC,Air Charter,8/25/10,N/A - From RDC,22-Feb-11,16-Feb-11,16-Feb-11,ARV,Adult,SCMS from RDC,"Emtricitabine/Tenofovir Disoproxil Fumarate 200/300mg, tablets, 30 Tabs",Emtricitabine/Tenofovir Disoproxil Fumarate,Generic,200/300mg,Tablet - FDC,30,55488,605928.96,10.92,0.36,Mylan (formerly Matrix) Nashik,No,See DN-2090 (ID#:82366),See DN-2090 (ID#:82366),1306.38,43548,70109
12550,131-NG-T01,Pre-PQ Process,SO-15051,DN-1057,Nigeria,PMO - US,From RDC,N/A - From RDC,Air,Pre-PQ Process,N/A - From RDC,19-Jan-09,19-Jan-09,19-Jan-09,ARV,Adult,SCMS from RDC,"Efavirenz 600mg, tablets, 30 Tabs",Efavirenz,Generic,600mg,Tablet,30,14000,154000.0,11.0,0.37,"Aurobindo Unit III, India",Yes,1169,13538.35,301.84,13538.35,1169
74786,104-CI-T30,FPQ-8929,SCMS-131890,ASN-14091,Côte d'Ivoire,PMO - US,Direct Drop,EXW,Air,12/8/11,1/17/12,27-Mar-12,27-Mar-12,27-Mar-12,HRDT,HIV test,"Orgenics, Ltd","HIV 1/2, Determine Complete HIV Kit, 100 Tests","HIV 1/2, Determine Complete HIV Kit",Determine,,Test kit,100,2070,165600.0,80.0,0.8,"Alere Medical Co., Ltd.",Yes,988,19368.23,232.17,19368.23,988
84180,113-ZW-T30,FPQ-8464,SO-40890,DN-2741,Zimbabwe,PMO - US,From RDC,N/A - From RDC,Truck,10/4/11,N/A - From RDC,16-Oct-12,23-Jul-12,23-Jul-12,ARV,Adult,SCMS from RDC,"Nevirapine 200mg, tablets, 60 Tabs",Nevirapine,Generic,200mg,Tablet,60,69037,167069.54,2.42,0.04,"Aurobindo Unit III, India",Yes,14074,15299.58,275.66,15299.58,14074
47413,106-HT-T30,FPQ-12590,SCMS-210530,ASN-22712,Haiti,PMO - US,Direct Drop,EXW,Air,8/21/13,10/25/13,24-Jan-14,24-Jan-14,29-Jan-14,ARV,Adult,MYLAN LABORATORIES LTD (FORMERLY MATRIX LABORATORIES),"Atazanavir/Ritonavir 300/100mg, tablets, 30 Tabs",Atazanavir/Ritonavir,Generic,300/100mg,Tablet,30,5000,100000.0,20.0,0.67,Mylan (formerly Matrix) Nashik,Yes,1189,7296.97,123.7,7296.97,1189
11840,107-RW-T01,Pre-PQ Process,SO-1223,DN-572,Rwanda,PMO - US,From RDC,N/A - From RDC,Air,Pre-PQ Process,N/A - From RDC,28-Jan-08,28-Jan-08,28-Jan-08,HRDT,HIV test,SCMS from RDC,"HIV 1/2, Determine HIV Kit, without Lancets, 100 Tests","HIV 1/2, Determine HIV Kit, without Lancets",Determine,,Test kit,100,1250,89987.5,71.99,0.72,Inverness Japan,Yes,362,8143.19,143.98,8143.19,362
4470,106-HT-T01,Pre-PQ Process,SCMS-23820,ASN-2099,Haiti,PMO - US,Direct Drop,EXW,Air,Pre-PQ Process,5/20/08,6-Aug-08,6-Aug-08,6-Aug-08,HRDT,HIV test,"Orgenics, Ltd","HIV 1/2, Determine HIV Kit, without Lancets, 100 Tests","HIV 1/2, Determine HIV Kit, without Lancets",Determine,,Test kit,100,2059,144130.0,70.0,0.7,Inverness Japan,Yes,470,3684.28,230.61,3684.28,470
82425,151-NG-T30,FPQ-8364,SO-40654,DN-2462,Nigeria,PMO - US,From RDC,N/A - From RDC,Air Charter,8/29/11,N/A - From RDC,2-Mar-12,18-Dec-11,18-Dec-11,ARV,Adult,SCMS from RDC,"Nevirapine 200mg, tablets, 60 Tabs",Nevirapine,Generic,200mg,Tablet,60,60000,154800.0,2.58,0.04,Hetero Unit III Hyderabad IN,Yes,9746,15322.73,255.42,15322.73,9746
10994,104-CI-T01,Pre-PQ Process,SO-11830,DN-948,Côte d'Ivoire,PMO - US,From RDC,N/A - From RDC,Air,Pre-PQ Process,N/A - From RDC,3-Dec-08,3-Dec-08,3-Dec-08,ARV,Adult,SCMS from RDC,"Nevirapine 200mg, tablets, 60 Tabs",Nevirapine,Generic,200mg,Tablet,60,21225,72165.0,3.4,0.06,"Aurobindo Unit III, India",Yes,2521,14336.95,141.44,14336.95,2521
10751,110-ZM-T01,Pre-PQ Process,SO-2483,DN-954,Zambia,PMO - US,From RDC,N/A - From RDC,Truck,Pre-PQ Process,N/A - From RDC,21-Oct-08,21-Oct-08,21-Oct-08,ARV,Adult,SCMS from RDC,"Efavirenz 600mg, tablets, 30 Tabs",Efavirenz,Generic,600mg,Tablet,30,50000,600500.0,12.01,0.4,Mylan (formerly Matrix) Nashik,Yes,3775,4060.54,1176.98,4060.54,3775
14384,109-TZ-T30,FPQ-13048,SCMS-210920,ASN-24302,Tanzania,PMO - US,Direct Drop,EXW,Air,10/3/13,10/28/13,22-Mar-14,22-Mar-14,22-Mar-14,ARV,Pediatric,Aurobindo Pharma Limited,"Efavirenz 50mg, capsule, 30 Caps",Efavirenz,Generic,50mg,Capsule,30,20867,32552.52,1.56,0.05,"Aurobindo Unit III, India",Yes,1337,8403.67,40.27,8403.67,1337
83662,106-HT-T30,FPQ-11281,SO-44400,DN-3015,Haiti,PMO - US,From RDC,N/A - From RDC,Air,1/16/13,N/A - From RDC,9-Apr-13,14-Mar-13,14-Mar-13,ARV,Pediatric,SCMS from RDC,"Nevirapine 10mg/ml, oral suspension w/syringe, Bottle, 240 ml",Nevirapine,Generic,10mg/ml,Oral suspension,240,1716,3346.2,1.95,0.01,"Aurobindo Unit III, India",No,See DN-3015 (ID#:82554),See DN-3015 (ID#:82554),4.14,161712.87,16035
85919,114-UG-T30,FPQ-10357,SO-42901,DN-2964,Uganda,PMO - US,From RDC,N/A - From RDC,Truck,7/18/12,N/A - From RDC,5-Feb-13,5-Feb-13,5-Feb-13,ARV,Adult,SCMS from RDC,"Lamivudine/Tenofovir Disoproxil Fumarate 300/300mg, tablets, 30 Tabs",Lamivudine/Tenofovir Disoproxil Fumarate,Generic,300/300mg,Tablet - FDC,30,48,257.28,5.36,0.18,Hetero Unit III Hyderabad IN,Yes,5,673.25,0.36,673.25,5
82670,110-ZM-T30,FPQ-13574,SO-47791,DN-3657,Zambia,PMO - US,From RDC,N/A - From RDC,Air,1/16/14,N/A - From RDC,8-Apr-14,18-Apr-14,22-May-14,ARV,Pediatric,SCMS from RDC,"Nevirapine 10mg/ml, oral suspension w/syringe, Bottle, 240 ml",Nevirapine,Generic,10mg/ml,Oral suspension,240,1222,2175.16,1.78,0.01,"Aurobindo Unit III, India",Yes,825,6380.09,2.24,6380.09,825
2654,106-HT-T01,Pre-PQ Process,SCMS-73,ASN-59,Haiti,PMO - US,Direct Drop,EXW,Air,Pre-PQ Process,Date Not Captured,9-Oct-06,9-Oct-06,9-Oct-06,HRDT,HIV test,"Trinity Biotech, Plc","HIV 1/2, Capillus HIV Kit, 100 Tests","HIV 1/2, Capillus HIV Kit",Capillus,,Test kit,100,45,7875.0,175.0,1.75,Not Applicable,Yes,29,854.34,,854.34,29
20969,107-RW-T30,FPQ-13874,SCMS-232310,ASN-25925,Rwanda,PMO - US,Direct Drop,EXW,Air,3/12/14,4/3/14,28-Apr-14,16-Jun-14,17-Jun-14,HRDT,HIV test,"SHANGHAI KEHUA BIOENGINEERING CO.,LTD.  (KHB)","HIV 1/2, SKB Colloidal Gold, Diagnostic Kit, Antibody, 50 Tests","HIV 1/2, Colloidal Gold, Diagnostic Kit, Antibody",Colloidal Gold,,Test kit,1,4156,101822.0,24.5,24.5,"KHB Test Kit Facility, Shanghai China",Yes,2771,36502.8,104.67,36502.8,2771
40373,109-TZ-T30,FPQ-6925,SCMS-97130,ASN-9833,Tanzania,PMO - US,Direct Drop,EXW,Air,12/27/10,2/2/11,29-Mar-11,29-Mar-11,29-Mar-11,HRDT,HIV test,"Trinity Biotech, Plc","HIV 1/2, Uni-Gold HIV Kit, 20 Tests","HIV 1/2, Uni-Gold HIV Kit",Uni-Gold,,Test kit,20,30,960.0,32.0,1.6,"Trinity Biotech, Plc",Yes,10,910.73,1.58,910.73,10
56487,110-ZM-T30,FPQ-6263,SCMS-87290,ASN-9001,Zambia,PMO - US,Direct Drop,EXW,Air,9/8/10,10/7/10,17-Dec-10,21-Dec-10,21-Dec-10,HRDT,HIV test,"Orgenics, Ltd","HIV 1/2, Determine Complete HIV Kit, 100 Tests","HIV 1/2, Determine Complete HIV Kit",Determine,,Test kit,100,2814,225120.0,80.0,0.8,Inverness Japan,Yes,1363,22746.62,485.36,22746.62,1363
69463,106-HT-T30,FPQ-14083,SCMS-240130,ASN-28761,Haiti,PMO - US,Direct Drop,EXW,Ocean,5/11/14,6/2/14,9-Jan-15,9-Jan-15,12-Jan-15,ARV,Adult,MICRO LABS LIMITED,"Efavirenz 600mg, tablets, 30 Tabs",Efavirenz,Generic,600mg,Tablet,30,43065,128333.7,2.98,0.1,"Micro labs, Verna, Goa, India",No,See ASN-28761 (ID#:38632),See ASN-28761 (ID#:38632),131.93,12336.45,8385
69683,109-TZ-T30,FPQ-6936,SCMS-100634,ASN-10903,Tanzania,PMO - US,Direct Drop,EXW,Air,12/27/10,5/2/11,14-Jul-11,14-Jul-11,14-Jul-11,HRDT,HIV test,"Standard Diagnostics, Inc.","HIV 1/2, Bioline 3.0 Kit, Lancets, Capillary pipets, Alcohol swabs included, 25 Tests","HIV 1/2, Bioline 3.0 Kit, Lancets, Capillary pipets, Alcohol swabs included",Bioline,,Test kit,25,10000,200000.0,20.0,0.8,"Standard Diagnostics, Korea",Yes,3334,23623.43,330.0,23623.43,3334
12593,110-ZM-T01,Pre-PQ Process,SO-31900,DN-1286,Zambia,PMO - US,From RDC,N/A - From RDC,Air,Date Not Captured,N/A - From RDC,2-Jul-09,2-Jul-09,2-Jul-09,ARV,Pediatric,SCMS from RDC,"Efavirenz 200mg, capsule, 90 Caps",Efavirenz,Generic,200mg,Capsule,90,4000,61040.0,15.26,0.17,"Aurobindo Unit III, India",Yes,481,2951.12,119.64,2951.12,481
82962,110-ZM-T30,FPQ-6677,SO-38940,DN-2272,Zambia,PMO - US,From RDC,N/A - From RDC,Truck,11/8/10,N/A - From RDC,22-Aug-11,5-Aug-11,5-Aug-11,ARV,Adult,SCMS from RDC,"Abacavir 300mg, tablets, 60 Tabs",Abacavir,Generic,300mg,Tablet,60,5125,77080.0,15.04,0.25,Mylan (formerly Matrix) Nashik,Yes,523,3949.19,127.18,3949.19,523
4611,102-BW-T01,Pre-PQ Process,SCMS-27750,ASN-2397,Botswana,PMO - US,Direct Drop,EXW,Air,Pre-PQ Process,7/28/08,18-Nov-08,18-Nov-08,18-Nov-08,HRDT,HIV test,"Trinity Biotech, Plc","HIV 1/2, Uni-Gold HIV Kit, 20 Tests","HIV 1/2, Uni-Gold HIV Kit",Uni-Gold,,Test kit,20,5,160.0,32.0,1.6,"Trinity Biotech, Plc",Yes,3,1225.17,0.26,1225.17,3
12321,151-NG-T01,Pre-PQ Process,SO-33330,DN-1433,Nigeria,PMO - US,From RDC,N/A - From RDC,Air Charter,Date Not Captured,N/A - From RDC,20-Oct-09,20-Oct-09,20-Oct-09,ARV,Adult,SCMS from RDC,"Lamivudine/Nevirapine/Zidovudine 150/200/300mg, tablets, 60 Tabs",Lamivudine/Nevirapine/Zidovudine,Generic,150/300/200mg,Tablet - FDC,60,40230,458622.0,11.4,0.19,"Aurobindo Unit III, India",Yes,4531,30983.24,898.9,30983.24,4531
83073,110-ZM-T30,FPQ-9773,SO-41991,DN-2833,Zambia,PMO - US,From RDC,N/A - From RDC,Truck,4/27/12,N/A - From RDC,25-Sep-12,7-Sep-12,7-Sep-12,ARV,Adult,SCMS from RDC,"Efavirenz 600mg, tablets, 30 Tabs",Efavirenz,Generic,600mg,Tablet,30,182876,715045.16,3.91,0.13,"Strides, Bangalore, India.",No,See DN-2833 (ID#:82506),See DN-2833 (ID#:82506),1002.49,7317.47,17125
11582,110-ZM-T01,Pre-PQ Process,SO-2493,DN-967,Zambia,PMO - US,From RDC,N/A - From RDC,Truck,Pre-PQ Process,N/A - From RDC,7-Nov-08,7-Nov-08,7-Nov-08,ARV,Adult,SCMS from RDC,"Nevirapine 200mg, tablets, 60 Tabs",Nevirapine,Generic,200mg,Tablet,60,50000,170000.0,3.4,0.06,Hetero Unit III Hyderabad IN,Yes,2773,2938.92,333.2,2938.92,2773
5114,123-NG-T01,Pre-PQ Process,SCMS-43960,ASN-4533,Nigeria,PMO - US,Direct Drop,EXW,Air,Pre-PQ Process,4/10/09,3-Sep-09,3-Sep-09,3-Sep-09,ACT,ACT,MISSIONPHARMA A/S,"Artemether/Lumefantrine 20/120mg [Coartem], scored tablets, Blister 30 x 18 Tabs",Artemether/Lumefantrine,Coartem,20/120mg,Tablet - FDC + blister,540,2000,70420.0,35.21,0.07,"Novartis Pharma Suffern, USA",Yes,1250,17170.07,138.02,17170.07,1250
82882,114-UG-T30,FPQ-5238,SO-36060,DN-1818,Uganda,PMO - US,From RDC,N/A - From RDC,Air,3/2/10,N/A - From RDC,2-Jun-10,3-May-10,3-May-10,ARV,Adult,SCMS from RDC,"Lamivudine/Zidovudine 150/300mg, tablets, 60 Tabs",Lamivudine/Zidovudine,Generic,150/300mg,Tablet - FDC,60,4000,35040.0,8.76,0.15,Hetero Unit III Hyderabad IN,Yes,263,2458.26,75.55,2458.26,263
68651,111-MZ-T30,FPQ-4080,SCMS-51380,ASN-4927,Mozambique,PMO - US,Direct Drop,EXW,Air,8/4/09,8/11/09,24-Sep-09,24-Sep-09,24-Sep-09,HRDT,HIV test,"Trinity Biotech, Plc","HIV 1/2, Uni-Gold HIV Kit, 20 Tests","HIV 1/2, Uni-Gold HIV Kit",Uni-Gold,,Test kit,20,3700,118400.0,32.0,1.6,"Trinity Biotech, Plc",Yes,1265,18937.3,232.06,18937.3,1265
64558,114-UG-T30,FPQ-12477,SCMS-198541,ASN-22493,Uganda,PMO - US,Direct Drop,EXW,Air,7/8/13,9/10/13,16-Nov-13,16-Nov-13,21-Nov-13,ARV,Adult,CIPLA LIMITED,"Lamivudine/Nevirapine/Zidovudine 150/200/300mg, tablets, 60 Tabs",Lamivudine/Nevirapine/Zidovudine,Generic,150/300/200mg,Tablet - FDC,60,39449,319536.9,8.1,0.13,"Cipla, Goa, India",Yes,5714,20416.03,395.27,20416.03,5714
9530,100-HT-T01,Pre-PQ Process,SCMS-15490,ASN-4374,Haiti,PMO - US,Direct Drop,EXW,Air,Pre-PQ Process,1/8/08,6-Jul-09,6-Jul-09,6-Jul-09,HRDT,HIV test,"Trinity Biotech, Plc","HIV 1/2, Capillus HIV Kit, 100 Tests","HIV 1/2, Capillus HIV Kit",Capillus,,Test kit,100,3,417.0,139.0,1.39,"Trinity Biotech, Plc",Yes,2,1800.33,0.82,1800.33,2
24875,108-VN-T30,FPQ-13524,SCMS-226250,ASN-27132,Vietnam,PMO - US,Direct Drop,EXW,Air,2/6/14,3/10/14,16-Aug-14,16-Aug-14,25-Aug-14,ARV,Adult,MYLAN LABORATORIES LTD (FORMERLY MATRIX LABORATORIES),"Lamivudine/Nevirapine/Zidovudine 150/200/300mg, tablets, 60 Tabs",Lamivudine/Nevirapine/Zidovudine,Generic,150/300/200mg,Tablet - FDC,60,27900,225990.0,8.1,0.13,Mylan (formerly Matrix) Nashik,Yes,3868,7238.46,232.32,7238.46,3868
82454,151-NG-T30,FPQ-8952,SO-41264,DN-2566,Nigeria,PMO - US,From RDC,N/A - From RDC,Air Charter,12/8/11,N/A - From RDC,20-Jun-12,16-Feb-12,16-Feb-12,ARV,Adult,SCMS from RDC,"Efavirenz/Emtricitabine/Tenofovir Disoproxil Fumarate 600/200/300mg, tablets, 30 Tabs",Efavirenz/Emtricitabine/Tenofovir Disoproxil Fumarate,Generic,600/200/300mg,Tablet - FDC,30,26798,448330.54,16.73,0.56,Mylan (formerly Matrix) Nashik,Yes,3203,25231.96,628.56,25231.96,3203
4650,111-MZ-T01,Pre-PQ Process,SCMS-28730,ASN-2658,Mozambique,PMO - US,Direct Drop,EXW,Air,Pre-PQ Process,8/26/08,1-Nov-08,1-Nov-08,1-Nov-08,HRDT,HIV test - Ancillary,"Orgenics, Ltd","HIV, Lancet, Safety, for HIV Test kits, 100 Pcs","HIV, Lancet, Safety, for HIV Test kits, 100 Pcs",Generic,,Test kit - Ancillary,100,7690,76.9,0.01,0.0,Inverness Japan,Yes,2278,23743.01,0.15,23743.01,2278
44082,133-NG-T30,FPQ-13741,SCMS-239690,ASN-26758,Nigeria,PMO - US,Direct Drop,EXW,Air,2/13/14,5/19/14,9-Jul-14,9-Jul-14,17-Jul-14,HRDT,HIV test,"Orgenics, Ltd","HIV 1/2, Determine Complete HIV Kit, 100 Tests","HIV 1/2, Determine Complete HIV Kit",Determine,,Test kit,100,11054,983806.0,89.0,0.89,"Alere Medical Co., Ltd.",Yes,4495,67915.7,1011.35,67915.7,4495
44702,117-ET-T30,FPQ-12272,SCMS-190800,ASN-20675,Ethiopia,PMO - US,Direct Drop,EXW,Air,5/9/13,5/22/13,30-Jul-13,30-Jul-13,30-Jul-13,HRDT,HIV test,"SHANGHAI KEHUA BIOENGINEERING CO.,LTD.  (KHB)","HIV 1/2, SKB Colloidal Gold, Diagnostic Kit, Antibody, 50 Tests","HIV 1/2, Colloidal Gold, Diagnostic Kit, Antibody",Colloidal Gold,,Test kit,1,4162,101969.0,24.5,24.5,"KHB Test Kit Facility, Shanghai China",Yes,2777,34137.03,126.14,34137.03,2777
84079,106-HT-T30,FPQ-6484,SO-38080,DN-2176,Haiti,PMO - US,From RDC,N/A - From RDC,Air,10/13/10,N/A - From RDC,24-Mar-11,28-Apr-11,28-Apr-11,ARV,Adult,SCMS from RDC,"Lamivudine 150mg, tablets, 60 Tabs",Lamivudine,Generic,150mg,Tablet,60,2111,4918.63,2.33,0.04,"Aurobindo Unit III, India",Yes,101,1697.33,10.6,1697.33,101
4818,117-ET-T01,Pre-PQ Process,SCMS-34310,ASN-3234,Ethiopia,PMO - US,Direct Drop,EXW,Air,Pre-PQ Process,11/24/08,27-Jan-09,27-Jan-09,27-Jan-09,HRDT,HIV test - Ancillary,"Orgenics, Ltd","Capillary Tubes, for Determine, EDTA, 50uL,100 Pcs","HIV, Capillary Tubes, for Determine, EDTA, 50uL,100 Pcs",Determine,,Test kit - Ancillary,100,10000,80000.0,8.0,0.08,Inverness Japan,Yes,400,4856.14,156.8,4856.14,400
12276,113-ZW-T01,Pre-PQ Process,SO-18111,DN-1214,Zimbabwe,PMO - US,From RDC,N/A - From RDC,Air,Pre-PQ Process,N/A - From RDC,12-May-09,12-May-09,12-May-09,ARV,Adult,SCMS from RDC,"Lamivudine/Stavudine 150/30mg, tablets, 60 Tabs",Lamivudine/Stavudine,Generic,150/30mg,Tablet - FDC,60,4000,16000.0,4.0,0.07,"Cipla, Goa, India",Yes,305,2698.04,31.36,2698.04,305
20450,101-CD-T30,FPQ-12093,SCMS-189070,ASN-20218,"Congo, DRC",PMO - US,Direct Drop,EXW,Air,4/23/13,5/17/13,28-Nov-13,28-Nov-13,3-Dec-13,ARV,Pediatric,Aurobindo Pharma Limited,"Didanosine 125mg, delayed-release capsules, 30 Caps",Didanosine,Generic,125mg,Delayed-release capsules,30,171,1453.5,8.5,0.28,"Aurobindo Unit III, India",Yes,81,2782.94,1.8,2782.94,81
55225,161-ZA-T30,FPQ-5303,SCMS-68940,ASN-8249,South Africa,PMO - US,Direct Drop,DDP,Air,3/18/10,3/19/10,7-Sep-10,17-Nov-10,17-Nov-10,ARV,Adult,Aurobindo Pharma Limited,"Efavirenz 600mg, tablets, 30 Tabs",Efavirenz,Generic,600mg,Tablet,30,31680,147945.6,4.67,0.16,"Aurobindo Unit III, India",Yes,2970,4263.08,318.97,4263.08,2970
82443,101-CD-T30,FPQ-8840,SO-41148,DN-2512,"Congo, DRC",PMO - US,From RDC,N/A - From RDC,Air,11/21/11,N/A - From RDC,16-Mar-12,14-Mar-12,14-Mar-12,ARV,Adult,SCMS from RDC,"Lamivudine/Tenofovir Disoproxil Fumarate 300/300mg, tablets, 30 Tabs",Lamivudine/Tenofovir Disoproxil Fumarate,Generic,300/300mg,Tablet - FDC,30,103,626.24,6.08,0.2,Mylan (formerly Matrix) Nashik,Yes,1072,5636.3,0.88,5636.3,1072
42752,106-HT-T30,FPQ-13797,SCMS-233910,ASN-26209,Haiti,PMO - US,Direct Drop,EXW,Ocean,3/20/14,4/30/14,19-Jul-14,19-Jul-14,31-Jul-14,ARV,Adult,CIPLA LIMITED,"Efavirenz/Lamivudine/Tenofovir Disoproxil Fumarate 600/300/300mg, tablets, 30 Tabs",Efavirenz/Lamivudine/Tenofovir Disoproxil Fumarate,Generic,600/300/300mg,Tablet - FDC,30,60000,630000.0,10.5,0.35,Cipla Ltd A-42 MIDC Mahar. IN,Yes,8113,8217.8,647.64,8217.8,8113
66609,108-VN-T30,FPQ-6384,SCMS-87770,ASN-9407,Vietnam,PMO - US,Direct Drop,EXW,Air,9/30/10,10/18/10,9-Feb-11,9-Feb-11,9-Feb-11,ARV,Adult,HETERO LABS LIMITED,"Stavudine 30mg, capsules, 60 Caps",Stavudine,Generic,30mg,Capsule,60,14428,20920.6,1.45,0.02,Hetero Unit III Hyderabad IN,No,See ASN-9407 (ID#:17697),See ASN-9407 (ID#:17697),45.1,12974.12,3998
47638,102-GY-T30,FPQ-8053,SCMS-115820,ASN-11658,Guyana,PMO - US,Direct Drop,EXW,Air,7/13/11,7/20/11,8-Aug-11,8-Aug-11,8-Aug-11,HRDT,HIV test,"CHEMBIO DIAGNOSTIC SYSTEMS, INC.","HIV 1/2, Stat-Pak HIV, Kit, 20 Tests","HIV 1/2, Stat-Pak HIV, Kit",Stat-Pak,,Test kit,20,15,435.0,29.0,1.45,Chembio Diagnostics Sys. Inc.,Yes,6,325.67,0.72,325.67,6
50309,114-UG-T30,FPQ-11153,SCMS-177120,ASN-18910,Uganda,PMO - US,Direct Drop,EXW,Air,12/13/12,2/7/13,10-Apr-13,10-Apr-13,10-Apr-13,ARV,Pediatric,MICRO LABS LIMITED,"Efavirenz 50mg, capsule, 30 Caps",Efavirenz,Generic,50mg,Capsule,30,168,336.0,2.0,0.07,"Micro labs, Verna, Goa, India",Yes,8,1021.34,0.42,1021.34,8
82847,104-CI-T30,FPQ-4187,SO-34730,DN-1542,Côte d'Ivoire,PMO - US,From RDC,N/A - From RDC,Air,9/9/09,N/A - From RDC,26-Nov-09,2-Dec-09,2-Dec-09,ARV,Adult,SCMS from RDC,"Nevirapine 200mg, tablets, 60 Tabs",Nevirapine,Generic,200mg,Tablet,60,1437,4167.3,2.9,0.05,"Aurobindo Unit III, India",Yes,138,1211.48,8.17,1211.48,138
82975,111-MZ-T30,FPQ-7053,SO-38635,DN-2325,Mozambique,PMO - US,From RDC,N/A - From RDC,Truck,1/24/11,N/A - From RDC,13-Oct-11,13-Oct-11,13-Oct-11,ARV,Adult,SCMS from RDC,"Efavirenz 600mg, tablets, 30 Tabs",Efavirenz,Generic,600mg,Tablet,30,45608,192465.76,4.22,0.14,Hetero Unit III Hyderabad IN,Yes,5406,7664.01,317.57,7664.01,5406
12078,107-RW-T01,Pre-PQ Process,SO-814,DN-263,Rwanda,PMO - US,From RDC,N/A - From RDC,Air,Pre-PQ Process,N/A - From RDC,6-Aug-07,6-Aug-07,6-Aug-07,ARV,Adult,SCMS from RDC,"Indinavir 400mg [Crixivan], capsules, 180 Caps",Indinavir,Crixivan,400mg,Capsule,180,112,5600.0,50.0,0.28,MSD Elkton USA,Yes,24,1161,8.96,1161,24
83910,151-NG-T30,FPQ-14989,SO-49933,DN-4229,Nigeria,PMO - US,From RDC,N/A - From RDC,Air Charter,9/19/14,N/A - From RDC,30-Jun-15,15-Apr-15,20-Apr-15,ARV,Adult,SCMS from RDC,"Lamivudine/Nevirapine/Zidovudine 150/200/300mg, tablets, 60 Tabs",Lamivudine/Nevirapine/Zidovudine,Generic,150/300/200mg,Tablet - FDC,60,131607,1016006.04,7.72,0.13,Mylan (formerly Matrix) Nashik,No,See DN-4229 (ID#:83332),See DN-4229 (ID#:83332),1044.45,36027,18750
62555,104-CI-T30,FPQ-8804,SCMS-133730,ASN-14016,Côte d'Ivoire,PMO - US,Direct Drop,EXW,Ocean,11/28/11,1/13/12,5-Jul-12,5-Jul-12,5-Jul-12,ARV,Adult,Aurobindo Pharma Limited,"Lopinavir/Ritonavir 200/50mg, tablets, 120 Tabs",Lopinavir/Ritonavir,Generic,200/50mg,Tablet,120,22600,678000.0,30.0,0.25,"Aurobindo Unit III, India",Yes,5734,24624,950.56,24624,5734
82422,151-NG-T30,FPQ-8364,SO-40652,DN-2454,Nigeria,PMO - US,From RDC,N/A - From RDC,Air Charter,8/29/11,N/A - From RDC,2-Mar-12,18-Dec-11,18-Dec-11,ARV,Adult,SCMS from RDC,"Lamivudine 150mg, tablets, 60 Tabs",Lamivudine,Generic,150mg,Tablet,60,4700,10951.0,2.33,0.04,"Aurobindo Unit III, India",Yes,264,15322.73,18.07,15322.73,264
84944,113-ZW-T30,FPQ-13508,SO-47530,DN-3780,Zimbabwe,PMO - US,From RDC,N/A - From RDC,Truck,12/24/13,N/A - From RDC,30-Jul-14,11-Jul-14,4-Aug-14,ARV,Adult,SCMS from RDC,"Nevirapine 200mg, tablets, 60 Tabs",Nevirapine,Generic,200mg,Tablet,60,44716,101058.16,2.26,0.04,Hetero Unit III Hyderabad IN,Yes,5925,13770.65,103.89,13770.65,5925
61664,102-KE-T30,FPQ-9100,SCMS-133470,ASN-13945,Kenya,PMO - US,Direct Drop,EXW,Air,1/9/12,2/1/12,22-Mar-12,22-Mar-12,22-Mar-12,HRDT,HIV test,"Orgenics, Ltd","HIV 1/2, Determine Complete HIV Kit, 100 Tests","HIV 1/2, Determine Complete HIV Kit",Determine,,Test kit,100,7982,710398.0,89.0,0.89,"Alere Medical Co., Ltd.",Yes,2278,31382.03,995.98,31382.03,2278
12789,117-ET-T01,Pre-PQ Process,SO-1950,DN-669,Ethiopia,PMO - US,From RDC,N/A - From RDC,,Pre-PQ Process,N/A - From RDC,27-Mar-08,27-Mar-08,27-Mar-08,ARV,Adult,SCMS from RDC,"Stavudine 30mg, capsules, 60 Caps",Stavudine,Generic,30mg,Capsule,60,78460,119259.2,1.52,0.03,"Aurobindo Unit III, India",Yes,5184,17910,190.81,17910,5184
10504,119-NA-T01,Pre-PQ Process,SCMS-47150,ASN-4310,Namibia,PMO - US,Direct Drop,EXW,Air,Pre-PQ Process,6/4/09,29-Jun-09,29-Jun-09,29-Jun-09,HRDT,HIV test,"Trinity Biotech, Plc","HIV 1/2, Uni-Gold HIV Kit, 20 Tests","HIV 1/2, Uni-Gold HIV Kit",Uni-Gold,,Test kit,20,120,3840.0,32.0,1.6,"Trinity Biotech, Plc",Yes,41,1862.27,7.53,1862.27,41
12271,123-NG-T01,Pre-PQ Process,SO-22830,DN-1166,Nigeria,PMO - US,From RDC,N/A - From RDC,Air Charter,Pre-PQ Process,N/A - From RDC,8-May-09,8-May-09,8-May-09,ARV,Adult,SCMS from RDC,"Efavirenz 600mg, tablets, 30 Tabs",Efavirenz,Generic,600mg,Tablet,30,25000,275000.0,11.0,0.37,"Aurobindo Unit III, India",Yes,2267,15128.37,539.0,15128.37,2267
83776,106-HT-T30,FPQ-13648,SO-47800,DN-3587,Haiti,PMO - US,From RDC,N/A - From RDC,Air,2/3/14,N/A - From RDC,5-May-14,24-Mar-14,6-May-14,ARV,Pediatric,SCMS from RDC,"Lamivudine 10mg/ml, oral solution w/syringe, Bottle, 240 ml",Lamivudine,Generic,10mg/ml,Oral solution,240,4000,5720.0,1.43,0.01,"Aurobindo Unit III, India",Yes,2769,29216.84,5.88,29216.84,2769
83963,104-CI-T30,FPQ-4378,SO-34460,DN-1527,Côte d'Ivoire,PMO - US,From RDC,N/A - From RDC,Air,10/15/09,N/A - From RDC,30-Nov-09,2-Dec-09,2-Dec-09,ARV,Adult,SCMS from RDC,"Abacavir 300mg, tablets, 60 Tabs",Abacavir,Generic,300mg,Tablet,60,2590,55477.8,21.42,0.36,Mylan (formerly Matrix) Nashik,Yes,257,1211.48,108.74,1211.48,257
74268,119-NA-T30,FPQ-4398,SCMS-54920,ASN-6026,Namibia,PMO - US,Direct Drop,EXW,Air,10/7/09,10/13/09,18-Feb-10,18-Feb-10,18-Feb-10,HRDT,HIV test,"Orgenics, Ltd","HIV 1/2, Determine HIV Kit, without Lancets, 100 Tests","HIV 1/2, Determine HIV Kit, without Lancets",Determine,,Test kit,100,200,14000.0,70.0,0.7,Inverness Japan,Yes,45,10486.42,30.18,10486.42,45
82950,113-ZW-T30,FPQ-6470,SO-39510,DN-2205,Zimbabwe,PMO - US,From RDC,N/A - From RDC,Truck,10/13/10,N/A - From RDC,31-May-11,15-Jun-11,15-Jun-11,ARV,Adult,SCMS from RDC,"Lamivudine/Nevirapine/Stavudine 150/200/30mg, tablets, 60 Tabs",Lamivudine/Nevirapine/Stavudine,Generic,150/200/30mg,Tablet - FDC,60,19512,104974.56,5.38,0.09,"Cipla, Goa, India",Yes,10589,15608.15,226.33,15608.15,10589
71536,108-VN-T30,FPQ-14516,SCMS-249050,ASN-29374,Vietnam,PMO - US,Direct Drop,EXW,Air,7/9/14,8/11/14,17-Dec-14,17-Dec-14,17-Dec-14,ARV,Adult,HETERO LABS LIMITED,"Efavirenz/Lamivudine/Tenofovir Disoproxil Fumarate 600/300/300mg, tablets, 30 Tabs",Efavirenz/Lamivudine/Tenofovir Disoproxil Fumarate,Generic,600/300/300mg,Tablet - FDC,30,20856,218988.0,10.5,0.35,Hetero Unit III Hyderabad IN,Yes,2959,4427.52,225.12,4427.52,2959
43430,161-ZA-T30,FPQ-6708,SCMS-93640,ASN-9856,South Africa,PMO - US,Direct Drop,DDP,Ocean,11/26/10,12/14/10,5-Apr-11,5-Apr-11,5-Apr-11,ARV,Adult,CIPLA LIMITED,"Tenofovir Disoproxil Fumarate 300mg, tablets, 30 Tabs",Tenofovir Disoproxil Fumarate,Generic,300mg,Tablet,30,105707,725150.02,6.86,0.23,"Cipla, Goa, India",Yes,7092,7704.77,1196.5,7704.77,7092
5905,109-TZ-T01,Pre-PQ Process,SCMS-26640,ASN-2408,Tanzania,PMO - US,Direct Drop,CIP,Air,Pre-PQ Process,7/4/08,8-Sep-08,8-Sep-08,8-Sep-08,ARV,Pediatric,GLAXOSMITHKLINE EXPORT LIMITED,"Abacavir 20mg/ml [Ziagen], oral solution, Bottle, 240 ml",Abacavir,Ziagen,20mg/ml,Oral solution,240,132,1990.56,15.08,0.06,GSK Mississauga (Canada),Yes,65,633,3.18,633,65
83139,114-UG-T30,FPQ-10945,SO-43630,DN-3147,Uganda,PMO - US,From RDC,N/A - From RDC,Air,11/6/12,N/A - From RDC,20-Jun-13,22-May-13,22-May-13,ARV,Adult,SCMS from RDC,"Efavirenz/Lamivudine/Tenofovir Disoproxil Fumarate 600/300/300mg, tablets, 30 Tabs",Efavirenz/Lamivudine/Tenofovir Disoproxil Fumarate,Generic,600/300/300mg,Tablet - FDC,30,238606,2510135.12,10.52,0.35,Hetero Unit III Hyderabad IN,Yes,31473,24816.73,3105.04,24816.73,31473
4301,110-ZM-T01,Pre-PQ Process,SCMS-18240,ASN-1788,Zambia,PMO - US,Direct Drop,EXW,Air,Pre-PQ Process,2/29/08,6-Jun-08,6-Jun-08,6-Jun-08,HRDT,HIV test,"Orgenics, Ltd","HIV 1/2, Determine HIV Kit, without Lancets, 100 Tests","HIV 1/2, Determine HIV Kit, without Lancets",Determine,,Test kit,100,4300,309557.0,71.99,0.72,Inverness Japan,Yes,979,8690.26,495.29,8690.26,979
82476,110-ZM-T30,FPQ-9081,SO-41290,DN-2660,Zambia,PMO - US,From RDC,N/A - From RDC,Truck,12/22/11,N/A - From RDC,15-Jun-12,28-May-12,28-May-12,ARV,Adult,SCMS from RDC,"Efavirenz/Emtricitabine/Tenofovir Disoproxil Fumarate 600/200/300mg, tablets, 30 Tabs",Efavirenz/Emtricitabine/Tenofovir Disoproxil Fumarate,Generic,600/200/300mg,Tablet - FDC,30,10000,167300.0,16.73,0.56,Mylan (formerly Matrix) Nashik,Yes,1133,6079.27,234.55,6079.27,1133
13038,161-ZA-T30,FPQ-7175,SCMS-103410,ASN-12172,South Africa,PMO - US,Direct Drop,DDP,Ocean,3/10/11,3/24/11,14-Sep-11,27-Oct-11,27-Oct-11,ARV,Pediatric,Aurobindo Pharma Limited,"Efavirenz 50mg, capsule, 30 Caps",Efavirenz,Generic,50mg,Capsule,30,54768,133633.92,2.44,0.08,"Aurobindo Unit III, India",Yes,3237,10923.46,220.5,10923.46,3237
12438,104-CI-T01,Pre-PQ Process,SO-1308,DN-448,Côte d'Ivoire,PMO - US,From RDC,N/A - From RDC,Air,Pre-PQ Process,N/A - From RDC,18-Dec-07,18-Dec-07,18-Dec-07,ARV,Adult,SCMS from RDC,"Stavudine 30mg, capsules, 60 Caps",Stavudine,Generic,30mg,Capsule,60,6200,10850.0,1.75,0.03,"Aurobindo Unit III, India",Yes,354,4147.9,17.36,4147.9,354
72832,901-CM-T30,FPQ-12837,SCMS-204300,ASN-21709,Cameroon,PMO - US,Direct Drop,EXW,Air,8/19/13,8/23/13,7-Nov-13,30-Oct-13,29-Oct-13,ARV,Adult,Aurobindo Pharma Limited,"Lamivudine/Tenofovir Disoproxil Fumarate 300/300mg, tablets, 30 Tabs",Lamivudine/Tenofovir Disoproxil Fumarate,Generic,300/300mg,Tablet - FDC,30,20993,97617.45,4.65,0.16,"Aurobindo Unit VII, IN",Yes,2100,17568.6,120.75,17568.6,2100
33684,104-CI-T30,FPQ-11294,SCMS-173130,ASN-19139,Côte d'Ivoire,PMO - US,Direct Drop,EXW,Air,12/14/12,1/15/13,26-Apr-13,26-Apr-13,26-Apr-13,HRDT,HIV test,"Orgenics, Ltd","HIV 1/2, Determine Complete HIV Kit, 100 Tests","HIV 1/2, Determine Complete HIV Kit",Determine,,Test kit,100,2953,236240.0,80.0,0.8,"Alere Medical Co., Ltd.",Yes,1284,23273.76,292.23,23273.76,1284
84895,151-NG-T30,FPQ-12248,SO-45665,DN-3551,Nigeria,PMO - US,From RDC,N/A - From RDC,Air Charter,5/6/13,N/A - From RDC,28-Feb-14,10-Feb-14,19-Feb-14,ARV,Adult,SCMS from RDC,"Lamivudine/Nevirapine/Zidovudine 150/200/300mg, tablets, 60 Tabs",Lamivudine/Nevirapine/Zidovudine,Generic,150/300/200mg,Tablet - FDC,60,255001,2106308.26,8.26,0.14,Mylan (formerly Matrix) Nashik,Yes,60779,30936.1,2605.5,30936.1,60779
1046,106-HT-T01,Pre-PQ Process,SCMS-40000,ASN-3675,Haiti,PMO - US,Direct Drop,CIP,Air,Pre-PQ Process,3/6/09,31-Mar-09,31-Mar-09,31-Mar-09,ARV,Pediatric,BRISTOL-MYERS SQUIBB,"Didanosine 50mg [Videx], chewable tablets, 60 Tabs",Didanosine,Videx,50mg,Chewable/dispersible tablet,60,80,760.0,9.5,0.16,"BMS Meymac, France",Yes,43,260,1.49,260,43
46170,116-ZA-T30,FPQ-7176,SCMS-104390,ASN-11198,South Africa,PMO - US,Direct Drop,DDP,Ocean,3/10/11,4/1/11,14-Sep-11,14-Sep-11,14-Sep-11,ARV,Adult,Aurobindo Pharma Limited,"Lamivudine/Zidovudine 150/300mg, tablets, 60 Tabs",Lamivudine/Zidovudine,Generic,150/300mg,Tablet - FDC,60,19836,167019.12,8.42,0.14,"Aurobindo Unit III, India",Yes,1820,698,275.58,698,1820
56668,108-VN-T30,FPQ-7898,SCMS-113680,ASN-12291,Vietnam,PMO - US,Direct Drop,EXW,Air,6/27/11,7/8/11,24-Oct-11,24-Oct-11,24-Oct-11,ARV,Adult,HETERO LABS LIMITED,"Lamivudine/Zidovudine 150/300mg, tablets, 60 Tabs",Lamivudine/Zidovudine,Generic,150/300mg,Tablet - FDC,60,8245,67609.0,8.2,0.14,Hetero Unit III Hyderabad IN,Yes,759,7261.69,111.55,7261.69,759
84564,113-ZW-T30,FPQ-4472,SO-35910,DN-1831,Zimbabwe,PMO - US,From RDC,N/A - From RDC,Air,3/17/09,N/A - From RDC,28-May-10,31-May-10,31-May-10,ARV,Adult,SCMS from RDC,"Lamivudine/Nevirapine/Stavudine 150/200/30mg, tablets, 60 Tabs",Lamivudine/Nevirapine/Stavudine,Generic,150/200/30mg,Tablet - FDC,60,47390,277231.5,5.85,0.1,"Cipla, Goa, India",Yes,7112,3833.17,543.37,3833.17,7112
57379,108-VN-T30,FPQ-4266,SCMS-56540,ASN-7740,Vietnam,PMO - US,Direct Drop,EXW,Air,10/20/09,11/11/09,23-Aug-10,23-Aug-10,23-Aug-10,ARV,Adult,Aurobindo Pharma Limited,"Lamivudine/Zidovudine 150/300mg, tablets, 60 Tabs",Lamivudine/Zidovudine,Generic,150/300mg,Tablet - FDC,60,22008,189488.88,8.61,0.14,"Aurobindo Unit III, India",Yes,2148,12793.94,371.4,12793.94,2148
2741,102-NG-T01,Pre-PQ Process,SCMS-687,ASN-587,Nigeria,PMO - US,Direct Drop,EXW,Air,Pre-PQ Process,6/8/07,10-Jul-07,3-Aug-07,3-Aug-07,HRDT,HIV test,"CHEMBIO DIAGNOSTIC SYSTEMS, INC.","HIV 1/2, Stat-Pak HIV, Kit, 20 Tests","HIV 1/2, Stat-Pak HIV, Kit",Stat-Pak,,Test kit,20,11500,310500.0,27.0,1.35,Chembio Diagnostics Sys. Inc.,Yes,3276,43664.71,496.8,43664.71,3276
8005,102-GY-T01,Pre-PQ Process,SCMS-433,ASN-281,Guyana,PMO - US,Direct Drop,EXW,Air,Pre-PQ Process,3/1/07,27-Mar-07,27-Mar-07,27-Mar-07,HRDT,HIV test,"CHEMBIO DIAGNOSTIC SYSTEMS, INC.","HIV 1/2, Stat-Pak HIV, Kit, 20 Tests","HIV 1/2, Stat-Pak HIV, Kit",Stat-Pak,,Test kit,20,50,1350.0,27.0,1.35,Chembio Diagnostics Sys. Inc.,Yes,18,378.6,,378.6,18
37753,108-VN-T30,FPQ-11417,SCMS-174410,ASN-18761,Vietnam,PMO - US,Direct Drop,EXW,Air,1/10/13,1/22/13,5-Jun-13,5-Jun-13,5-Jun-13,ARV,Adult,HETERO LABS LIMITED,"Nevirapine 200mg, tablets, 60 Tabs",Nevirapine,Generic,200mg,Tablet,60,23003,50836.63,2.21,0.04,Hetero Unit III Hyderabad IN,Yes,1483,11346.48,62.88,11346.48,1483
24884,110-ZM-T30,FPQ-9074,SCMS-134290,ASN-13651,Zambia,PMO - US,Direct Drop,EXW,Air,12/22/11,1/24/12,29-Feb-12,29-Feb-12,29-Feb-12,ARV,Adult,Aurobindo Pharma Limited,"Emtricitabine/Tenofovir Disoproxil Fumarate 200/300mg, tablets, 30 Tabs",Emtricitabine/Tenofovir Disoproxil Fumarate,Generic,200/300mg,Tablet - FDC,30,100000,735000.0,7.35,0.24,"Aurobindo Unit III, India",Yes,9369,50030.37,1030.47,50030.37,9369
71917,107-RW-T30,FPQ-12518,SCMS-198222,ASN-24719,Rwanda,PMO - US,Direct Drop,EXW,Air,6/21/13,8/12/13,27-Mar-14,27-Mar-14,8-May-14,HRDT,HIV test,"SHANGHAI KEHUA BIOENGINEERING CO.,LTD.  (KHB)","HIV 1/2, SKB Colloidal Gold, Diagnostic Kit, Antibody, 50 Tests","HIV 1/2, Colloidal Gold, Diagnostic Kit, Antibody",Colloidal Gold,,Test kit,1,2988,73206.0,24.5,24.5,"KHB Test Kit Facility, Shanghai China",Yes,1992,26266.34,90.56,26266.34,1992
56734,161-ZA-T30,FPQ-7175,SCMS-103480,ASN-11804,South Africa,PMO - US,Direct Drop,DDP,Ocean,3/10/11,3/24/11,4-Jan-12,4-Jan-12,4-Jan-12,ARV,Adult,Aurobindo Pharma Limited,"Abacavir 300mg, tablets, 60 Tabs",Abacavir,Generic,300mg,Tablet,60,23845,356005.85,14.93,0.25,"Aurobindo Unit III, India",Yes,2283,3649.67,587.41,3649.67,2283
83668,111-MZ-T30,FPQ-11033,SO-43771,DN-3078,Mozambique,PMO - US,From RDC,N/A - From RDC,Truck,11/12/12,N/A - From RDC,1-Jul-13,16-Apr-13,16-Apr-13,ARV,Adult,SCMS from RDC,"Lamivudine 150mg, tablets, 60 Tabs",Lamivudine,Generic,150mg,Tablet,60,2890,5751.1,1.99,0.03,Hetero Unit III Hyderabad IN,Yes,168,4120.69,7.11,4120.69,168
11483,104-CI-T01,Pre-PQ Process,SO-1101,DN-434,Côte d'Ivoire,PMO - US,From RDC,N/A - From RDC,Air,Pre-PQ Process,N/A - From RDC,22-Nov-07,22-Nov-07,22-Nov-07,ARV,Pediatric,SCMS from RDC,"Efavirenz 30mg/ml [Stocrin/Sustiva], oral solution, Bottle, 180 ml",Efavirenz,Stocrin/Sustiva,30mg/ml,Oral solution,180,3027,28756.5,9.5,0.05,"MSD, Haarlem, NL",Yes,9248,25563,46.01,25563,9248
10957,110-ZM-T01,Pre-PQ Process,SO-1993,DN-677,Zambia,PMO - US,From RDC,N/A - From RDC,Air,Pre-PQ Process,N/A - From RDC,28-Mar-08,28-Mar-08,28-Mar-08,ARV,Adult,SCMS from RDC,"Efavirenz 600mg, tablets, 30 Tabs",Efavirenz,Generic,600mg,Tablet,30,4332,53803.44,12.42,0.41,Mylan (formerly Matrix) Nashik,Yes,338,1890.76,86.09,1890.76,338
68462,107-RW-T30,FPQ-4850,SCMS-63640,ASN-6130,Rwanda,PMO - US,Direct Drop,FCA,Air,1/6/10,1/20/10,3-Mar-10,3-Mar-10,3-Mar-10,ARV,Adult,ABBVIE LOGISTICS (FORMERLY ABBOTT LOGISTICS BV),"Ritonavir 100mg [Norvir], capsules, cool, 4 x 84 Caps",Ritonavir,Norvir,100mg,Capsule,336,120,4603.2,38.36,0.11,ABBVIE (Abbott) Logis. UK,Yes,298,2204.08,9.92,2204.08,298
82470,151-NG-T30,FPQ-8952,SO-41920,DN-2645,Nigeria,PMO - US,From RDC,N/A - From RDC,Air Charter,12/8/11,N/A - From RDC,20-Jun-12,30-Apr-12,30-Apr-12,ARV,Adult,SCMS from RDC,"Lamivudine/Zidovudine 150/300mg, tablets, 60 Tabs",Lamivudine/Zidovudine,Generic,150/300mg,Tablet - FDC,60,29980,233244.4,7.78,0.13,Mylan (formerly Matrix) Nashik,Yes,2721,27441.22,327.01,27441.22,2721
51999,102-GY-T30,FPQ-8053,SCMS-115830,ASN-11820,Guyana,PMO - US,Direct Drop,EXW,Air,7/13/11,7/20/11,6-Sep-11,6-Sep-11,6-Sep-11,HRDT,HIV test,"Orgenics, Ltd","HIV 1/2, Determine Complete HIV Kit, 100 Tests","HIV 1/2, Determine Complete HIV Kit",Determine,,Test kit,100,915,91500.0,100.0,1.0,Inverness Japan,Yes,439,11941.94,150.98,11941.94,439
85796,105-GY-T30,FPQ-8024,SO-40450,DN-2381,Guyana,PMO - US,From RDC,N/A - From RDC,Air,8/19/11,N/A - From RDC,15-Dec-11,5-Oct-11,5-Oct-11,ARV,Adult,SCMS from RDC,"Lamivudine 150mg, tablets, 60 Tabs",Lamivudine,Generic,150mg,Tablet,60,696,1621.68,2.33,0.04,"Aurobindo Unit III, India",Yes,33,1002.59,2.68,1002.59,33
84060,117-ET-T30,FPQ-7001,SO-38460,DN-2111,Ethiopia,PMO - US,From RDC,N/A - From RDC,Air,1/6/11,N/A - From RDC,9-Feb-11,7-Feb-11,7-Feb-11,ARV,Adult,SCMS from RDC,"Tenofovir Disoproxil Fumarate 300mg, tablets, 30 Tabs",Tenofovir Disoproxil Fumarate,Generic,300mg,Tablet,30,6020,39551.4,6.57,0.22,"Aurobindo Unit III, India",Yes,542,3935.92,65.26,3935.92,542
83384,123-NG-T30,FPQ-4014,SO-32972,DN-1561,Nigeria,PMO - US,From RDC,N/A - From RDC,Air Charter,7/27/09,N/A - From RDC,18-Dec-09,18-Dec-09,18-Dec-09,ARV,Adult,SCMS from RDC,"Lamivudine/Zidovudine 150/300mg, tablets, 60 Tabs",Lamivudine/Zidovudine,Generic,150/300mg,Tablet - FDC,60,35300,309228.0,8.76,0.15,"Aurobindo Unit III, India",Yes,3190,11637.64,606.09,11637.64,3190
84595,102-UG-T30,FPQ-6403,SO-37460,DN-2026,Uganda,PMO - US,From RDC,N/A - From RDC,Air,9/16/10,N/A - From RDC,20-Oct-10,25-Oct-10,25-Oct-10,ARV,Adult,SCMS from RDC,"Lamivudine/Nevirapine/Zidovudine 150/200/300mg, tablets, 60 Tabs",Lamivudine/Nevirapine/Zidovudine,Generic,150/300/200mg,Tablet - FDC,60,31932,358277.04,11.22,0.19,"Aurobindo Unit III, India",No,See DN-2026 (ID#:84047),See DN-2026 (ID#:84047),772.45,56372.66,13087
86526,104-CI-T30,FPQ-10633,SO-43350,DN-2896,Côte d'Ivoire,PMO - US,From RDC,N/A - From RDC,Truck,9/11/12,N/A - From RDC,31-Jan-13,24-Oct-12,24-Oct-12,ARV,Pediatric,SCMS from RDC,"Zidovudine 10mg/ml, oral solution w/syringe, Bottle, 240 ml",Zidovudine,Generic,10mg/ml,Oral solution,240,3000,6300.0,2.1,0.01,"Aurobindo Unit III, India",Yes,1152,5971.13,8.83,5971.13,1152
85480,114-UG-T30,FPQ-13108,SO-46871,DN-3736,Uganda,PMO - US,From RDC,N/A - From RDC,Truck,10/16/13,N/A - From RDC,30-Jun-14,30-Jun-14,1-Jul-14,ARV,Adult,SCMS from RDC,"Lamivudine/Nevirapine/Zidovudine 150/200/300mg, tablets, 60 Tabs",Lamivudine/Nevirapine/Zidovudine,Generic,150/300/200mg,Tablet - FDC,60,212934,1758834.84,8.26,0.14,Hetero Unit III Hyderabad IN,Yes,27953,19248.7,1808.08,19248.7,27953
40657,117-ET-T30,FPQ-4867,SCMS-63000,ASN-5909,Ethiopia,PMO - US,Direct Drop,EXW,Air,1/5/10,1/12/10,29-Jan-10,29-Jan-10,29-Jan-10,HRDT,HIV test,"CHEMBIO DIAGNOSTIC SYSTEMS, INC.","HIV 1/2, Stat-Pak HIV, Kit, 20 Tests","HIV 1/2, Stat-Pak HIV, Kit",Stat-Pak,,Test kit,20,140,3780.0,27.0,1.35,Chembio Diagnostics Sys. Inc.,Yes,38,447.73,8.15,447.73,38
12428,104-CI-T01,Pre-PQ Process,SO-1245,DN-423,Côte d'Ivoire,PMO - US,From RDC,N/A - From RDC,Air,Pre-PQ Process,N/A - From RDC,13-Nov-07,13-Nov-07,13-Nov-07,ARV,Adult,SCMS from RDC,"Saquinavir 200mg [Invirase], capsules, 270 Caps",Saquinavir,Invirase,200mg,Capsule,270,23,1808.72,78.64,0.29,Roche Basel,No,See DN-423 (ID#:11194),See DN-423 (ID#:11194),2.89,10137.04,2143
25967,133-NG-T30,FPQ-10349,SCMS-155321,ASN-17166,Nigeria,PMO - US,Direct Drop,EXW,Air,7/17/12,8/13/12,28-Nov-12,27-Nov-12,27-Nov-12,HRDT,HIV test,"Orgenics, Ltd","HIV 1/2, Determine Complete HIV Kit, 100 Tests","HIV 1/2, Determine Complete HIV Kit",Determine,,Test kit,100,2744,244216.0,89.0,0.89,"Alere Medical Co., Ltd.",Yes,1303,28734.43,342.39,28734.43,1303
28204,161-ZA-T30,FPQ-5648,SCMS-75980,ASN-8698,South Africa,PMO - US,Direct Drop,DDP,Ocean,6/2/10,6/17/10,20-Dec-10,20-Dec-10,20-Dec-10,ARV,Adult,Aurobindo Pharma Limited,"Tenofovir Disoproxil Fumarate 300mg, tablets, 30 Tabs",Tenofovir Disoproxil Fumarate,Generic,300mg,Tablet,30,88289,610076.99,6.91,0.23,"Aurobindo Unit III, India",Yes,7540,5460.48,1315.33,5460.48,7540
85249,114-UG-T30,FPQ-8522,SO-40931,DN-2607,Uganda,PMO - US,From RDC,N/A - From RDC,Truck,10/5/11,N/A - From RDC,16-May-12,27-Mar-12,27-Mar-12,ARV,Adult,SCMS from RDC,"Lamivudine/Nevirapine/Zidovudine 150/200/300mg, tablets, 60 Tabs",Lamivudine/Nevirapine/Zidovudine,Generic,150/300/200mg,Tablet - FDC,60,12762,140382.0,11.0,0.18,Mylan (formerly Matrix) Nashik,No,See DN-2607 (ID#:83580),See DN-2607 (ID#:83580),231.63,55175.61,11441
11350,111-MZ-T01,Pre-PQ Process,SO-32560,DN-1395,Mozambique,PMO - US,From RDC,N/A - From RDC,Truck,Date Not Captured,N/A - From RDC,7-Oct-09,7-Oct-09,7-Oct-09,ARV,Adult,SCMS from RDC,"Efavirenz 600mg, tablets, 30 Tabs",Efavirenz,Generic,600mg,Tablet,30,8438,82017.36,9.72,0.32,"Aurobindo Unit III, India",Yes,1404,1588.05,160.75,1588.05,1404
83673,109-TZ-T30,FPQ-10545,SO-43130,DN-3103,Tanzania,PMO - US,From RDC,N/A - From RDC,Truck,8/24/12,N/A - From RDC,31-May-13,22-Apr-13,22-Apr-13,ARV,Adult,SCMS from RDC,"Emtricitabine/Tenofovir Disoproxil Fumarate 200/300mg, tablets, 30 Tabs",Emtricitabine/Tenofovir Disoproxil Fumarate,Generic,200/300mg,Tablet - FDC,30,24042,145934.94,6.07,0.2,Mylan (formerly Matrix) Nashik,Yes,2006,3300.95,204.6,3300.95,2006
82415,151-NG-T30,FPQ-7812,SO-40723,DN-2395,Nigeria,PMO - US,From RDC,N/A - From RDC,Air Charter,6/6/11,N/A - From RDC,5-Dec-11,13-Oct-11,13-Oct-11,ARV,Adult,SCMS from RDC,"Lamivudine/Nevirapine/Zidovudine 150/200/300mg, tablets, 60 Tabs",Lamivudine/Nevirapine/Zidovudine,Generic,150/300/200mg,Tablet - FDC,60,105160,1179895.2,11.22,0.19,"Aurobindo Unit III, India",Yes,28277,21326.73,1946.83,21326.73,28277
86728,105-GY-T30,FPQ-14042,SO-48521,DN-3938,Guyana,PMO - US,From RDC,N/A - From RDC,Air,4/9/14,N/A - From RDC,30-Sep-14,9-Oct-14,22-Oct-14,ARV,Adult,SCMS from RDC,"Lamivudine/Zidovudine 150/300mg, tablets, 60 Tabs",Lamivudine/Zidovudine,Generic,150/300mg,Tablet - FDC,60,228,1504.8,6.6,0.11,"Aurobindo Unit III, India",Yes,21,973.48,1.55,973.48,21
8692,131-NG-T01,Pre-PQ Process,SCMS-30500,ASN-2896,Nigeria,PMO - US,Direct Drop,CIP,Air,Pre-PQ Process,9/23/08,10-Mar-09,24-Nov-08,24-Nov-08,ARV,Adult,MERCK SHARP & DOHME IDEA GMBH (FORMALLY MERCK SHARP & DOHME B.V.),"Efavirenz/Emtricitabine/Tenofovir Disoproxil Fumarate 600/200/300mg [Atripla], tablets, 30 Tabs",Efavirenz/Emtricitabine/Tenofovir Disoproxil Fumarate,Atripla,600/200/300mg,Tablet - FDC,30,2000,100800.0,50.4,1.68,"MSD, Haarlem, NL",Yes,169,924.4,197.57,924.4,169
84926,107-RW-T30,FPQ-12901,SO-46560,DN-3689,Rwanda,PMO - US,From RDC,N/A - From RDC,Truck,8/30/13,N/A - From RDC,16-Jun-14,17-May-14,23-Jun-14,ARV,Adult,SCMS from RDC,"Efavirenz/Lamivudine/Tenofovir Disoproxil Fumarate 600/300/300mg, tablets, 30 Tabs",Efavirenz/Lamivudine/Tenofovir Disoproxil Fumarate,Generic,600/300/300mg,Tablet - FDC,30,61123,658905.94,10.78,0.36,Hetero Unit III Hyderabad IN,Yes,8281,14311,815.07,14311,8281
82369,114-UG-T30,FPQ-6614,SO-37990,DN-2077,Uganda,PMO - US,From RDC,N/A - From RDC,Air,10/31/10,N/A - From RDC,8-Feb-11,23-Dec-10,23-Dec-10,ARV,Adult,SCMS from RDC,"Lamivudine/Zidovudine 150/300mg, tablets, 60 Tabs",Lamivudine/Zidovudine,Generic,150/300mg,Tablet - FDC,60,2316,19801.8,8.55,0.14,Hetero Unit III Hyderabad IN,Yes,386,2294.85,32.67,2294.85,386
62990,108-VN-T30,FPQ-10811,SCMS-166120,ASN-17672,Vietnam,PMO - US,Direct Drop,EXW,Air,10/15/12,11/9/12,29-Jan-13,29-Jan-13,29-Jan-13,ARV,Pediatric,Aurobindo Pharma Limited,"Zidovudine 10mg/ml, oral solution w/syringe, Bottle, 240 ml",Zidovudine,Generic,10mg/ml,Oral solution,240,691,1451.1,2.1,0.01,"Aurobindo Unit III, India",No,See ASN-17672 (ID#:15352),See ASN-17672 (ID#:15352),1.8,1222.31,437
48741,104-CI-T30,FPQ-13297,SCMS-218500,ASN-24994,Côte d'Ivoire,PMO - US,Direct Drop,EXW,Air,11/28/13,12/13/13,7-Apr-14,7-Apr-14,8-Apr-14,ARV,Pediatric,CIPLA LIMITED,"Nevirapine 50mg, dispersible tablets, 60 Tabs",Nevirapine,Generic,50mg,Chewable/dispersible tablet,60,3900,7215.0,1.85,0.03,"Cipla, Patalganga, India",Yes,321,3740.01,7.42,3740.01,321
34619,104-CI-T30,FPQ-6183,SCMS-83660,ASN-8992,Côte d'Ivoire,PMO - US,Direct Drop,CIP,Air,8/10/10,9/10/10,6-Dec-10,6-Dec-10,6-Dec-10,ARV,Pediatric,MERCK SHARP & DOHME IDEA GMBH (FORMALLY MERCK SHARP & DOHME B.V.),"Efavirenz 30mg/ml [Stocrin/Sustiva], oral solution, Bottle, 180 ml",Efavirenz,Stocrin/Sustiva,30mg/ml,Oral solution,180,4200,71232.0,16.96,0.09,"MSD, Haarlem, NL",Yes,1234,2786.22,153.58,2786.22,1234
11113,100-CI-T01,Pre-PQ Process,SO-394,DN-61,Côte d'Ivoire,PMO - US,From RDC,N/A - From RDC,,Pre-PQ Process,N/A - From RDC,4-May-07,4-May-07,4-May-07,ARV,Adult,SCMS from RDC,"Lamivudine/Zidovudine 150/300mg, tablets, 60 Tabs",Lamivudine/Zidovudine,Generic,150/300mg,Tablet - FDC,60,10000,102500.0,10.25,0.17,"Aurobindo Unit III, India",Yes,980,3179,,3179,980
85530,114-UG-T30,FPQ-14396,SO-48960,DN-3936,Uganda,PMO - US,From RDC,N/A - From RDC,Air,6/4/14,N/A - From RDC,30-Sep-14,1-Oct-14,21-Oct-14,ARV,Adult,SCMS from RDC,"Abacavir/Lamivudine 600/300mg, tablets, 30 Tabs",Abacavir/Lamivudine,Generic,600/300mg,Tablet - FDC,30,3273,44250.96,13.52,0.45,"Cipla, Patalganga, India",Yes,389,2786.61,45.49,2786.61,389
67191,114-UG-T30,FPQ-4320,SCMS-58130,ASN-6153,Uganda,PMO - US,Direct Drop,FCA,Air,11/16/09,11/26/09,10-Mar-10,10-Mar-10,10-Mar-10,ARV,Adult,ABBVIE LOGISTICS (FORMERLY ABBOTT LOGISTICS BV),"Ritonavir 100mg [Norvir], capsules, cool, 4 x 84 Caps",Ritonavir,Norvir,100mg,Capsule,336,44,1687.84,38.36,0.11,ABBVIE (Abbott) Logis. UK,Yes,116,985.78,3.31,985.78,116
84241,114-UG-T30,FPQ-11143,SO-43941,DN-3069,Uganda,PMO - US,From RDC,N/A - From RDC,Air,12/13/12,N/A - From RDC,25-Apr-13,25-Apr-13,25-Apr-13,ARV,Adult,SCMS from RDC,"Abacavir/Lamivudine 600/300mg, scored tablets, 30 Tabs",Abacavir/Lamivudine,Generic,600/300mg,Tablet - FDC,30,7051,98431.96,13.96,0.47,Mylan (formerly Matrix) Nashik,No,See DN-3069 (ID#:83124),See DN-3069 (ID#:83124),121.76,8699.8,1600
83324,101-CD-T30,FPQ-15787,SO-50910,DN-4195,"Congo, DRC",PMO - US,From RDC,N/A - From RDC,Air,1/26/15,N/A - From RDC,6-May-15,6-Jul-15,6-Jul-15,ARV,Pediatric,SCMS from RDC,"Zidovudine 10mg/ml, oral solution w/syringe, Bottle, 240 ml",Zidovudine,Generic,10mg/ml,Oral solution,240,10,19.9,1.99,0.01,"Aurobindo Unit III, India",Yes,71,1334.92,0.02,1334.92,71
39556,153-NA-T30,FPQ-8072,SCMS-117200,ASN-12163,Namibia,PMO - US,Direct Drop,EXW,Air,7/22/11,8/3/11,5-Oct-11,5-Oct-11,5-Oct-11,HRDT,HIV test,"Trinity Biotech, Plc","HIV 1/2, Uni-Gold HIV Kit, 20 Tests","HIV 1/2, Uni-Gold HIV Kit",Uni-Gold,,Test kit,20,750,24000.0,32.0,1.6,"Trinity Biotech, Plc",Yes,248,6654.24,39.6,6654.24,248
26843,102-SD-T30,FPQ-8261,SCMS-120463,ASN-12332,Sudan,PMO - US,Direct Drop,EXW,Air,8/29/11,9/7/11,11-Jan-12,11-Jan-12,11-Jan-12,HRDT,HIV test,"Trinity Biotech, Plc","HIV 1/2, Uni-Gold HIV Kit, 20 Tests","HIV 1/2, Uni-Gold HIV Kit",Uni-Gold,,Test kit,20,11,352.0,32.0,1.6,"Trinity Biotech, Plc",Yes,5,578.73,0.58,578.73,5
14309,108-VN-T30,FPQ-10286,SCMS-155700,ASN-17018,Vietnam,PMO - US,Direct Drop,FCA,Air,7/25/12,8/14/12,15-Jan-13,15-Jan-13,15-Jan-13,ARV,Adult,ABBVIE LOGISTICS (FORMERLY ABBOTT LOGISTICS BV),"Lopinavir/Ritonavir 200/50mg [Aluvia], tablets, 120 Tabs",Lopinavir/Ritonavir,Aluvia,200/50mg,Tablet,120,3812,231845.84,60.82,0.51,ABBVIE Ludwigshafen Germany,Yes,824,3216.15,325.05,3216.15,824
35643,107-RW-T30,FPQ-14813,SCMS-261781,ASN-31603,Rwanda,PMO - US,Direct Drop,EXW,Air,10/9/14,12/15/14,4-May-15,4-May-15,5-May-15,ARV,Adult,EMCURE PHARMACEUTICALS LTD,"Atazanavir/Ritonavir 300/100mg, tablets, 30 Tabs",Atazanavir/Ritonavir,Generic,300/100mg,Tablet,30,13823,248814.0,18.0,0.6,"Emcure Plot No.P-2, I.T-B.T. Park, Phase II, MIDC, Hinjwadi, Pune, India",Yes,1805,10743.33,255.78,10743.33,1805
75522,108-VN-T30,FPQ-12539,SCMS-210820,ASN-23668,Vietnam,PMO - US,Direct Drop,EXW,Air,7/11/13,10/14/13,21-Jan-14,21-Jan-14,21-Jan-14,ARV,Adult,HETERO LABS LIMITED,"Efavirenz 600mg, tablets, 30 Tabs",Efavirenz,Generic,600mg,Tablet,30,11517,37315.08,3.24,0.11,Hetero Unit III Hyderabad IN,Yes,1006,3001.35,46.16,3001.35,1006
16213,102-BI-T30,FPQ-14594,SCMS-250100,ASN-28054,Burundi,PMO - US,Direct Drop,EXW,Air,7/17/14,8/5/14,26-Sep-14,26-Sep-14,29-Sep-14,HRDT,HIV test,"CHEMBIO DIAGNOSTIC SYSTEMS, INC.","HIV 1/2, Stat-Pak Dipstick Assay Kit, 30 Tests","HIV 1/2, Stat-Pak Dipstick Assay Kit",Stat-Pak,,Test kit,30,414,11426.4,27.6,0.92,Chembio Diagnostics Sys. Inc.,Yes,44,694.1,11.75,694.1,44
42659,161-ZA-T30,FPQ-7175,SCMS-123590,ASN-13167,South Africa,PMO - US,Direct Drop,DDP,Ocean,3/10/11,9/30/11,16-Jan-12,23-Jan-12,23-Jan-12,ARV,Adult,Aurobindo Pharma Limited,"Efavirenz 600mg, tablets, 30 Tabs",Efavirenz,Generic,600mg,Tablet,30,35357,150620.82,4.26,0.14,"Aurobindo Unit III, India",Yes,2806,7292.27,248.52,7292.27,2806
30618,108-VN-T30,FPQ-9001,SCMS-131700,ASN-14757,Vietnam,PMO - US,Direct Drop,EXW,Air,12/15/11,1/16/12,15-May-12,15-May-12,15-May-12,ARV,Adult,MYLAN LABORATORIES LTD (FORMERLY MATRIX LABORATORIES),"Abacavir 300mg, tablets, 60 Tabs",Abacavir,Generic,300mg,Tablet,60,632,8216.0,13.0,0.22,Mylan (formerly Matrix) Nashik,Yes,4669,8334.77,11.52,8334.77,4669
39453,101-CD-T30,FPQ-16001,SCMS-280210,ASN-31750,"Congo, DRC",PMO - US,Direct Drop,EXW,Air,3/10/15,3/16/15,2-Jul-15,2-Jul-15,30-Jul-15,HRDT,HIV test,"Trinity Biotech, Plc","HIV 1/2, Uni-Gold HIV Kit, 20 Tests","HIV 1/2, Uni-Gold HIV Kit",Uni-Gold,,Test kit,20,73,2336.0,32.0,1.6,"Trinity Biotech, Plc",No,See ASN-31750 (ID#:19272),See ASN-31750 (ID#:19272),2.75,3918.37,508
35323,104-CI-T30,FPQ-12150,SCMS-191960,ASN-22107,Côte d'Ivoire,PMO - US,Direct Drop,FCA,Air,4/29/13,6/12/13,17-Oct-13,17-Oct-13,28-Oct-13,ARV,Adult,ABBVIE LOGISTICS (FORMERLY ABBOTT LOGISTICS BV),"Ritonavir 100mg [Norvir], film coated tablets, 60 Tabs",Ritonavir,Norvir,100mg,Tablet,60,780,5343.0,6.85,0.11,ABBVIE Ludwigshafen Germany,Yes,102,1743.84,6.61,1743.84,102
11055,114-UG-T01,Pre-PQ Process,SO-31360,DN-1287,Uganda,PMO - US,From RDC,N/A - From RDC,Air,Pre-PQ Process,N/A - From RDC,22-Jun-09,22-Jun-09,22-Jun-09,ARV,Adult,SCMS from RDC,"Lamivudine/Nevirapine/Zidovudine 150/200/300mg, tablets, 60 Tabs",Lamivudine/Nevirapine/Zidovudine,Generic,150/300/200mg,Tablet - FDC,60,11216,127301.6,11.35,0.19,"Aurobindo Unit III, India",Yes,1894,13293.41,249.51,13293.41,1894
27300,107-RW-T30,FPQ-6341,SCMS-84991,ASN-10790,Rwanda,PMO - US,Direct Drop,EXW,Air,9/3/10,9/28/10,17-Jun-11,17-Jun-11,17-Jun-11,ARV,Adult,HETERO LABS LIMITED,"Efavirenz 600mg, tablets, 30 Tabs",Efavirenz,Generic,600mg,Tablet,30,43657,180303.41,4.13,0.14,Hetero Unit III Hyderabad IN,Yes,3720,35499.58,388.73,35499.58,3720
73056,111-MZ-T30,FPQ-14054,SCMS-240820,ASN-27372,Mozambique,PMO - US,Direct Drop,EXW,Air,4/10/14,5/29/14,1-Oct-14,1-Oct-14,1-Oct-14,HRDT,HIV test,BIO-RAD LABORATORIES (FRANCE),"HIV, Multispot HIV-1/HIV-2 Rapid Test Kit, 50 Tests","HIV, Multispot HIV-1/HIV-2 Rapid Test Kit",Multispot,,Test kit,50,80,99402.4,1242.53,24.85,Bio-Rad Laboratories,Yes,111,1368.78,102.19,1368.78,111
12145,111-MZ-T01,Pre-PQ Process,SO-1039,DN-601,Mozambique,PMO - US,From RDC,N/A - From RDC,Air,Pre-PQ Process,N/A - From RDC,8-Apr-08,5-Apr-08,5-Apr-08,ARV,Adult,SCMS from RDC,"Ritonavir 100mg [Norvir], capsules, cool, 84 Caps",Ritonavir,Norvir,100mg,Capsule,84,760,7288.4,9.59,0.11,ABBVIE (Abbott) Logis. UK,No,See DN-601 (ID#:10651),See DN-601 (ID#:10651),11.66,8118.64,5092
84388,107-RW-T30,FPQ-14111,SO-48811,DN-3814,Rwanda,PMO - US,From RDC,N/A - From RDC,Truck,4/22/14,N/A - From RDC,31-Dec-14,14-Aug-14,15-Aug-14,ARV,Pediatric,SCMS from RDC,"Abacavir 20mg/ml, oral solution w/syringe, Bottle, 240 ml",Abacavir,Generic,20mg/ml,Oral solution,240,800,6800.0,8.5,0.04,"Aurobindo Unit III, India",Yes,297,2282.79,6.99,2282.79,297
48099,101-CD-T30,FPQ-16001,SCMS-280210,ASN-31750,"Congo, DRC",PMO - US,Direct Drop,EXW,Air,3/10/15,3/16/15,2-Jul-15,2-Jul-15,30-Jul-15,HRDT,HIV test,"Trinity Biotech, Plc","HIV 1/2, Uni-Gold HIV Kit, 20 Tests","HIV 1/2, Uni-Gold HIV Kit",Uni-Gold,,Test kit,20,41,1312.0,32.0,1.6,"Trinity Biotech, Plc",No,See ASN-31750 (ID#:19272),See ASN-31750 (ID#:19272),1.54,3918.37,508
86025,107-RW-T30,FPQ-12766,SO-46481,DN-3445,Rwanda,PMO - US,From RDC,N/A - From RDC,Truck,8/2/13,N/A - From RDC,17-Dec-13,11-Dec-13,9-Jan-14,ARV,Adult,SCMS from RDC,"Lopinavir/Ritonavir 200/50mg [Aluvia], tablets, 120 Tabs",Lopinavir/Ritonavir,Aluvia,200/50mg,Tablet,120,11193,226322.46,20.22,0.17,ABBVIE Ludwigshafen Germany,Yes,2518,33986.07,279.96,33986.07,2518
26571,144-BW-T30,FPQ-4167,SCMS-54170,ASN-5725,Botswana,PMO - US,Direct Drop,EXW,Air,9/9/09,9/30/09,5-Feb-10,5-Feb-10,5-Feb-10,HRDT,HIV test - Ancillary,Orasure Technologies Inc.,"#109435**HIV, OraQuick Controls Kit, 3 Vials","HIV, OraQuick Controls Kit, 3 Vials",OraQuick,,Test kit - Ancillary,3,10,250.0,25.0,8.33,"Orasure Technologies, Inc USA",Yes,6,322.12,0.49,322.12,6
11573,130-NG-T01,Pre-PQ Process,SO-10650,DN-1009,Nigeria,PMO - US,From RDC,N/A - From RDC,Air,Pre-PQ Process,N/A - From RDC,17-Nov-08,17-Nov-08,17-Nov-08,ARV,Adult,SCMS from RDC,"Nevirapine 200mg, tablets, 60 Tabs",Nevirapine,Generic,200mg,Tablet,60,2454,8343.6,3.4,0.06,"Aurobindo Unit III, India",Yes,231,4401.4,16.35,4401.4,231
1048,106-HT-T01,Pre-PQ Process,SCMS-40030,ASN-3750,Haiti,PMO - US,Direct Drop,FCA,Air,Pre-PQ Process,3/6/09,15-Apr-09,15-Apr-09,15-Apr-09,ARV,Pediatric,ABBVIE LOGISTICS (FORMERLY ABBOTT LOGISTICS BV),"Lopinavir/Ritonavir 100/25mg [Aluvia], tablets, 60 Tabs",Lopinavir/Ritonavir,Generic,100/25mg,Tablet,60,46,472.88,10.28,0.17,ABBVIE Ludwigshafen Germany,Yes,10,893.22,0.93,893.22,10
58398,109-TZ-T30,FPQ-7909,SCMS-114980,ASN-12093,Tanzania,PMO - US,Direct Drop,EXW,Air,6/24/11,7/18/11,29-Sep-11,29-Sep-11,29-Sep-11,HRDT,HIV test,"Standard Diagnostics, Inc.","HIV 1/2, Bioline 3.0 Kit, Lancets, Capillary pipets, Alcohol swabs included, 25 Tests","HIV 1/2, Bioline 3.0 Kit, Lancets, Capillary pipets, Alcohol swabs included",Bioline,,Test kit,25,8000,160000.0,20.0,0.8,"Standard Diagnostics, Korea",Yes,2667,17773.94,264.0,17773.94,2667
12854,110-ZM-T01,Pre-PQ Process,SO-2479,DN-861,Zambia,PMO - US,From RDC,N/A - From RDC,Truck,Pre-PQ Process,N/A - From RDC,20-Aug-08,20-Aug-08,20-Aug-08,ARV,Adult,SCMS from RDC,"Efavirenz 600mg, tablets, 30 Tabs",Efavirenz,Generic,600mg,Tablet,30,50000,600500.0,12.01,0.4,Mylan (formerly Matrix) Nashik,No,See DN-861 (ID#:11013),See DN-861 (ID#:11013),960.8,8231.95,4247
84029,151-NG-T30,FPQ-5688,SO-36911,DN-1968,Nigeria,PMO - US,From RDC,N/A - From RDC,Air Charter,5/27/10,N/A - From RDC,31-Aug-10,17-Aug-10,17-Aug-10,ARV,Adult,SCMS from RDC,"Emtricitabine/Tenofovir Disoproxil Fumarate 200/300mg, tablets, 30 Tabs",Emtricitabine/Tenofovir Disoproxil Fumarate,Generic,200/300mg,Tablet - FDC,30,30000,352500.0,11.75,0.39,Mylan (formerly Matrix) Nashik,Yes,2700,6147.18,759.99,6147.18,2700
65478,104-CI-T30,FPQ-13125,SCMS-215030,ASN-24094,Côte d'Ivoire,PMO - US,Direct Drop,EXW,Air,10/25/13,11/21/13,11-Feb-14,11-Feb-14,11-Feb-14,HRDT,HIV test,"Standard Diagnostics, Inc.","HIV 1/2, Bioline 3.0 Kit, Lancets, Capillary pipets, Alcohol swabs included, 25 Tests","HIV 1/2, Bioline 3.0 Kit, Lancets, Capillary pipets, Alcohol swabs included",Bioline,,Test kit,25,3700,75850.0,20.5,0.82,"Standard Diagnostics, Korea",Yes,1281,13222.33,77.97,13222.33,1281
44068,108-VN-T30,FPQ-15040,SCMS-263650,ASN-30554,Vietnam,PMO - US,Direct Drop,EXW,Air,10/30/14,12/8/14,23-Mar-15,23-Mar-15,23-Mar-15,ARV,Adult,MYLAN LABORATORIES LTD (FORMERLY MATRIX LABORATORIES),"Efavirenz/Lamivudine/Tenofovir Disoproxil Fumarate 600/300/300mg, tablets, 30 Tabs",Efavirenz/Lamivudine/Tenofovir Disoproxil Fumarate,Generic,600/300/300mg,Tablet - FDC,30,21384,217047.6,10.15,0.34,Mylan (formerly Matrix) Nashik,Yes,2406,4219.32,223.12,4219.32,2406
11810,100-ZW-T01,Pre-PQ Process,SO-1150,DN-425,Zimbabwe,PMO - US,From RDC,N/A - From RDC,Air,Pre-PQ Process,N/A - From RDC,16-Nov-07,16-Nov-07,16-Nov-07,ARV,Adult,SCMS from RDC,"Lamivudine/Nevirapine/Stavudine 150/200/30mg, tablets, 60 Tabs",Lamivudine/Nevirapine/Stavudine,Generic,150/200/30mg,Tablet - FDC,60,22240,164576.0,7.4,0.12,"Cipla, Goa, India",Yes,2262,7364.52,263.32,7364.52,2262
25809,108-VN-T30,FPQ-12051,SCMS-188680,ASN-20555,Vietnam,PMO - US,Direct Drop,EXW,Air,5/3/13,5/17/13,3-Sep-13,3-Sep-13,3-Sep-13,ARV,Adult,Aurobindo Pharma Limited,"Lamivudine/Nevirapine/Zidovudine 150/200/300mg, tablets, 60 Tabs",Lamivudine/Nevirapine/Zidovudine,Generic,150/300/200mg,Tablet - FDC,60,12488,101777.2,8.15,0.14,"Aurobindo Unit III, India",Yes,1846,3314.03,125.9,3314.03,1846
38431,105-DO-T30,FPQ-13790,SCMS-231360,ASN-25470,Dominican Republic,PMO - US,Direct Drop,EXW,Air,2/26/14,3/20/14,24-Apr-14,24-Apr-14,24-Apr-14,HRDT,HIV test,"Orgenics, Ltd","HIV 1/2, Determine Complete HIV Kit, 100 Tests","HIV 1/2, Determine Complete HIV Kit",Determine,,Test kit,100,2400,230400.0,96.0,0.96,"Alere Medical Co., Ltd.",Yes,978,10159.15,236.85,10159.15,978
15772,108-VN-T30,FPQ-8428,SCMS-123520,ASN-13475,Vietnam,PMO - US,Direct Drop,EXW,Air,9/21/11,10/4/11,1-Mar-12,1-Mar-12,1-Mar-12,ARV,Adult,Aurobindo Pharma Limited,"Lamivudine/Nevirapine/Zidovudine 150/200/300mg, tablets, 60 Tabs",Lamivudine/Nevirapine/Zidovudine,Generic,150/300/200mg,Tablet - FDC,60,30000,313500.0,10.45,0.17,"Aurobindo Unit III, India",Yes,10210,17392.05,517.28,17392.05,10210
57266,103-KE-T30,FPQ-9856,SCMS-149180,ASN-16494,Kenya,PMO - US,Direct Drop,EXW,Air,5/24/12,6/13/12,15-Oct-12,15-Oct-12,15-Oct-12,HRDT,HIV test,"Trinity Biotech, Plc","HIV 1/2, Uni-Gold HIV Kit, 20 Tests","HIV 1/2, Uni-Gold HIV Kit",Uni-Gold,,Test kit,20,15000,480000.0,32.0,1.6,"Trinity Biotech, Plc",Yes,4956,36219.03,672.96,36219.03,4956
83714,114-UG-T30,FPQ-12253,SO-45490,DN-3305,Uganda,PMO - US,From RDC,N/A - From RDC,Air,5/8/13,N/A - From RDC,29-Nov-13,16-Oct-13,23-Oct-13,ARV,Pediatric,SCMS from RDC,"Lamivudine/Stavudine 30/6mg, dispersible tablets, 60 Tabs",Lamivudine/Stavudine,Generic,30/6mg,Chewable/dispersible tablet - FDC,60,638,1212.2,1.9,0.03,"Cipla, Goa, India",Yes,45,747.76,1.5,747.76,45
32077,101-CD-T30,FPQ-13555,SCMS-234260,ASN-26439,"Congo, DRC",PMO - US,Direct Drop,EXW,Air,3/19/14,5/5/14,26-Aug-14,26-Aug-14,16-Sep-14,ARV,Pediatric,Aurobindo Pharma Limited,"Zidovudine 10mg/ml, oral solution, Bottle, 240 ml",Zidovudine,Generic,10mg/ml,Oral solution,240,367,734.0,2.0,0.01,"Aurobindo Unit III, India",Yes,161,2038.97,0.75,2038.97,161
16496,109-TZ-T30,FPQ-13418,SCMS-219200,ASN-24662,Tanzania,PMO - US,Direct Drop,EXW,Air,12/13/13,12/27/13,25-Apr-14,25-Apr-14,25-Apr-14,ARV,Adult,HETERO LABS LIMITED,"Zidovudine 300mg, tablets, 60 Tabs",Zidovudine,Generic,300mg,Tablet,60,63200,347600.0,5.5,0.09,Hetero Unit III Hyderabad IN,Yes,4007,23397.41,357.33,23397.41,4007
84127,111-MZ-T30,FPQ-7053,SO-38638,DN-2458,Mozambique,PMO - US,From RDC,N/A - From RDC,Truck,1/24/11,N/A - From RDC,31-Jan-12,25-Jan-12,25-Jan-12,ARV,Pediatric,SCMS from RDC,"Nevirapine 10mg/ml, oral suspension w/syringe, Bottle, 240 ml",Nevirapine,Generic,10mg/ml,Oral suspension,240,8000,15600.0,1.95,0.01,"Aurobindo Unit III, India",Yes,2987,2779.53,25.74,2779.53,2987
83301,107-RW-T30,FPQ-14111,SO-48812,DN-4088,Rwanda,PMO - US,From RDC,N/A - From RDC,Truck,4/22/14,N/A - From RDC,27-Feb-15,28-Feb-15,5-Mar-15,ARV,Adult,SCMS from RDC,"Nevirapine 200mg, tablets, 60 Tabs",Nevirapine,Generic,200mg,Tablet,60,157062,347107.02,2.21,0.04,"Micro labs, Verna, Goa, India",Yes,15302,12757,356.83,12757,15302
86504,117-ET-T30,FPQ-10308,SO-42910,DN-2790,Ethiopia,PMO - US,From RDC,N/A - From RDC,Air,7/23/12,N/A - From RDC,30-Aug-12,30-Aug-12,30-Aug-12,ARV,Pediatric,SCMS from RDC,"Nevirapine 10mg/ml, oral suspension w/syringe, Bottle, 240 ml",Nevirapine,Generic,10mg/ml,Oral suspension,240,30000,58500.0,1.95,0.01,"Aurobindo Unit III, India",Yes,11101,33216.14,82.02,33216.14,11101
20878,108-VN-T30,FPQ-6384,SCMS-87700,ASN-9709,Vietnam,PMO - US,Direct Drop,FCA,Air,9/30/10,10/14/10,24-Feb-11,24-Feb-11,24-Feb-11,ARV,Adult,ABBVIE LOGISTICS (FORMERLY ABBOTT LOGISTICS BV),"Ritonavir 100mg [Norvir], capsules, cool, 4 x 84 Caps",Ritonavir,Norvir,100mg,Capsule,336,12,2478.12,206.51,0.61,ABBVIE (Abbott) Logis. UK,Yes,51,4042.47,5.34,4042.47,51
92,102-NG-T01,Pre-PQ Process,SCMS-592,ASN-485,Nigeria,PMO - US,Direct Drop,EXW,Air,Pre-PQ Process,5/13/07,19-Jun-07,19-Jun-07,19-Jun-07,HRDT,HIV test,Abbott GmbH & Co. KG,"HIV 1/2, Determine Complete HIV Kit, 100 Tests","HIV 1/2, Determine Complete HIV Kit",Determine,,Test kit,100,1000,80000.0,80.0,0.8,ABBVIE GmbH & Co.KG Wiesbaden,Yes,341,2682.47,128.0,2682.47,341
21742,102-GY-T30,FPQ-6501,SCMS-89530,ASN-8827,Guyana,PMO - US,Direct Drop,EXW,Air,10/8/10,10/27/10,19-Nov-10,19-Nov-10,19-Nov-10,HRDT,HIV test,"CHEMBIO DIAGNOSTIC SYSTEMS, INC.","HIV 1/2, Stat-Pak HIV, Kit, 20 Tests","HIV 1/2, Stat-Pak HIV, Kit",Stat-Pak,,Test kit,20,40,1080.0,27.0,1.35,Chembio Diagnostics Sys. Inc.,Yes,14,269.98,1.78,269.98,14
85144,104-CI-T30,FPQ-5201,SO-36300,DN-2000,Côte d'Ivoire,PMO - US,From RDC,N/A - From RDC,Air,3/3/10,N/A - From RDC,14-Sep-10,6-Sep-10,6-Sep-10,ARV,Adult,SCMS from RDC,"Lamivudine/Zidovudine 150/300mg, tablets, 60 Tabs",Lamivudine/Zidovudine,Generic,150/300mg,Tablet - FDC,60,61920,542419.2,8.76,0.15,Hetero Unit III Hyderabad IN,Yes,5334,8815.65,1169.46,8815.65,5334
68494,108-VN-T30,FPQ-4265,SCMS-56330,ASN-6062,Vietnam,PMO - US,Direct Drop,EXW,Air,10/20/09,11/3/09,13-Mar-10,13-Mar-10,13-Mar-10,ARV,Adult,MYLAN LABORATORIES LTD (FORMERLY MATRIX LABORATORIES),"Efavirenz 600mg, tablets, 30 Tabs",Efavirenz,Generic,600mg,Tablet,30,19152,124488.0,6.5,0.22,Mylan (formerly Matrix) Nashik,Yes,1503,11884.14,244.0,11884.14,1503
84684,110-ZM-T30,FPQ-7767,SO-40272,DN-2434,Zambia,PMO - US,From RDC,N/A - From RDC,Truck,7/26/11,N/A - From RDC,28-Feb-12,28-Nov-11,28-Nov-11,ARV,Adult,SCMS from RDC,"Zidovudine 300mg, tablets, 60 Tabs",Zidovudine,Generic,300mg,Tablet,60,6376,44759.52,7.02,0.12,Hetero Unit III Hyderabad IN,Yes,639,889.94,73.85,889.94,639
52465,114-UG-T30,FPQ-12309,SCMS-192030,ASN-20922,Uganda,PMO - US,Direct Drop,EXW,Air,5/17/13,6/14/13,16-Aug-13,16-Aug-13,16-Aug-13,ARV,Adult,MYLAN LABORATORIES LTD (FORMERLY MATRIX LABORATORIES),"Lamivudine/Nevirapine/Zidovudine 150/200/300mg, tablets, 60 Tabs",Lamivudine/Nevirapine/Zidovudine,Generic,150/300/200mg,Tablet - FDC,60,60678,491491.8,8.1,0.13,Mylan (formerly Matrix) Nashik,Yes,8402,28304.85,607.98,28304.85,8402
24297,101-CD-T30,FPQ-14244,SCMS-240240,ASN-26540,"Congo, DRC",PMO - US,Direct Drop,EXW,Air,5/15/14,5/23/14,9-Oct-14,9-Oct-14,21-Oct-14,ANTM,Malaria,AMSTELFARMA B.V.,"Sulfadoxine/Pyrimethamine 500/25mg, tablets, 1000 Tabs",Sulfadoxine/Pyrimethamine,Generic,500/25mg,Tablet - FDC,1000,1070,25680.0,24.0,0.02,"Micro Labs, Hosur, India",Yes,902,5914,26.4,5914,902
83499,114-UG-T30,FPQ-7165,SO-38790,DN-2189,Uganda,PMO - US,From RDC,N/A - From RDC,Air,2/14/11,N/A - From RDC,11-Mar-11,3-May-11,3-May-11,ARV,Adult,SCMS from RDC,"Efavirenz/Emtricitabine/Tenofovir Disoproxil Fumarate 600/200/300mg, tablets, 30 Tabs",Efavirenz/Emtricitabine/Tenofovir Disoproxil Fumarate,Generic,600/200/300mg,Tablet - FDC,30,720,14342.4,19.92,0.66,Mylan (formerly Matrix) Nashik,Yes,79,2305.65,23.66,2305.65,79
85272,151-NG-T30,FPQ-8952,SO-41257,DN-2706,Nigeria,PMO - US,From RDC,N/A - From RDC,Air Charter,12/8/11,N/A - From RDC,20-Jun-12,3-Jun-12,3-Jun-12,ARV,Adult,SCMS from RDC,"Lamivudine 150mg, tablets, 60 Tabs",Lamivudine,Generic,150mg,Tablet,60,20000,46600.0,2.33,0.04,"Aurobindo Unit III, India",Yes,2238,17090,65.33,17090,2238
84913,151-NG-T30,FPQ-11771,SO-44754,DN-3621,Nigeria,PMO - US,From RDC,N/A - From RDC,Air Charter,2/28/13,N/A - From RDC,15-Apr-14,17-Apr-14,2-May-14,ARV,Adult,SCMS from RDC,"Lopinavir/Ritonavir 200/50mg [Aluvia], tablets, 120 Tabs",Lopinavir/Ritonavir,Aluvia,200/50mg,Tablet,120,15826,299111.4,18.9,0.16,ABBVIE Ludwigshafen Germany,Yes,3814,29674.92,370.0,29674.92,3814
10881,110-ZM-T01,Pre-PQ Process,SO-752,DN-351,Zambia,PMO - US,From RDC,N/A - From RDC,,Pre-PQ Process,N/A - From RDC,12-Sep-07,12-Sep-07,12-Sep-07,ARV,Pediatric,SCMS from RDC,"Efavirenz 200mg, capsule, 90 Caps",Efavirenz,Generic,200mg,Capsule,90,1064,17024.0,16.0,0.18,"Aurobindo Unit III, India",Yes,128,944.21,27.24,944.21,128
8315,106-HT-T01,Pre-PQ Process,SCMS-18270,ASN-1463,Haiti,PMO - US,Direct Drop,EXW,Air,Pre-PQ Process,2/27/08,29-Mar-08,29-Mar-08,29-Mar-08,HRDT,HIV test,Orasure Technologies Inc.,"HIV 1/2, OraQuick Advance HIV Rapid Antibody Kit, 100 Tests","HIV 1/2, OraQuick Advance HIV Rapid Antibody Kit",OraQuick,,Test kit,100,30,10500.0,350.0,3.5,"Pacific Biotech, Thailand",Yes,72,2556.61,16.8,2556.61,72
61520,107-RW-T30,FPQ-6185,SCMS-84380,ASN-12230,Rwanda,PMO - US,Direct Drop,CIP,Air,9/3/10,9/27/10,27-Sep-11,27-Sep-11,27-Sep-11,ARV,Pediatric,Aurobindo Pharma Limited,"Lamivudine 10mg/ml, oral solution w/syringe, Bottle, 240 ml",Lamivudine,Generic,10mg/ml,Oral solution,240,2468,7231.24,2.93,0.01,"Aurobindo Unit III, India",Yes,907,650.81,15.59,650.81,907
85423,111-MZ-T30,FPQ-12416,SO-45894,DN-3439,Mozambique,PMO - US,From RDC,N/A - From RDC,Truck,6/28/13,N/A - From RDC,31-Jan-14,30-Jan-14,17-Feb-14,ARV,Adult,SCMS from RDC,"Zidovudine 300mg, tablets, 60 Tabs",Zidovudine,Generic,300mg,Tablet,60,33650,187767.0,5.58,0.09,"Aurobindo Unit III, India",Yes,6904,5816.46,232.27,5816.46,6904
74729,133-NG-T30,FPQ-10349,SCMS-155311,ASN-19163,Nigeria,PMO - US,Direct Drop,EXW,Air,7/17/12,8/10/12,6-May-13,6-May-13,6-May-13,HRDT,HIV test,"CHEMBIO DIAGNOSTIC SYSTEMS, INC.","HIV 1/2, Stat-Pak HIV, Kit, 20 Tests","HIV 1/2, Stat-Pak HIV, Kit",Stat-Pak,,Test kit,20,3401,98629.0,29.0,1.45,Chembio Diagnostics Sys. Inc.,Yes,972,10191.28,138.28,10191.28,972
83119,104-CI-T30,FPQ-10633,SO-43340,DN-3046,Côte d'Ivoire,PMO - US,From RDC,N/A - From RDC,Truck,9/11/12,N/A - From RDC,30-Apr-13,8-Mar-13,8-Mar-13,ARV,Adult,SCMS from RDC,"Lopinavir/Ritonavir 200/50mg, tablets, 120 Tabs",Lopinavir/Ritonavir,Generic,200/50mg,Tablet,120,3524,87254.24,24.76,0.21,Mylan (formerly Matrix) Nashik,Yes,3264,14368.65,122.33,14368.65,3264
86300,151-NG-T30,FPQ-4537,SO-35023,DN-1806,Nigeria,PMO - US,From RDC,N/A - From RDC,Air Charter,11/6/09,N/A - From RDC,31-May-10,18-May-10,18-May-10,ARV,Adult,SCMS from RDC,"Efavirenz/Emtricitabine/Tenofovir Disoproxil Fumarate 600/200/300mg, tablets, 30 Tabs",Efavirenz/Emtricitabine/Tenofovir Disoproxil Fumarate,Generic,600/200/300mg,Tablet - FDC,30,3000,59760.0,19.92,0.66,Mylan (formerly Matrix) Nashik,Yes,329,9736.1,128.84,9736.1,329
83915,A01-SN-T50,FPQ-15899,SO-51380,DN-4293,Senegal,PMO - US,From RDC,N/A - From RDC,Air,2/19/15,N/A - From RDC,22-Jun-15,25-Jun-15,25-Jun-15,ARV,Adult,SCMS from RDC,"Lopinavir/Ritonavir 200/50mg [Aluvia], tablets, 120 Tabs",Lopinavir/Ritonavir,Aluvia,200/50mg,Tablet,120,100,1864.0,18.64,0.16,ABBVIE Ludwigshafen Germany,Yes,21,632.63,2.19,632.63,21
83596,104-CI-T30,FPQ-9063,SO-41350,DN-2713,Côte d'Ivoire,PMO - US,From RDC,N/A - From RDC,Truck,12/21/11,N/A - From RDC,16-Jul-12,18-Jun-12,18-Jun-12,ARV,Adult,SCMS from RDC,"Tenofovir Disoproxil Fumarate 300mg, tablets, 30 Tabs",Tenofovir Disoproxil Fumarate,Generic,300mg,Tablet,30,4000,22000.0,5.5,0.18,"Aurobindo Unit III, India",Yes,372,2333.91,30.84,2333.91,372
10710,123-NG-T01,Pre-PQ Process,SO-19071,DN-1045,Nigeria,PMO - US,From RDC,N/A - From RDC,Truck,Pre-PQ Process,N/A - From RDC,19-Jan-09,19-Jan-09,19-Jan-09,ARV,Adult,SCMS from RDC,"Stavudine 30mg, capsules, 60 Caps",Stavudine,Generic,30mg,Capsule,60,858,1329.9,1.55,0.03,"Aurobindo Unit III, India",Yes,58,7363.73,2.61,7363.73,58
85032,151-NG-T30,FPQ-14989,SO-49937,DN-4263,Nigeria,PMO - US,From RDC,N/A - From RDC,Air Charter,9/19/14,N/A - From RDC,30-Jun-15,29-Apr-15,29-Apr-15,ARV,Pediatric,SCMS from RDC,"Lamivudine/Nevirapine/Zidovudine 30/50/60mg, dispersible tablets, 60 Tabs",Lamivudine/Nevirapine/Zidovudine,Generic,30/50/60mg,Chewable/dispersible tablet - FDC,60,13660,49176.0,3.6,0.06,Mylan (formerly Matrix) Nashik,Yes,849,1871.34,50.55,1871.34,849
12694,114-UG-T01,Pre-PQ Process,SO-1081,DN-363,Uganda,PMO - US,From RDC,N/A - From RDC,,Pre-PQ Process,N/A - From RDC,16-Oct-07,16-Oct-07,16-Oct-07,ARV,Adult,SCMS from RDC,"Lamivudine/Zidovudine 150/300mg, tablets, 60 Tabs",Lamivudine/Zidovudine,Generic,150/300mg,Tablet - FDC,60,1350,12825.0,9.5,0.16,"Aurobindo Unit III, India",Yes,80,739,20.52,739,80
42274,161-ZA-T30,FPQ-6708,SCMS-93550,ASN-11432,South Africa,PMO - US,Direct Drop,DDP,Ocean,11/26/10,12/14/10,13-Jun-11,15-Sep-11,15-Sep-11,ARV,Adult,Aurobindo Pharma Limited,"Tenofovir Disoproxil Fumarate 300mg, tablets, 30 Tabs",Tenofovir Disoproxil Fumarate,Generic,300mg,Tablet,30,76097,506045.05,6.65,0.22,"Aurobindo Unit III, India",Yes,7105,6121.41,834.97,6121.41,7105
79648,106-HT-T30,FPQ-13494,SCMS-225411,ASN-25473,Haiti,PMO - US,Direct Drop,EXW,Air,1/21/14,2/19/14,15-May-14,15-May-14,20-May-14,HRDT,HIV test,"Orgenics, Ltd","HIV 1/2, Determine Complete HIV Kit, 100 Tests","HIV 1/2, Determine Complete HIV Kit",Determine,,Test kit,100,4000,400000.0,100.0,1.0,"Alere Medical Co., Ltd.",Yes,1623,15230.88,411.2,15230.88,1623
47923,113-ZW-T30,FPQ-3998,SCMS-50150,ASN-4753,Zimbabwe,PMO - US,Direct Drop,EXW,Air,7/14/09,7/25/09,7-Sep-09,7-Sep-09,7-Sep-09,HRDT,HIV test,"Orgenics, Ltd","HIV 1/2, Determine Complete HIV Kit, 100 Tests","HIV 1/2, Determine Complete HIV Kit",Determine,,Test kit,100,1000,72000.0,72.0,0.72,Inverness Japan,Yes,324,3791.81,141.12,3791.81,324
11692,151-NG-T01,Pre-PQ Process,SO-33333,DN-1483,Nigeria,PMO - US,From RDC,N/A - From RDC,Air,Date Not Captured,N/A - From RDC,18-Dec-09,18-Dec-09,18-Dec-09,ARV,Adult,SCMS from RDC,"Lamivudine/Nevirapine/Zidovudine 150/200/300mg, tablets, 60 Tabs",Lamivudine/Nevirapine/Zidovudine,Generic,150/300/200mg,Tablet - FDC,60,60840,693576.0,11.4,0.19,Mylan (formerly Matrix) Nashik,Yes,7663,33279.39,1495.35,33279.39,7663
49837,107-RW-T30,FPQ-8365,SCMS-126450,ASN-13722,Rwanda,PMO - US,Direct Drop,FCA,Air,10/26/11,11/11/11,27-Feb-12,27-Feb-12,27-Feb-12,ARV,Adult,ABBVIE LOGISTICS (FORMERLY ABBOTT LOGISTICS BV),"Ritonavir 100mg [Norvir], film coated tablets, 60 Tabs",Ritonavir,Norvir,100mg,Tablet,60,110,753.5,6.85,0.11,ABBVIE Ludwigshafen Germany,Yes,43,1046.02,1.24,1046.02,43
85220,106-HT-T30,FPQ-7653,SO-39745,DN-2485,Haiti,PMO - US,From RDC,N/A - From RDC,Air,5/11/11,N/A - From RDC,15-Feb-12,19-Jan-12,19-Jan-12,ARV,Pediatric,SCMS from RDC,"Zidovudine 10mg/ml, oral solution w/syringe, Bottle, 240 ml",Zidovudine,Generic,10mg/ml,Oral solution,240,4000,8400.0,2.1,0.01,"Aurobindo Unit III, India",Yes,1587,16163.28,13.86,16163.28,1587
83056,114-UG-T30,FPQ-9875,SO-42051,DN-2745,Uganda,PMO - US,From RDC,N/A - From RDC,Air,5/9/12,N/A - From RDC,7-Aug-12,7-Aug-12,7-Aug-12,ARV,Adult,SCMS from RDC,"Efavirenz 600mg, tablets, 30 Tabs",Efavirenz,Generic,600mg,Tablet,30,13373,52288.43,3.91,0.13,"Strides, Bangalore, India.",Yes,816,7964.24,73.31,7964.24,816
6312,107-RW-T01,Pre-PQ Process,SCMS-38660,ASN-3458,Rwanda,PMO - US,Direct Drop,EXW,Air,Pre-PQ Process,2/18/09,28-Apr-09,11-Mar-09,11-Mar-09,HRDT,HIV test,Premier Medical Corporation Ltd.,"HIV 1/2/O, First Response HIV 1-2.0, v.3.0 Cards Kit, 30 Tests","HIV 1/2/O, First Response HIV 1-2.0, v.3.0 Cards Kit",First Response,,Test kit,30,3912,88020.0,22.5,0.75,Premier Med. Corp Ltd. India,Yes,1320,15022.74,172.52,15022.74,1320
62586,114-UG-T30,FPQ-10489,SCMS-159280,ASN-16778,Uganda,PMO - US,Direct Drop,DAP,Air,8/24/12,9/6/12,25-Oct-12,25-Oct-12,25-Oct-12,ARV,Adult,ASPEN PHARMACARE,"Etravirine 100mg [Intelence], tablets, 120 Tabs",Etravirine,Intelence,100mg,Tablet,120,111,3996.0,36.0,0.3,"Janssen-Cilag, Latina, IT",Yes,24,330,5.6,330,24
82666,104-CI-T30,FPQ-13142,SO-47151,DN-3633,Côte d'Ivoire,PMO - US,From RDC,N/A - From RDC,Truck,10/22/13,N/A - From RDC,30-Apr-14,22-Apr-14,11-Jun-14,ARV,Adult,SCMS from RDC,"Abacavir 300mg, tablets, 60 Tabs",Abacavir,Generic,300mg,Tablet,60,6750,75802.5,11.23,0.19,"Aurobindo Unit III, India",Yes,4919,17647.73,77.92,17647.73,4919
11381,107-RW-T01,Pre-PQ Process,SO-396,DN-43,Rwanda,PMO - US,From RDC,N/A - From RDC,Air,Pre-PQ Process,N/A - From RDC,17-Mar-07,17-Mar-07,17-Mar-07,ARV,Adult,SCMS from RDC,"Tenofovir Disoproxil Fumarate 300mg [Viread], tablets, 30 Tabs",Tenofovir Disoproxil Fumarate,Viread,300mg,Tablet,30,4000,68000.0,17.0,0.57,Gilead(Nycomed) Oranienburg DE,Yes,265,11931,,11931,265
12808,114-UG-T01,Pre-PQ Process,SO-1995,DN-683,Uganda,PMO - US,From RDC,N/A - From RDC,Air,Pre-PQ Process,N/A - From RDC,17-Apr-08,17-Apr-08,17-Apr-08,ARV,Pediatric,SCMS from RDC,"Nevirapine 10mg/ml, oral suspension, Bottle, 240 ml",Nevirapine,Generic,10mg/ml,Oral suspension,240,127,243.84,1.92,0.01,"Aurobindo Unit III, India",Yes,46,740.34,0.39,740.34,46
28566,100-ZM-T30,FPQ-12180,SCMS-190740,ASN-20353,Zambia,PMO - US,Direct Drop,EXW,Air,5/14/13,5/22/13,23-Aug-13,23-Aug-13,23-Aug-13,HRDT,HIV test,"Orgenics, Ltd","HIV 1/2, Determine Complete HIV Kit, 100 Tests","HIV 1/2, Determine Complete HIV Kit",Determine,,Test kit,100,2730,218400.0,80.0,0.8,"Alere Medical Co., Ltd.",Yes,1184,17657.02,270.16,17657.02,1184
10572,104-CI-T01,Pre-PQ Process,SO-618,DN-164,Côte d'Ivoire,PMO - US,From RDC,N/A - From RDC,,Pre-PQ Process,N/A - From RDC,8-Jun-07,8-Jun-07,8-Jun-07,ARV,Adult,SCMS from RDC,"Zidovudine 300mg, tablets, 60 Tabs",Zidovudine,Generic,300mg,Tablet,60,1926,16409.52,8.52,0.14,"Ranbaxy, Paonta Shahib, India",Yes,105,977.55,,977.55,105
85452,104-CI-T30,FPQ-12144,SO-45630,DN-3598,Côte d'Ivoire,PMO - US,From RDC,N/A - From RDC,Truck,4/22/13,N/A - From RDC,10-Apr-14,10-Apr-14,6-May-14,ARV,Adult,SCMS from RDC,"Lamivudine/Tenofovir Disoproxil Fumarate 300/300mg, tablets, 30 Tabs",Lamivudine/Tenofovir Disoproxil Fumarate,Generic,300/300mg,Tablet - FDC,30,6377,29971.9,4.7,0.16,Hetero Unit III Hyderabad IN,Yes,833,4730.18,37.08,4730.18,833
11310,107-RW-T01,Pre-PQ Process,SO-27280,DN-1167,Rwanda,PMO - US,From RDC,N/A - From RDC,Air,Pre-PQ Process,N/A - From RDC,9-Apr-09,9-Apr-09,9-Apr-09,ARV,Adult,SCMS from RDC,"Lamivudine 150mg, tablets, 60 Tabs",Lamivudine,Generic,150mg,Tablet,60,6385,15579.4,2.44,0.04,"Aurobindo Unit III, India",Yes,327,1762.5,30.54,1762.5,327
7638,109-TZ-T01,Pre-PQ Process,SCMS-38400,ASN-3694,Tanzania,PMO - US,Direct Drop,FCA,Air,Pre-PQ Process,2/5/09,27-May-09,27-May-09,27-May-09,ARV,Adult,ABBVIE LOGISTICS (FORMERLY ABBOTT LOGISTICS BV),"Lopinavir/Ritonavir 200/50mg [Aluvia], tablets, 120 Tabs",Lopinavir/Ritonavir,Aluvia,200/50mg,Tablet,120,12560,516216.0,41.1,0.34,ABBVIE Ludwigshafen Germany,Yes,3073,12815.42,1011.78,12815.42,3073
56996,100-ZW-T30,FPQ-5018,SCMS-65350,ASN-6753,Zimbabwe,PMO - US,Direct Drop,EXW,Air,2/2/10,2/17/10,20-May-10,31-May-10,31-May-10,HRDT,HIV test,"Orgenics, Ltd","HIV 1/2, Determine Complete HIV Kit, 100 Tests","HIV 1/2, Determine Complete HIV Kit",Determine,,Test kit,100,2450,176400.0,72.0,0.72,Inverness Japan,Yes,1183,21170.3,380.32,21170.3,1183
16473,109-TZ-T30,FPQ-6936,SCMS-100631,ASN-10904,Tanzania,PMO - US,Direct Drop,EXW,Air,12/27/10,5/2/11,14-Jul-11,14-Jul-11,14-Jul-11,HRDT,HIV test,"Standard Diagnostics, Inc.","HIV 1/2, Bioline 3.0 Kit, Lancets, Capillary pipets, Alcohol swabs included, 25 Tests","HIV 1/2, Bioline 3.0 Kit, Lancets, Capillary pipets, Alcohol swabs included",Bioline,,Test kit,25,10000,200000.0,20.0,0.8,"Standard Diagnostics, Korea",Yes,3335,23650.43,330.0,23650.43,3335
83069,151-NG-T30,FPQ-9432,SO-42937,DN-2821,Nigeria,PMO - US,From RDC,N/A - From RDC,Air,3/1/12,N/A - From RDC,31-Aug-12,14-Aug-12,14-Aug-12,ARV,Adult,SCMS from RDC,"Lamivudine/Tenofovir Disoproxil Fumarate 300/300mg, tablets, 30 Tabs",Lamivudine/Tenofovir Disoproxil Fumarate,Generic,300/300mg,Tablet - FDC,30,25000,134000.0,5.36,0.18,Hetero Unit III Hyderabad IN,Yes,5897,18461.22,187.87,18461.22,5897
39967,104-CI-T30,FPQ-12714,SCMS-205000,ASN-21883,Côte d'Ivoire,PMO - US,Direct Drop,EXW,Air,7/30/13,9/2/13,7-Oct-13,7-Oct-13,8-Oct-13,ARV,Pediatric,Aurobindo Pharma Limited,"Zidovudine 100mg, capsules, 100 Caps",Zidovudine,Generic,100mg,Capsule,100,670,3015.0,4.5,0.04,"Aurobindo Unit III, India",Yes,76,1921.02,3.73,1921.02,76
44045,114-UG-T30,FPQ-3891,SCMS-52580,ASN-5101,Uganda,PMO - US,Direct Drop,EXW,Air,7/22/09,9/14/09,11-Nov-09,11-Nov-09,11-Nov-09,ARV,Pediatric,EMCURE PHARMACEUTICALS LTD,"Atazanavir 150mg, capsules, 60 Caps",Atazanavir,Generic,150mg,Capsule,60,46,1200.14,26.09,0.43,"Emcure Plot No.P-2, I.T-B.T. Park, Phase II, MIDC, Hinjwadi, Pune, India",Yes,3,986.79,2.35,986.79,3
43390,161-ZA-T30,FPQ-6708,SCMS-93440,ASN-10855,South Africa,PMO - US,Direct Drop,DDP,Air,11/26/10,12/6/10,12-Aug-11,12-Aug-11,12-Aug-11,ARV,Pediatric,GLAXOSMITHKLINE EXPORT LIMITED,"Abacavir 20mg/ml [Ziagen], oral solution, Bottle, 240 ml",Abacavir,Ziagen,20mg/ml,Oral solution,240,60000,601200.0,10.02,0.04,GSK Mississauga (Canada),Yes,22956,27372.24,991.98,27372.24,22956
41584,110-ZM-T30,FPQ-10531,SCMS-158520,ASN-16908,Zambia,PMO - US,Direct Drop,EXW,Air,8/21/12,9/5/12,31-Oct-12,7-Nov-12,7-Nov-12,HRDT,HIV test,"Orgenics, Ltd","HIV 1/2, Determine Complete HIV Kit, 100 Tests","HIV 1/2, Determine Complete HIV Kit",Determine,,Test kit,100,3000,240000.0,80.0,0.8,"Alere Medical Co., Ltd.",Yes,1428,25760.94,336.48,25760.94,1428
32306,108-VN-T30,FPQ-15040,SCMS-263660,ASN-30941,Vietnam,PMO - US,Direct Drop,EXW,Air,10/30/14,12/8/14,31-Mar-15,31-Mar-15,1-Apr-15,ARV,Adult,HETERO LABS LIMITED,"Efavirenz 600mg, tablets, 30 Tabs",Efavirenz,Generic,600mg,Tablet,30,2800,9800.0,3.5,0.12,Hetero Unit III Hyderabad IN,Yes,953,1593.67,10.07,1593.67,953
3386,111-MZ-T01,Pre-PQ Process,SCMS-29440,ASN-2403,Mozambique,PMO - US,Direct Drop,EXW,Air,Pre-PQ Process,8/29/08,3-Oct-08,3-Oct-08,3-Oct-08,HRDT,HIV test,"Orgenics, Ltd","HIV 1/2, Determine HIV Kit, without Lancets, 100 Tests","HIV 1/2, Determine HIV Kit, without Lancets",Determine,,Test kit,100,1000,71990.0,71.99,0.72,Inverness Japan,Yes,296,2648.82,115.18,2648.82,296
62235,104-CI-T30,FPQ-14253,SCMS-243800,ASN-30019,Côte d'Ivoire,PMO - US,Direct Drop,EXW,Air,5/14/14,7/9/14,18-Feb-15,18-Feb-15,20-Feb-15,HRDT,HIV test,"Orgenics, Ltd","HIV 1/2, Determine Complete HIV Kit, 100 Tests","HIV 1/2, Determine Complete HIV Kit",Determine,,Test kit,100,6500,520000.0,80.0,0.8,"Alere Medical Co., Ltd.",Yes,2634,30778.29,534.56,30778.29,2634
4457,108-VN-T01,Pre-PQ Process,SCMS-23320,ASN-2275,Vietnam,PMO - US,Direct Drop,EXW,Air,Pre-PQ Process,5/13/08,19-Sep-08,19-Sep-08,19-Sep-08,ARV,Adult,Aurobindo Pharma Limited,"Nevirapine 200mg, tablets, 60 Tabs",Nevirapine,Generic,200mg,Tablet,60,2180,6997.8,3.21,0.05,"Aurobindo Unit III, India",Yes,242,5881.57,11.2,5881.57,242
82494,151-NG-T30,FPQ-9432,SO-42644,DN-2764,Nigeria,PMO - US,From RDC,N/A - From RDC,Air Charter,3/1/12,N/A - From RDC,2-Aug-12,24-Jul-12,24-Jul-12,ARV,Adult,SCMS from RDC,"Lamivudine/Zidovudine 150/300mg, tablets, 60 Tabs",Lamivudine/Zidovudine,Generic,150/300mg,Tablet - FDC,60,52378,404358.16,7.72,0.13,"Cipla, Goa, India",Yes,7666,16532.5,566.91,16532.5,7666
21092,161-ZA-T30,FPQ-5303,SCMS-68940,ASN-8040,South Africa,PMO - US,Direct Drop,DDP,Air,3/18/10,3/19/10,7-Sep-10,15-Oct-10,15-Oct-10,ARV,Adult,Aurobindo Pharma Limited,"Efavirenz 600mg, tablets, 30 Tabs",Efavirenz,Generic,600mg,Tablet,30,34560,161395.2,4.67,0.16,"Aurobindo Unit III, India",Yes,3240,4263.07,347.97,4263.07,3240
30904,108-VN-T30,FPQ-15040,SCMS-263650,ASN-30555,Vietnam,PMO - US,Direct Drop,EXW,Air,10/30/14,12/8/14,23-Mar-15,26-Mar-15,26-Mar-15,ARV,Adult,MYLAN LABORATORIES LTD (FORMERLY MATRIX LABORATORIES),"Efavirenz/Lamivudine/Tenofovir Disoproxil Fumarate 600/300/300mg, tablets, 30 Tabs",Efavirenz/Lamivudine/Tenofovir Disoproxil Fumarate,Generic,600/300/300mg,Tablet - FDC,30,22232,225654.8,10.15,0.34,Mylan (formerly Matrix) Nashik,Yes,2510,4363.06,231.97,4363.06,2510
11407,104-CI-T01,Pre-PQ Process,SO-652,DN-244,Côte d'Ivoire,PMO - US,From RDC,N/A - From RDC,,Pre-PQ Process,N/A - From RDC,20-Jul-07,20-Jul-07,20-Jul-07,ARV,Adult,SCMS from RDC,"Lopinavir/Ritonavir 200/50mg [Aluvia], tablets, 120 Tabs",Lopinavir/Ritonavir,Aluvia,200/50mg,Tablet,120,1110,45621.0,41.1,0.34,ABBVIE Ludwigshafen Germany,Yes,222,1603,72.99,1603,222
78103,103-ZW-T30,FPQ-13969,SCMS-239231,ASN-27940,Zimbabwe,PMO - US,Direct Drop,EXW,Ocean,4/8/14,6/20/14,3-Nov-14,3-Nov-14,3-Nov-14,ARV,Pediatric,MYLAN LABORATORIES LTD (FORMERLY MATRIX LABORATORIES),"Lamivudine/Nevirapine/Zidovudine 30/50/60mg, dispersible tablets, 60 Tabs",Lamivudine/Nevirapine/Zidovudine,Generic,30/50/60mg,Chewable/dispersible tablet - FDC,60,204713,736966.8,3.6,0.06,Mylan (formerly Matrix) Nashik,Yes,11430,22059.25,757.6,22059.25,11430
84451,107-RW-T30,FPQ-15632,SO-50730,DN-4141,Rwanda,PMO - US,From RDC,N/A - From RDC,Air,12/23/14,N/A - From RDC,10-Mar-15,27-Mar-15,30-Mar-15,ARV,Pediatric,SCMS from RDC,"Lamivudine/Nevirapine/Zidovudine 30/50/60mg, dispersible tablets, 60 Tabs",Lamivudine/Nevirapine/Zidovudine,Generic,30/50/60mg,Chewable/dispersible tablet - FDC,60,10000,36000.0,3.6,0.06,Mylan (formerly Matrix) Nashik,Yes,558,3989.81,42.37,3989.81,558
85009,151-NG-T30,FPQ-14156,SO-48908,DN-4097,Nigeria,PMO - US,From RDC,N/A - From RDC,Air Charter,4/25/14,N/A - From RDC,30-Jan-15,14-Jan-15,20-Jan-15,ARV,Adult,SCMS from RDC,"Lamivudine/Tenofovir Disoproxil Fumarate 300/300mg, tablets, 30 Tabs",Lamivudine/Tenofovir Disoproxil Fumarate,Generic,300/300mg,Tablet - FDC,30,4,18.44,4.61,0.15,"Cipla, Kurkumbh, India",Yes,34119,69737,0.02,69737,34119
28676,105-GY-T30,FPQ-12235,SCMS-190760,ASN-20054,Guyana,PMO - US,Direct Drop,EXW,Air,5/6/13,5/22/13,1-Jul-13,1-Jul-13,1-Jul-13,HRDT,HIV test,"Trinity Biotech, Plc","HIV 1/2, Uni-Gold HIV Kit, 20 Tests","HIV 1/2, Uni-Gold HIV Kit",Uni-Gold,,Test kit,20,3140,100480.0,32.0,1.6,"Trinity Biotech, Plc",Yes,1024,10304.62,124.29,10304.62,1024
83028,151-NG-T30,FPQ-8364,SO-40660,DN-2630,Nigeria,PMO - US,From RDC,N/A - From RDC,Air Charter,8/29/11,N/A - From RDC,20-May-12,30-Apr-12,30-Apr-12,ARV,Adult,SCMS from RDC,"Lamivudine/Nevirapine/Zidovudine 150/200/300mg, tablets, 60 Tabs",Lamivudine/Nevirapine/Zidovudine,Generic,150/300/200mg,Tablet - FDC,60,48821,547771.62,11.22,0.19,Mylan (formerly Matrix) Nashik,Yes,6949,27441.22,903.82,27441.22,6949
11344,104-CI-T01,Pre-PQ Process,SO-27532,DN-1354,Côte d'Ivoire,PMO - US,From RDC,N/A - From RDC,Air,Date Not Captured,N/A - From RDC,11-Aug-09,11-Aug-09,11-Aug-09,ARV,Adult,SCMS from RDC,"Efavirenz 600mg, tablets, 30 Tabs",Efavirenz,Generic,600mg,Tablet,30,5010,48697.2,9.72,0.32,"Aurobindo Unit III, India",Yes,434,1854.88,95.45,1854.88,434
12092,111-MZ-T01,Pre-PQ Process,SO-298,DN-304,Mozambique,PMO - US,From RDC,N/A - From RDC,Air,Pre-PQ Process,N/A - From RDC,21-Sep-07,21-Sep-07,21-Sep-07,ARV,Adult,SCMS from RDC,"Tenofovir Disoproxil Fumarate 300mg [Viread], tablets, 30 Tabs",Tenofovir Disoproxil Fumarate,Viread,300mg,Tablet,30,3318,56406.0,17.0,0.57,Gilead(Nycomed) Oranienburg DE,No,See DN-304 (ID#:10589),See DN-304 (ID#:10589),90.25,9869.55,9006
85250,110-ZM-T30,FPQ-8759,SO-41122,DN-2613,Zambia,PMO - US,From RDC,N/A - From RDC,Truck,11/6/11,N/A - From RDC,27-Apr-12,16-Apr-12,16-Apr-12,ARV,Adult,SCMS from RDC,"Abacavir 300mg, tablets, 60 Tabs",Abacavir,Generic,300mg,Tablet,60,15000,219450.0,14.63,0.24,Mylan (formerly Matrix) Nashik,Yes,1677,8510.81,307.67,8510.81,1677
84884,104-CI-T30,FPQ-12800,SO-46350,DN-3504,Côte d'Ivoire,PMO - US,From RDC,N/A - From RDC,Air,8/9/13,N/A - From RDC,31-Jan-14,18-Jan-14,4-Mar-14,ARV,Pediatric,SCMS from RDC,"Nevirapine 10mg/ml, oral suspension w/syringe, Bottle, 240 ml",Nevirapine,Generic,10mg/ml,Oral suspension,240,4000,7440.0,1.86,0.01,"Aurobindo Unit III, India",Yes,1928,8050.55,9.2,8050.55,1928
10669,114-UG-T01,Pre-PQ Process,SO-1715,DN-588,Uganda,PMO - US,From RDC,N/A - From RDC,,Pre-PQ Process,N/A - From RDC,6-Mar-08,6-Mar-08,6-Mar-08,ARV,Adult,SCMS from RDC,"Emtricitabine/Tenofovir Disoproxil Fumarate 200/300mg [Truvada], tablets, 30 Tabs",Emtricitabine/Tenofovir Disoproxil Fumarate,Truvada,300/200mg,Tablet - FDC,30,656,17220.0,26.25,0.88,"Aspen-OSD, Port Elizabeth, SA",Yes,58,794.22,27.55,794.22,58
83580,114-UG-T30,FPQ-8522,SO-40931,DN-2607,Uganda,PMO - US,From RDC,N/A - From RDC,Truck,10/5/11,N/A - From RDC,16-May-12,27-Mar-12,27-Mar-12,ARV,Adult,SCMS from RDC,"Lamivudine/Nevirapine/Zidovudine 150/200/300mg, tablets, 60 Tabs",Lamivudine/Nevirapine/Zidovudine,Generic,150/300/200mg,Tablet - FDC,60,71568,787248.0,11.0,0.18,"Strides, Bangalore, India.",Yes,11441,55175.61,1298.96,55175.61,11441
50754,161-ZA-T30,FPQ-7175,SCMS-104050,ASN-12190,South Africa,PMO - US,Direct Drop,DDP,Ocean,3/10/11,3/28/11,9-Dec-11,9-Dec-11,9-Dec-11,ARV,Adult,CIPLA LIMITED,"Tenofovir Disoproxil Fumarate 300mg, tablets, 30 Tabs",Tenofovir Disoproxil Fumarate,Generic,300mg,Tablet,30,112595,728489.65,6.47,0.22,"Cipla, Goa, India",Yes,7991,9972.68,1202.01,9972.68,7991
12307,111-MZ-T01,Pre-PQ Process,SO-26420,DN-1377,Mozambique,PMO - US,From RDC,N/A - From RDC,Truck,Date Not Captured,N/A - From RDC,17-Sep-09,17-Sep-09,17-Sep-09,ARV,Adult,SCMS from RDC,"Lamivudine/Nevirapine/Stavudine 150/200/30mg, tablets, 60 Tabs",Lamivudine/Nevirapine/Stavudine,Generic,150/200/30mg,Tablet - FDC,60,76000,541120.0,7.12,0.12,"Strides, Bangalore, India.",Yes,5597,1799.88,1060.6,1799.88,5597
18904,101-CD-T30,FPQ-12093,SCMS-189060,ASN-20777,"Congo, DRC",PMO - US,Direct Drop,FCA,Air,4/23/13,5/23/13,20-Nov-13,20-Nov-13,26-Nov-13,ARV,Pediatric,ABBVIE LOGISTICS (FORMERLY ABBOTT LOGISTICS BV),"Lopinavir/Ritonavir 80/20mg/ml [Kaletra], oral solution, cool, Bottle 5 x 60 ml",Lopinavir/Ritonavir,Kaletra,80/20mg/ml,Oral solution,300,30,924.6,30.82,0.1,ABBVIE (Abbott) Logis. UK,Yes,56,460.9,1.14,460.9,56
60112,114-UG-T30,FPQ-13258,SCMS-216720,ASN-23721,Uganda,PMO - US,Direct Drop,EXW,Air,11/18/13,12/17/13,22-Feb-14,22-Feb-14,24-Mar-14,ARV,Adult,Aurobindo Pharma Limited,"Nevirapine 200mg, tablets, 60 Tabs",Nevirapine,Generic,200mg,Tablet,60,18216,40986.0,2.25,0.04,"Aurobindo Unit III, India",Yes,1863,6757.18,42.13,6757.18,1863
35300,108-VN-T30,FPQ-6818,SCMS-97840,ASN-10792,Vietnam,PMO - US,Direct Drop,EXW,Air,1/17/11,2/9/11,6-Jun-11,6-Jun-11,6-Jun-11,ARV,Adult,HETERO LABS LIMITED,"Stavudine 30mg, capsules, 60 Caps",Stavudine,Generic,30mg,Capsule,60,21000,30450.0,1.45,0.02,Hetero Unit III Hyderabad IN,Yes,1516,11915.51,50.24,11915.51,1516
11028,106-HT-T01,Pre-PQ Process,SO-2603,DN-866,Haiti,PMO - US,From RDC,N/A - From RDC,Air,Pre-PQ Process,N/A - From RDC,11-Aug-08,11-Aug-08,11-Aug-08,ARV,Pediatric,SCMS from RDC,"Efavirenz 200mg, capsule, 90 Caps",Efavirenz,Generic,200mg,Capsule,90,210,3360.0,16.0,0.18,"Aurobindo Unit III, India",Yes,26,997.46,5.38,997.46,26
86049,104-CI-T30,FPQ-12144,SO-45650,DN-3556,Côte d'Ivoire,PMO - US,From RDC,N/A - From RDC,Truck,4/22/13,N/A - From RDC,28-Feb-14,1-Mar-14,3-Apr-14,ARV,Adult,SCMS from RDC,"Abacavir/Lamivudine 600/300mg, scored tablets, 30 Tabs",Abacavir/Lamivudine,Generic,600/300mg,Tablet - FDC,30,611,8260.72,13.52,0.45,Mylan (formerly Matrix) Nashik,Yes,55,1335.15,10.22,1335.15,55
2008,117-ET-T01,Pre-PQ Process,SCMS-28710,ASN-2576,Ethiopia,PMO - US,Direct Drop,EXW,Air,Pre-PQ Process,8/22/08,7-Oct-08,7-Oct-08,7-Oct-08,HRDT,HIV test,"SHANGHAI KEHUA BIOENGINEERING CO.,LTD.  (KHB)","HIV 1/2, SKB Colloidal Gold, Diagnostic Kit, Antibody, 50 Tests","HIV 1/2, Colloidal Gold, Diagnostic Kit, Antibody",Colloidal Gold,,Test kit,1,6998,160954.0,23.0,23.0,"KHB Test Kit Facility, Shanghai China",Yes,5057,44347.71,257.53,44347.71,5057
86503,107-RW-T30,FPQ-9888,SO-42111,DN-2788,Rwanda,PMO - US,From RDC,N/A - From RDC,Air,5/11/12,N/A - From RDC,31-Aug-12,16-Aug-12,16-Aug-12,ARV,Adult,SCMS from RDC,"Abacavir 300mg, tablets, 60 Tabs",Abacavir,Generic,300mg,Tablet,60,629,8271.35,13.15,0.22,"Aurobindo Unit III, India",Yes,67,1618.12,11.6,1618.12,67
84796,113-ZW-T30,FPQ-11002,SO-43701,DN-3049,Zimbabwe,PMO - US,From RDC,N/A - From RDC,Truck,11/16/12,N/A - From RDC,30-Apr-13,23-Mar-13,23-Mar-13,ARV,Adult,SCMS from RDC,"Nevirapine 200mg, tablets, 60 Tabs",Nevirapine,Generic,200mg,Tablet,60,40869,92363.94,2.26,0.04,Hetero Unit III Hyderabad IN,Yes,2520,15000,114.25,15000,2520
84929,107-RW-T30,FPQ-12190,SO-45391,DN-3714,Rwanda,PMO - US,From RDC,N/A - From RDC,Truck,5/6/13,N/A - From RDC,30-May-14,3-Jul-14,9-Jul-14,ARV,Adult,SCMS from RDC,"Nevirapine 200mg, tablets, 60 Tabs",Nevirapine,Generic,200mg,Tablet,60,30666,67771.86,2.21,0.04,Hetero Unit III Hyderabad IN,Yes,1878,11085.83,83.83,11085.83,1878
1973,117-ET-T01,Pre-PQ Process,SCMS-27800,ASN-2747,Ethiopia,PMO - US,Direct Drop,EXW,Air,Pre-PQ Process,7/30/08,3-Nov-08,3-Nov-08,3-Nov-08,HRDT,HIV test,"CHEMBIO DIAGNOSTIC SYSTEMS, INC.","HIV 1/2, Stat-Pak HIV, Kit, 20 Tests","HIV 1/2, Stat-Pak HIV, Kit",Stat-Pak,,Test kit,20,3982,107514.0,27.0,1.35,Chembio Diagnostics Sys. Inc.,Yes,1445,7303.25,210.73,7303.25,1445
46082,117-ET-T30,FPQ-9210,SCMS-134740,ASN-14557,Ethiopia,PMO - US,Direct Drop,EXW,Air,1/18/12,1/23/12,25-Apr-12,25-Apr-12,25-Apr-12,HRDT,HIV test,"Trinity Biotech, Plc","HIV 1/2, Uni-Gold HIV Kit, 20 Tests","HIV 1/2, Uni-Gold HIV Kit",Uni-Gold,,Test kit,20,43,1376.0,32.0,1.6,"Trinity Biotech, Plc",Yes,15,406.68,1.93,406.68,15
82389,113-ZW-T30,FPQ-6470,SO-37841,DN-2282,Zimbabwe,PMO - US,From RDC,N/A - From RDC,Truck,10/13/10,N/A - From RDC,15-Aug-11,11-Aug-11,11-Aug-11,ARV,Adult,SCMS from RDC,"Lamivudine/Nevirapine/Stavudine 150/200/30mg, tablets, 60 Tabs",Lamivudine/Nevirapine/Stavudine,Generic,150/200/30mg,Tablet - FDC,60,51722,278264.36,5.38,0.09,"Cipla, Goa, India",Yes,9134,16064.09,599.94,16064.09,9134
73326,161-ZA-T30,FPQ-7175,SCMS-103800,ASN-12625,South Africa,PMO - US,Direct Drop,DDP,Ocean,3/10/11,3/28/11,25-Nov-11,25-Nov-11,25-Nov-11,ARV,Pediatric,CIPLA LIMITED,"Lamivudine 10mg/ml, oral solution, Bottle, 240 ml",Lamivudine,Generic,10mg/ml,Oral solution,240,50000,103000.0,2.06,0.01,"Cipla, Goa, India",Yes,18462,22647.81,169.95,22647.81,18462
75534,107-RW-T30,FPQ-13851,SCMS-239010,ASN-26755,Rwanda,PMO - US,Direct Drop,CIP,Air,3/10/14,5/16/14,24-Jul-14,24-Jul-14,25-Jul-14,ARV,Adult,MYLAN LABORATORIES LTD (FORMERLY MATRIX LABORATORIES),"Atazanavir/Ritonavir 300/100mg, tablets, 30 Tabs",Atazanavir/Ritonavir,Generic,300/100mg,Tablet,30,18000,360000.0,20.0,0.67,Mylan (formerly Matrix) Nashik,Yes,2402,1832.54,370.08,1832.54,2402
84258,113-ZW-T30,FPQ-11002,SO-43721,DN-3145,Zimbabwe,PMO - US,From RDC,N/A - From RDC,Truck,11/16/12,N/A - From RDC,30-May-13,29-Apr-13,29-Apr-13,ARV,Adult,SCMS from RDC,"Lamivudine/Tenofovir Disoproxil Fumarate 300/300mg, tablets, 30 Tabs",Lamivudine/Tenofovir Disoproxil Fumarate,Generic,300/300mg,Tablet - FDC,30,40534,190509.8,4.7,0.16,"Aurobindo Unit VII, IN",Yes,3749,9708.48,235.66,9708.48,3749
52999,104-CI-T30,FPQ-5022,SCMS-64530,ASN-6101,Côte d'Ivoire,PMO - US,Direct Drop,EXW,Air,2/2/10,2/3/10,5-Mar-10,5-Mar-10,5-Mar-10,ARV,Adult,Aurobindo Pharma Limited,"Abacavir/Lamivudine 600/300mg, scored tablets, 30 Tabs",Abacavir/Lamivudine,Generic,600/300mg,Tablet - FDC,30,1461,29950.5,20.5,0.68,"Aurobindo Unit III, India",Yes,154780,1664.12,64.57,1664.12,154780
39966,119-NA-T30,FPQ-4398,SCMS-54910,ASN-5952,Namibia,PMO - US,Direct Drop,EXW,Air,10/7/09,10/13/09,12-Feb-10,12-Feb-10,12-Feb-10,HRDT,HIV test,"Trinity Biotech, Plc","HIV 1/2, Uni-Gold HIV Kit, 20 Tests","HIV 1/2, Uni-Gold HIV Kit",Uni-Gold,,Test kit,20,1400,44800.0,32.0,1.6,"Trinity Biotech, Plc",Yes,500,5061.46,96.59,5061.46,500
67776,108-VN-T30,FPQ-4662,SCMS-58610,ASN-5841,Vietnam,PMO - US,Direct Drop,EXW,Air,12/2/09,12/8/09,25-Jan-10,25-Jan-10,25-Jan-10,ARV,Adult,STRIDES ARCOLAB LIMITED,"Stavudine 30mg, capsules, 60 Caps",Stavudine,Generic,30mg,Capsule,60,672,940.8,1.4,0.02,"Strides, Bangalore, India.",Yes,32,1701.1,2.03,1701.1,32
81627,108-VN-T30,FPQ-7427,SCMS-105510,ASN-11735,Vietnam,PMO - US,Direct Drop,EXW,Air,3/31/11,4/14/11,13-Sep-11,13-Sep-11,13-Sep-11,ARV,Adult,HETERO LABS LIMITED,"Efavirenz 600mg, tablets, 30 Tabs",Efavirenz,Generic,600mg,Tablet,30,30000,123900.0,4.13,0.14,Hetero Unit III Hyderabad IN,Yes,2957,14589.33,204.44,14589.33,2957
48870,105-GY-T30,FPQ-11550,SCMS-177920,ASN-19123,Guyana,PMO - US,Direct Drop,FCA,Air,2/7/13,3/8/13,31-May-13,31-May-13,31-May-13,ARV,Pediatric,ABBVIE LOGISTICS (FORMERLY ABBOTT LOGISTICS BV),"Lopinavir/Ritonavir 80/20mg/ml [Kaletra], oral solution, cool, Bottle 5 x 60 ml",Lopinavir/Ritonavir,Kaletra,80/20mg/ml,Oral solution,300,20,1216.4,60.82,0.2,ABBVIE (Abbott) Logis. UK,Yes,52,1152.9,1.5,1152.9,52
84115,106-HT-T30,FPQ-7653,SO-39741,DN-2387,Haiti,PMO - US,From RDC,N/A - From RDC,Air,5/11/11,N/A - From RDC,31-Oct-11,24-Oct-11,24-Oct-11,ARV,Adult,SCMS from RDC,"Stavudine 30mg, capsules, 60 Caps",Stavudine,Generic,30mg,Capsule,60,3850,5390.0,1.4,0.02,"Aurobindo Unit III, India",Yes,230,2936.8,8.89,2936.8,230
70577,108-VN-T30,FPQ-6384,SCMS-87740,ASN-9153,Vietnam,PMO - US,Direct Drop,EXW,Air,9/30/10,10/15/10,23-Dec-10,23-Dec-10,23-Dec-10,ARV,Adult,STRIDES ARCOLAB LIMITED,"Lamivudine 150mg, tablets, 60 Tabs",Lamivudine,Generic,150mg,Tablet,60,29847,70140.45,2.35,0.04,"Strides, Bangalore, India.",Yes,1403,6475.64,151.22,6475.64,1403
60005,109-TZ-T30,FPQ-12540,SCMS-198780,ASN-20859,Tanzania,PMO - US,Direct Drop,EXW,Air,7/3/13,7/16/13,24-Sep-13,24-Sep-13,24-Sep-13,ARV,Adult,Aurobindo Pharma Limited,"Lamivudine/Nevirapine/Zidovudine 150/200/300mg, tablets, 60 Tabs",Lamivudine/Nevirapine/Zidovudine,Generic,150/300/200mg,Tablet - FDC,60,33022,268468.86,8.13,0.14,"Aurobindo Unit III, India",Yes,4190,16066.92,332.1,16066.92,4190
86148,103-ZW-T30,FPQ-13967,SO-48442,DN-4020,Zimbabwe,PMO - US,From RDC,N/A - From RDC,Air,4/2/14,N/A - From RDC,30-Jan-15,5-Jan-15,9-Jan-15,ARV,Pediatric,SCMS from RDC,"Lamivudine/Nevirapine/Zidovudine 30/50/60mg, dispersible tablets, 60 Tabs",Lamivudine/Nevirapine/Zidovudine,Generic,30/50/60mg,Chewable/dispersible tablet - FDC,60,20000,75000.0,3.75,0.06,"Strides, Bangalore, India.",Yes,1920,5055.8,77.1,5055.8,1920
72193,161-ZA-T30,FPQ-5648,SCMS-75750,ASN-9177,South Africa,PMO - US,Direct Drop,DDP,Ocean,6/2/10,6/17/10,1-Feb-11,1-Feb-11,1-Feb-11,ARV,Adult,Aurobindo Pharma Limited,"Efavirenz 600mg, tablets, 30 Tabs",Efavirenz,Generic,600mg,Tablet,30,64260,289812.6,4.51,0.15,"Aurobindo Unit III, India",Yes,5623,630.5,624.84,630.5,5623
84705,101-CD-T30,FPQ-8840,SO-41384,DN-2525,"Congo, DRC",PMO - US,From RDC,N/A - From RDC,Air,11/21/11,N/A - From RDC,22-Mar-12,22-Mar-12,22-Mar-12,ARV,Adult,SCMS from RDC,"Lamivudine 150mg, tablets, 60 Tabs",Lamivudine,Generic,150mg,Tablet,60,43,100.19,2.33,0.04,Hetero Unit III Hyderabad IN,Yes,2,91.42,0.14,91.42,2
7708,106-HT-T01,Pre-PQ Process,SCMS-40310,ASN-3664,Haiti,PMO - US,Direct Drop,EXW,Air,Pre-PQ Process,3/9/09,24-Mar-09,24-Mar-09,24-Mar-09,HRDT,HIV test,"Trinity Biotech, Plc","HIV 1/2, Capillus HIV Kit, 100 Tests","HIV 1/2, Capillus HIV Kit",Capillus,,Test kit,100,110,15290.0,139.0,1.39,"Trinity Biotech, Plc",Yes,78,1953.6,29.97,1953.6,78
12112,107-RW-T01,Pre-PQ Process,SO-834,DN-352,Rwanda,PMO - US,From RDC,N/A - From RDC,Air,Pre-PQ Process,N/A - From RDC,14-Sep-07,14-Sep-07,14-Sep-07,HRDT,HIV test,SCMS from RDC,"HIV 1/2/O, First Response HIV 1-2.0, v.3.0 Cards Kit, 30 Tests","HIV 1/2/O, First Response HIV 1-2.0, v.3.0 Cards Kit",First Response,,Test kit,30,1883,31069.5,16.5,0.55,Premier Med. Corp Ltd. India,Yes,752,4436.76,49.71,4436.76,752
82298,104-CI-T30,FPQ-4378,SO-34450,DN-1680,Côte d'Ivoire,PMO - US,From RDC,N/A - From RDC,Air,10/15/09,N/A - From RDC,22-Mar-10,11-Mar-10,11-Mar-10,ARV,Pediatric,SCMS from RDC,"Didanosine 200mg, chewable/dispersible tablets, 60 Tabs",Didanosine,Generic,200mg,Chewable/dispersible tablet,60,1907,29558.5,15.5,0.26,"Aurobindo Unit III, India",Yes,395,1042.58,57.93,1042.58,395
28282,103-CM-T30,FPQ-16210,SCMS-289290,ASN-33318,Cameroon,PMO - US,Direct Drop,FCA,Air,4/28/15,5/29/15,22-Jul-15,22-Jul-15,22-Jul-15,ARV,Pediatric,ABBVIE LOGISTICS (FORMERLY ABBOTT LOGISTICS BV),"Lopinavir/Ritonavir 100/25mg [Aluvia], tablets, 60 Tabs",Lopinavir/Ritonavir,Generic,100/25mg,Tablet,60,8800,52272.0,5.94,0.1,ABBVIE Ludwigshafen Germany,Yes,1485,10334.23,61.52,10334.23,1485
22290,110-ZM-T30,FPQ-12252,SCMS-189240,ASN-20481,Zambia,PMO - US,Direct Drop,EXW,Air,5/2/13,5/22/13,5-Aug-13,9-Aug-13,9-Aug-13,HRDT,HIV test,"Orgenics, Ltd","HIV 1/2, Determine Complete HIV Kit, 100 Tests","HIV 1/2, Determine Complete HIV Kit",Determine,,Test kit,100,3038,243040.0,80.0,0.8,"Alere Medical Co., Ltd.",Yes,1259,19517.12,300.64,19517.12,1259
11764,113-ZW-T01,Pre-PQ Process,SO-292,DN-317,Zimbabwe,PMO - US,From RDC,N/A - From RDC,,Pre-PQ Process,N/A - From RDC,28-Aug-07,28-Aug-07,28-Aug-07,ARV,Adult,SCMS from RDC,"Nevirapine 200mg, tablets, 60 Tabs",Nevirapine,Generic,200mg,Tablet,60,1629,5978.43,3.67,0.06,"Aurobindo Unit III, India",Yes,152,912.45,9.57,912.45,152
11583,111-MZ-T01,Pre-PQ Process,SO-15091,DN-989,Mozambique,PMO - US,From RDC,N/A - From RDC,Air,Pre-PQ Process,N/A - From RDC,18-Dec-08,18-Dec-08,18-Dec-08,ARV,Adult,SCMS from RDC,"Lamivudine/Nevirapine/Stavudine 150/200/30mg, tablets, 60 Tabs",Lamivudine/Nevirapine/Stavudine,Generic,150/200/30mg,Tablet - FDC,60,92950,669240.0,7.2,0.12,"Strides, Bangalore, India.",Yes,6883,7534.18,1311.71,7534.18,6883
85371,110-ZM-T30,FPQ-11032,SO-43831,DN-3204,Zambia,PMO - US,From RDC,N/A - From RDC,Truck,11/28/12,N/A - From RDC,23-Jul-13,6-Aug-13,6-Aug-13,ARV,Adult,SCMS from RDC,"Efavirenz/Emtricitabine/Tenofovir Disoproxil Fumarate 600/200/300mg, tablets, 30 Tabs",Efavirenz/Emtricitabine/Tenofovir Disoproxil Fumarate,Generic,600/200/300mg,Tablet - FDC,30,53787,697079.52,12.96,0.43,"Cipla, Goa, India",Yes,6342,42040.3,862.29,42040.3,6342
84358,107-RW-T30,FPQ-12766,SO-46486,DN-3641,Rwanda,PMO - US,From RDC,N/A - From RDC,Truck,8/2/13,N/A - From RDC,5-May-14,6-May-14,20-Jun-14,ARV,Adult,SCMS from RDC,"Lamivudine/Nevirapine/Zidovudine 150/200/300mg, tablets, 60 Tabs",Lamivudine/Nevirapine/Zidovudine,Generic,150/300/200mg,Tablet - FDC,60,15862,128640.82,8.11,0.14,"Aurobindo Unit III, India",Yes,1851,5445.73,159.13,5445.73,1851
14195,100-BJ-T30,FPQ-7660,SCMS-109830,ASN-11115,Benin,PMO - US,Direct Drop,EXW,Air,5/16/11,5/27/11,12-Jul-11,12-Jul-11,12-Jul-11,ARV,Adult,MYLAN LABORATORIES LTD (FORMERLY MATRIX LABORATORIES),"Efavirenz/Lamivudine/Tenofovir Disoproxil Fumarate 600/300/300mg, tablets, 30 Tabs",Efavirenz/Lamivudine/Tenofovir Disoproxil Fumarate,Generic,600/300/300mg,Tablet - FDC,30,1244,17540.4,14.1,0.47,Mylan (formerly Matrix) Nashik,Yes,175,5864.56,28.94,5864.56,175
27664,901-GH-T30,FPQ-14101,SCMS-245430,ASN-28552,Ghana,PMO - US,Direct Drop,EXW,Air,4/30/14,7/8/14,3-Nov-14,3-Nov-14,12-Nov-14,ARV,Adult,HETERO LABS LIMITED,"Lamivudine/Tenofovir Disoproxil Fumarate 300/300mg, tablets, 30 Tabs",Lamivudine/Tenofovir Disoproxil Fumarate,Generic,300/300mg,Tablet - FDC,30,45632,210819.84,4.62,0.15,Hetero Unit III Hyderabad IN,Yes,4539,22271.36,216.72,22271.36,4539
84855,104-CI-T30,FPQ-11253,SO-44190,DN-3330,Côte d'Ivoire,PMO - US,From RDC,N/A - From RDC,Truck,12/14/12,N/A - From RDC,30-Sep-13,20-Sep-13,20-Sep-13,ARV,Adult,SCMS from RDC,"Lamivudine/Nevirapine/Zidovudine 150/200/300mg, tablets, 60 Tabs",Lamivudine/Nevirapine/Zidovudine,Generic,150/300/200mg,Tablet - FDC,60,60000,495600.0,8.26,0.14,Hetero Unit III Hyderabad IN,Yes,8750,28864.27,613.06,28864.27,8750
48497,161-ZA-T30,FPQ-6262,SCMS-84230,ASN-9508,South Africa,PMO - US,Direct Drop,DDP,Ocean,8/31/10,9/21/10,14-Feb-11,11-Feb-11,11-Feb-11,ARV,Adult,STRIDES ARCOLAB LIMITED,"Lamivudine 150mg, tablets, 60 Tabs",Lamivudine,Generic,150mg,Tablet,60,185954,459306.38,2.47,0.04,"Strides, Bangalore, India.",Yes,9019,13677.68,990.26,13677.68,9019
83103,111-MZ-T30,FPQ-10211,SO-42871,DN-2985,Mozambique,PMO - US,From RDC,N/A - From RDC,Truck,6/28/12,N/A - From RDC,22-Mar-13,22-Mar-13,22-Mar-13,ARV,Adult,SCMS from RDC,"Lamivudine/Nevirapine/Zidovudine 150/200/300mg, tablets, 60 Tabs",Lamivudine/Nevirapine/Zidovudine,Generic,150/300/200mg,Tablet - FDC,60,182729,1639079.13,8.97,0.15,Hetero Unit III Hyderabad IN,Yes,25666,7733.77,2297.99,7733.77,25666
11202,104-CI-T01,Pre-PQ Process,SO-1103,DN-442,Côte d'Ivoire,PMO - US,From RDC,N/A - From RDC,Air,Pre-PQ Process,N/A - From RDC,22-Nov-07,22-Nov-07,22-Nov-07,ARV,Pediatric,SCMS from RDC,"Efavirenz 30mg/ml [Stocrin/Sustiva], oral solution, Bottle, 180 ml",Efavirenz,Stocrin/Sustiva,30mg/ml,Oral solution,180,4077,69186.69,16.97,0.09,"MSD, Haarlem, NL",Yes,1554,4963,110.7,4963,1554
10818,110-ZM-T01,Pre-PQ Process,SO-311,DN-129,Zambia,PMO - US,From RDC,N/A - From RDC,,Pre-PQ Process,N/A - From RDC,15-May-07,15-May-07,15-May-07,ARV,Adult,SCMS from RDC,"Lamivudine/Zidovudine 150/300mg, tablets, 60 Tabs",Lamivudine/Zidovudine,Generic,150/300mg,Tablet - FDC,60,85158,909487.44,10.68,0.18,"Aurobindo Unit III, India",Yes,8169,33572.78,,33572.78,8169
19924,106-HT-T30,FPQ-15102,SCMS-260780,ASN-31452,Haiti,PMO - US,Direct Drop,EXW,Air,10/10/14,11/5/14,5-May-15,5-May-15,11-May-15,HRDT,HIV test,"Orgenics, Ltd","HIV 1/2, Determine Complete HIV Kit, 100 Tests","HIV 1/2, Determine Complete HIV Kit",Determine,,Test kit,100,6302,630200.0,100.0,1.0,"Alere Medical Co., Ltd.",Yes,2557,21256.43,741.75,21256.43,2557
47817,102-SS-T30,FPQ-9038,SCMS-137170,ASN-14402,South Sudan,PMO - US,Direct Drop,EXW,Air,1/17/12,2/15/12,15-May-12,15-May-12,15-May-12,HRDT,HIV test,"Trinity Biotech, Plc","HIV 1/2, Uni-Gold HIV Kit, 20 Tests","HIV 1/2, Uni-Gold HIV Kit",Uni-Gold,,Test kit,20,179,5728.0,32.0,1.6,"Trinity Biotech, Plc",Yes,63,2147.11,8.03,2147.11,63
86484,111-MZ-T30,FPQ-9506,SO-41790,DN-2705,Mozambique,PMO - US,From RDC,N/A - From RDC,Truck,3/16/12,N/A - From RDC,21-Aug-12,22-Aug-12,22-Aug-12,ARV,Pediatric,SCMS from RDC,"Nevirapine 10mg/ml, oral suspension w/syringe, Bottle, 240 ml",Nevirapine,Generic,10mg/ml,Oral suspension,240,24496,47767.2,1.95,0.01,"Aurobindo Unit III, India",Yes,9080,6483.81,66.97,6483.81,9080
12441,110-ZM-T01,Pre-PQ Process,SO-628,DN-493,Zambia,PMO - US,From RDC,N/A - From RDC,,Pre-PQ Process,N/A - From RDC,28-Dec-07,28-Dec-07,28-Dec-07,ARV,Pediatric,SCMS from RDC,"Lopinavir/Ritonavir 80/20mg/ml [Kaletra], oral solution, cool, Bottle 5 x 60 ml",Lopinavir/Ritonavir,Kaletra,80/20mg/ml,Oral solution,300,746,30660.6,41.1,0.14,ABBVIE (Abbott) Logis. UK,Yes,88,1566.21,49.06,1566.21,88
86278,114-UG-T30,FPQ-5014,SO-35860,DN-1697,Uganda,PMO - US,From RDC,N/A - From RDC,Air,1/29/10,N/A - From RDC,1-Apr-10,25-Mar-10,25-Mar-10,ARV,Adult,SCMS from RDC,"Lamivudine/Tenofovir Disoproxil Fumarate 300/300mg, tablets, 30 Tabs",Lamivudine/Tenofovir Disoproxil Fumarate,Generic,300/300mg,Tablet - FDC,30,2000,20000.0,10.0,0.33,Mylan (formerly Matrix) Nashik,Yes,168,1905.63,43.12,1905.63,168
83484,110-ZM-T30,FPQ-6222,SO-37360,DN-2112,Zambia,PMO - US,From RDC,N/A - From RDC,Truck,8/20/10,N/A - From RDC,26-Feb-11,15-Feb-11,15-Feb-11,ARV,Adult,SCMS from RDC,"Zidovudine 300mg, tablets, 60 Tabs",Zidovudine,Generic,300mg,Tablet,60,10776,77694.96,7.21,0.12,"Aurobindo Unit III, India",Yes,586,8045.76,167.51,8045.76,586
85564,111-MZ-T30,FPQ-15195,SO-50131,DN-4152,Mozambique,PMO - US,From RDC,N/A - From RDC,Truck,10/17/14,N/A - From RDC,31-Mar-15,10-Apr-15,20-Apr-15,ARV,Adult,SCMS from RDC,"Nevirapine 200mg, tablets, 60 Tabs",Nevirapine,Generic,200mg,Tablet,60,1400,3052.0,2.18,0.04,"Strides, Bangalore, India.",Yes,4355,3644.18,3.59,3644.18,4355
12620,111-MZ-T01,Pre-PQ Process,SO-15520,DN-1549,Mozambique,PMO - US,From RDC,N/A - From RDC,Air,Date Not Captured,N/A - From RDC,6-Jan-10,6-Jan-10,6-Jan-10,ARV,Adult,SCMS from RDC,"Stavudine 30mg, capsules, 60 Caps",Stavudine,Generic,30mg,Capsule,60,735,1073.1,1.46,0.02,"Aurobindo Unit III, India",Yes,47,955.36,2.31,955.36,47
7093,102-BW-T01,Pre-PQ Process,SCMS-22710,ASN-1833,Botswana,PMO - US,Direct Drop,EXW,Air,Pre-PQ Process,4/28/08,3-Jul-08,3-Jul-08,3-Jul-08,HRDT,HIV test,"Trinity Biotech, Plc","HIV 1/2, Uni-Gold HIV Kit, 20 Tests","HIV 1/2, Uni-Gold HIV Kit",Uni-Gold,,Test kit,20,500,16000.0,32.0,1.6,"Trinity Biotech, Plc",Yes,500,2442.32,25.6,2442.32,500
42655,102-KE-T30,FPQ-4591,SCMS-58381,ASN-7200,Kenya,PMO - US,Direct Drop,EXW,Air,11/18/09,12/2/09,7-Jul-10,8-Jul-10,8-Jul-10,HRDT,HIV test,"Orgenics, Ltd","HIV 1/2, Determine Complete HIV Kit, 100 Tests","HIV 1/2, Determine Complete HIV Kit",Determine,,Test kit,100,6636,530880.0,80.0,0.8,Inverness Japan,Yes,1036,11163.27,1144.58,11163.27,1036
84083,110-ZM-T30,FPQ-6482,SO-38960,DN-2183,Zambia,PMO - US,From RDC,N/A - From RDC,Truck,10/15/10,N/A - From RDC,30-Apr-11,20-May-11,20-May-11,ARV,Adult,SCMS from RDC,"Lamivudine/Zidovudine 150/300mg, tablets, 60 Tabs",Lamivudine/Zidovudine,Generic,150/300mg,Tablet - FDC,60,120000,1026000.0,8.55,0.14,"Aurobindo Unit III, India",Yes,11057,12049.4,2212.06,12049.4,11057
51990,107-RW-T30,FPQ-6341,SCMS-84970,ASN-10317,Rwanda,PMO - US,Direct Drop,EXW,Ocean,9/3/10,9/28/10,31-May-11,31-May-11,31-May-11,ARV,Adult,HETERO LABS LIMITED,"Lamivudine/Tenofovir Disoproxil Fumarate 300/300mg, tablets, 30 Tabs",Lamivudine/Tenofovir Disoproxil Fumarate,Generic,300/300mg,Tablet - FDC,30,82981,776702.16,9.36,0.31,Hetero Unit III Hyderabad IN,Yes,6683,14760.6,1674.57,14760.6,6683
83429,106-HT-T30,FPQ-4384,SO-34660,DN-1837,Haiti,PMO - US,From RDC,N/A - From RDC,Air,10/23/09,N/A - From RDC,31-May-10,1-Jun-10,1-Jun-10,ARV,Adult,SCMS from RDC,"Lamivudine/Zidovudine 150/300mg, tablets, 60 Tabs",Lamivudine/Zidovudine,Generic,150/300mg,Tablet - FDC,60,34769,304576.44,8.76,0.15,Hetero Unit III Hyderabad IN,Yes,4176,1005.2,656.67,1005.2,4176
12323,104-CI-T01,Pre-PQ Process,SO-32830,DN-1451,Côte d'Ivoire,PMO - US,From RDC,N/A - From RDC,Air,Date Not Captured,N/A - From RDC,25-Aug-09,7-Oct-09,7-Oct-09,ARV,Pediatric,SCMS from RDC,"Nevirapine 10mg/ml, oral suspension, Bottle, 240 ml",Nevirapine,Generic,10mg/ml,Oral suspension,240,1547,2970.24,1.92,0.01,"Aurobindo Unit III, India",Yes,581,1234.9,5.82,1234.9,581
83137,151-NG-T30,FPQ-11022,SO-43844,DN-3139,Nigeria,PMO - US,From RDC,N/A - From RDC,Air Charter,11/15/12,N/A - From RDC,21-May-13,3-May-13,3-May-13,ARV,Adult,SCMS from RDC,"Lamivudine/Zidovudine 150/300mg, tablets, 60 Tabs",Lamivudine/Zidovudine,Generic,150/300mg,Tablet - FDC,60,75000,525000.0,7.0,0.12,"Aurobindo Unit III, India",Yes,7515,14547.55,649.42,14547.55,7515
68949,113-ZW-T30,FPQ-13939,SCMS-234760,ASN-25890,Zimbabwe,PMO - US,Direct Drop,EXW,Air Charter,4/1/14,4/11/14,14-Jun-14,14-Jun-14,16-Jun-14,ARV,Adult,STRIDES ARCOLAB LIMITED,"Nevirapine 200mg, tablets, 60 Tabs",Nevirapine,Generic,200mg,Tablet,60,158000,347600.0,2.2,0.04,"Strides, Bangalore, India.",Yes,9832,68350.52,357.33,68350.52,9832
49694,161-ZA-T30,FPQ-6262,SCMS-83770,ASN-9935,South Africa,PMO - US,Direct Drop,DDP,Ocean,8/31/10,9/24/10,7-Apr-11,7-Apr-11,7-Apr-11,ARV,Adult,Aurobindo Pharma Limited,"Zidovudine 300mg, tablets, 60 Tabs",Zidovudine,Generic,300mg,Tablet,60,70030,513319.9,7.33,0.12,"Aurobindo Unit III, India",Yes,3534,17919.41,1106.72,17919.41,3534
50758,109-TZ-T30,FPQ-4157,SCMS-52770,ASN-5791,Tanzania,PMO - US,Direct Drop,EXW,Air,8/27/09,9/3/09,10-Feb-10,10-Feb-10,10-Feb-10,HRDT,HIV test,"Standard Diagnostics, Inc.","HIV 1/2, Bioline 3.0 Kit, (no accessories), 30 Tests","HIV 1/2, Bioline 3.0 Kit (no accessories)",Bioline,,Test kit,30,11990,287760.0,24.0,0.8,"Standard Diagnostics, Korea",Yes,3997,28620.81,564.01,28620.81,3997
7122,108-VN-T01,Pre-PQ Process,SCMS-23460,ASN-2243,Vietnam,PMO - US,Direct Drop,EXW,Air,Pre-PQ Process,5/13/08,11-Aug-08,11-Aug-08,11-Aug-08,ARV,Adult,STRIDES ARCOLAB LIMITED,"Stavudine 30mg, capsules, 60 Caps",Stavudine,Generic,30mg,Capsule,60,9275,13448.75,1.45,0.02,"Strides, Bangalore, India.",Yes,432,7444.35,21.52,7444.35,432
82698,151-NG-T30,FPQ-14156,SO-48901,DN-3807,Nigeria,PMO - US,From RDC,N/A - From RDC,Air Charter,4/25/14,N/A - From RDC,31-Oct-14,20-Jun-14,25-Jun-14,ARV,Adult,SCMS from RDC,"Lamivudine/Tenofovir Disoproxil Fumarate 300/300mg, tablets, 30 Tabs",Lamivudine/Tenofovir Disoproxil Fumarate,Generic,300/300mg,Tablet - FDC,30,5000,23200.0,4.64,0.15,"Cipla, Kurkumbh, India",Yes,1447,28812.57,23.85,28812.57,1447
84156,104-CI-T30,FPQ-8363,SO-40822,DN-2601,Côte d'Ivoire,PMO - US,From RDC,N/A - From RDC,Truck,8/29/11,N/A - From RDC,19-Apr-12,19-Apr-12,19-Apr-12,ARV,Adult,SCMS from RDC,"Lamivudine/Nevirapine/Zidovudine 150/200/300mg, tablets, 60 Tabs",Lamivudine/Nevirapine/Zidovudine,Generic,150/300/200mg,Tablet - FDC,60,75000,841500.0,11.22,0.19,Mylan (formerly Matrix) Nashik,Yes,10746,22878.26,1388.48,22878.26,10746
82548,151-NG-T30,FPQ-10477,SO-44550,DN-3028,Nigeria,PMO - US,From RDC,N/A - From RDC,Air Charter,8/9/12,N/A - From RDC,15-Mar-13,21-Feb-13,21-Feb-13,ARV,Adult,SCMS from RDC,"Nevirapine 200mg, tablets, 60 Tabs",Nevirapine,Generic,200mg,Tablet,60,33571,75870.46,2.26,0.04,Hetero Unit III Hyderabad IN,Yes,12785,37242.5,106.37,37242.5,12785
11017,114-UG-T01,Pre-PQ Process,SO-17780,DN-995,Uganda,PMO - US,From RDC,N/A - From RDC,Air,Pre-PQ Process,N/A - From RDC,2-Dec-08,2-Dec-08,2-Dec-08,ARV,Adult,SCMS from RDC,"Lamivudine 150mg, tablets, 60 Tabs",Lamivudine,Generic,150mg,Tablet,60,500,1450.0,2.9,0.05,"Aurobindo Unit III, India",Yes,26,1096.71,2.84,1096.71,26
15248,108-VN-T30,FPQ-4265,SCMS-57140,ASN-6265,Vietnam,PMO - US,Direct Drop,EXW,Air,10/20/09,11/13/09,15-Mar-10,15-Mar-10,15-Mar-10,ARV,Adult,Aurobindo Pharma Limited,"Lamivudine/Nevirapine/Zidovudine 150/200/300mg, tablets, 60 Tabs",Lamivudine/Nevirapine/Zidovudine,Generic,150/300/200mg,Tablet - FDC,60,16300,181745.0,11.15,0.19,"Aurobindo Unit III, India",Yes,2011,11648.31,356.22,11648.31,2011
10852,112-NG-T01,Pre-PQ Process,SO-642,DN-213,Nigeria,PMO - US,From RDC,N/A - From RDC,Air,Pre-PQ Process,N/A - From RDC,6-Jul-07,6-Jul-07,6-Jul-07,ARV,Adult,SCMS from RDC,"Stavudine 20mg, capsules, 60 Caps",Stavudine,Generic,20mg,Capsule,60,253,442.75,1.75,0.03,"Aurobindo Unit III, India",Yes,15,460,0.71,460,15
82381,114-UG-T30,FPQ-7162,SO-38810,DN-2191,Uganda,PMO - US,From RDC,N/A - From RDC,Truck,2/14/11,N/A - From RDC,11-May-11,24-May-11,24-May-11,ARV,Adult,SCMS from RDC,"Lamivudine/Nevirapine/Zidovudine 150/200/300mg, tablets, 60 Tabs",Lamivudine/Nevirapine/Zidovudine,Generic,150/300/200mg,Tablet - FDC,60,100000,1122000.0,11.22,0.19,Mylan (formerly Matrix) Nashik,Yes,14983,78442.21,1851.3,78442.21,14983
82462,114-UG-T30,FPQ-9321,SO-41520,DN-2597,Uganda,PMO - US,From RDC,N/A - From RDC,Truck,2/10/12,N/A - From RDC,24-Apr-12,27-Feb-12,27-Feb-12,ARV,Adult,SCMS from RDC,"Lamivudine/Nevirapine/Zidovudine 150/200/300mg, tablets, 60 Tabs",Lamivudine/Nevirapine/Zidovudine,Generic,150/300/200mg,Tablet - FDC,60,5525,60775.0,11.0,0.18,Mylan (formerly Matrix) Nashik,Yes,1414,4054.19,85.21,4054.19,1414
82885,151-NG-T30,FPQ-4537,SO-35053,DN-1826,Nigeria,PMO - US,From RDC,N/A - From RDC,Air Charter,11/6/09,N/A - From RDC,31-May-10,18-May-10,18-May-10,ARV,Adult,SCMS from RDC,"Lamivudine/Zidovudine 150/300mg, tablets, 60 Tabs",Lamivudine/Zidovudine,Generic,150/300mg,Tablet - FDC,60,54096,473880.96,8.76,0.15,Hetero Unit III Hyderabad IN,Yes,4660,9736.1,1021.69,9736.1,4660
11197,111-MZ-T01,Pre-PQ Process,SO-1039,DN-603,Mozambique,PMO - US,From RDC,N/A - From RDC,Air,Pre-PQ Process,N/A - From RDC,8-Apr-08,8-Apr-08,8-Apr-08,ARV,Adult,SCMS from RDC,"Lamivudine/Stavudine 150/30mg, tablets, 30 Tabs",Lamivudine/Stavudine,Generic,150/30mg,Tablet - FDC,30,50000,100000.0,2.0,0.07,"Cipla, Goa, India",Yes,3584,8405.91,160.0,8405.91,3584
19272,101-CD-T30,FPQ-16001,SCMS-280210,ASN-31750,"Congo, DRC",PMO - US,Direct Drop,EXW,Air,3/10/15,3/16/15,2-Jul-15,2-Jul-15,30-Jul-15,HRDT,HIV test,"Trinity Biotech, Plc","HIV 1/2, Uni-Gold HIV Kit, 20 Tests","HIV 1/2, Uni-Gold HIV Kit",Uni-Gold,,Test kit,20,70,2240.0,32.0,1.6,"Trinity Biotech, Plc",Yes,508,3918.37,2.64,3918.37,508
33810,103-MW-T30,FPQ-10790,SCMS-163880,ASN-17940,Malawi,PMO - US,Direct Drop,EXW,Ocean,10/17/12,10/31/12,21-Jun-13,21-Jun-13,21-Jun-13,ARV,Adult,MYLAN LABORATORIES LTD (FORMERLY MATRIX LABORATORIES),"Efavirenz/Lamivudine/Tenofovir Disoproxil Fumarate 600/300/300mg, tablets, 30 Tabs",Efavirenz/Lamivudine/Tenofovir Disoproxil Fumarate,Generic,600/300/300mg,Tablet - FDC,30,6200,71238.0,11.49,0.38,Mylan (formerly Matrix) Nashik,Yes,701,3548.81,88.12,3548.81,701
71893,106-HT-T30,FPQ-14895,SCMS-260970,ASN-31106,Haiti,PMO - US,Direct Drop,EXW,Ocean,9/24/14,11/14/14,25-May-15,25-May-15,26-May-15,ARV,Adult,CIPLA LIMITED,"Efavirenz 600mg, tablets, 30 Tabs",Efavirenz,Generic,600mg,Tablet,30,21203,68697.72,3.24,0.11,"Cipla, Goa, India",Yes,2471,4532.44,70.62,4532.44,2471
12319,109-TZ-T01,Pre-PQ Process,SO-31281,DN-1430,Tanzania,PMO - US,From RDC,N/A - From RDC,Truck,Date Not Captured,N/A - From RDC,25-Sep-09,25-Sep-09,25-Sep-09,ARV,Adult,SCMS from RDC,"Abacavir 300mg, tablets, 60 Tabs",Abacavir,Generic,300mg,Tablet,60,9243,235234.35,25.45,0.42,"Aurobindo Unit III, India",Yes,936,2233.61,461.06,2233.61,936
65699,104-CI-T30,FPQ-8302,SCMS-124780,ASN-13202,Côte d'Ivoire,PMO - US,Direct Drop,FCA,Air,8/29/11,11/18/11,22-Dec-11,22-Dec-11,22-Dec-11,ARV,Adult,ABBVIE LOGISTICS (FORMERLY ABBOTT LOGISTICS BV),"Lopinavir/Ritonavir 200/50mg [Aluvia], tablets, 120 Tabs",Lopinavir/Ritonavir,Aluvia,200/50mg,Tablet,120,28000,862960.0,30.82,0.26,ABBVIE Ludwigshafen Germany,Yes,7025,46002.44,1423.88,46002.44,7025
11574,130-NG-T01,Pre-PQ Process,SO-17690,DN-1012,Nigeria,PMO - US,From RDC,N/A - From RDC,Air,Pre-PQ Process,N/A - From RDC,26-Nov-08,26-Nov-08,26-Nov-08,ARV,Adult,SCMS from RDC,"Lamivudine/Zidovudine 150/300mg, tablets, 60 Tabs",Lamivudine/Zidovudine,Generic,150/300mg,Tablet - FDC,60,2780,25993.0,9.35,0.16,"Aurobindo Unit III, India",Yes,262,2426.8,50.95,2426.8,262
11462,112-NG-T01,Pre-PQ Process,SO-565,DN-373,Nigeria,PMO - US,From RDC,N/A - From RDC,Air,Pre-PQ Process,N/A - From RDC,20-Sep-07,20-Sep-07,20-Sep-07,ARV,Adult,SCMS from RDC,"Lamivudine/Zidovudine 150/300mg, tablets, 60 Tabs",Lamivudine/Zidovudine,Generic,150/300mg,Tablet - FDC,60,229,2445.72,10.68,0.18,"Aurobindo Unit III, India",No,See DN-373 (ID#:10623),See DN-373 (ID#:10623),3.91,13873,2846
1956,108-VN-T01,Pre-PQ Process,SCMS-27350,ASN-2766,Vietnam,PMO - US,Direct Drop,EXW,Air,Pre-PQ Process,7/24/08,25-Nov-08,25-Nov-08,25-Nov-08,ARV,Adult,MYLAN LABORATORIES LTD (FORMERLY MATRIX LABORATORIES),"Efavirenz 600mg, tablets, 30 Tabs",Efavirenz,Generic,600mg,Tablet,30,8400,85596.0,10.19,0.34,Mylan (formerly Matrix) Nashik,Yes,613,3247.73,167.77,3247.73,613
82663,111-MZ-T30,FPQ-13123,SO-47082,DN-3612,Mozambique,PMO - US,From RDC,N/A - From RDC,Truck,10/21/13,N/A - From RDC,23-May-14,23-May-14,4-Jun-14,ARV,Pediatric,SCMS from RDC,"Nevirapine 10mg/ml, oral suspension w/syringe, Bottle, 240 ml",Nevirapine,Generic,10mg/ml,Oral suspension,240,26200,48732.0,1.86,0.01,"Aurobindo Unit III, India",Yes,5343,12803.35,50.1,12803.35,5343
71439,161-ZA-T30,FPQ-6262,SCMS-84250,ASN-9007,South Africa,PMO - US,Direct Drop,DDP,Ocean,8/31/10,9/21/10,15-Dec-10,15-Dec-10,15-Dec-10,ARV,Adult,STRIDES ARCOLAB LIMITED,"Lamivudine 150mg, tablets, 60 Tabs",Lamivudine,Generic,150mg,Tablet,60,164908,407322.76,2.47,0.04,"Strides, Bangalore, India.",Yes,8048,12225.76,878.19,12225.76,8048
10446,139-NA-T01,Pre-PQ Process,SCMS-45430,ASN-4660,Namibia,PMO - US,Direct Drop,EXW,Air,Pre-PQ Process,5/4/09,1-Sep-09,1-Sep-09,1-Sep-09,HRDT,HIV test,"Orgenics, Ltd","HIV 1/2, Clearview Complete Kit, 25 Tests","HIV 1/2, Clearview Complete Kit",Clearview,,Test kit,25,33,2475.0,75.0,3.0,Chembio Diagnostics Sys. Inc.,Yes,25,238.56,4.85,238.56,25
3049,104-CI-T01,Pre-PQ Process,SCMS-18420,ASN-1468,Côte d'Ivoire,PMO - US,Direct Drop,EXW,Air,Pre-PQ Process,2/28/08,8-Apr-08,8-Apr-08,8-Apr-08,HRDT,HIV test,"Orgenics, Ltd","HIV 1/2, Determine HIV Kit, without Lancets, 100 Tests","HIV 1/2, Determine HIV Kit, without Lancets",Determine,,Test kit,100,70,5039.3,71.99,0.72,Inverness Japan,Yes,16,515.48,8.06,515.48,16
10662,109-TZ-T01,Pre-PQ Process,SO-1647,DN-556,Tanzania,PMO - US,From RDC,N/A - From RDC,Air,Pre-PQ Process,N/A - From RDC,6-Feb-08,6-Feb-08,6-Feb-08,ARV,Adult,SCMS from RDC,"Lamivudine/Zidovudine 150/300mg, tablets, 60 Tabs",Lamivudine/Zidovudine,Generic,150/300mg,Tablet - FDC,60,9476,90022.0,9.5,0.16,"Aurobindo Unit III, India",Yes,1008,4207.4,144.04,4207.4,1008
85303,114-UG-T30,FPQ-10357,SO-42890,DN-2843,Uganda,PMO - US,From RDC,N/A - From RDC,Truck,7/18/12,N/A - From RDC,15-Oct-12,12-Oct-12,12-Oct-12,ARV,Adult,SCMS from RDC,"Nevirapine 200mg, tablets, 60 Tabs",Nevirapine,Generic,200mg,Tablet,60,26432,63965.44,2.42,0.04,Hetero Unit III Hyderabad IN,Yes,1499,10915.97,89.68,10915.97,1499
11303,117-ET-T01,Pre-PQ Process,SO-22050,DN-1105,Ethiopia,PMO - US,From RDC,N/A - From RDC,Air,Pre-PQ Process,N/A - From RDC,20-Mar-09,20-Mar-09,20-Mar-09,ARV,Adult,SCMS from RDC,"Lamivudine/Nevirapine/Zidovudine 150/200/300mg, tablets, 60 Tabs",Lamivudine/Nevirapine/Zidovudine,Generic,150/300/200mg,Tablet - FDC,60,11188,132018.4,11.8,0.2,Mylan (formerly Matrix) Nashik,Yes,1435,9138,258.76,9138,1435
19289,106-HT-T30,FPQ-12590,SCMS-210440,ASN-23016,Haiti,PMO - US,Direct Drop,FCA,Air,8/21/13,10/22/13,23-Jan-14,23-Jan-14,24-Jan-14,ARV,Adult,ABBVIE LOGISTICS (FORMERLY ABBOTT LOGISTICS BV),"Lopinavir/Ritonavir 200/50mg [Aluvia], tablets, 120 Tabs",Lopinavir/Ritonavir,Aluvia,200/50mg,Tablet,120,646,12480.72,19.32,0.16,ABBVIE Ludwigshafen Germany,Yes,166,737.11,15.44,737.11,166
12724,112-NG-T01,Pre-PQ Process,SO-565,DN-373,Nigeria,PMO - US,From RDC,N/A - From RDC,Air,Pre-PQ Process,N/A - From RDC,20-Sep-07,20-Sep-07,20-Sep-07,ARV,Pediatric,SCMS from RDC,"Nevirapine 10mg/ml, oral suspension, Bottle, 240 ml",Nevirapine,Generic,10mg/ml,Oral suspension,240,1622,10056.4,6.2,0.03,"Aurobindo Unit III, India",No,See DN-373 (ID#:10623),See DN-373 (ID#:10623),16.09,13873,2846
50314,161-ZA-T30,FPQ-6708,SCMS-93630,ASN-9855,South Africa,PMO - US,Direct Drop,DDP,Ocean,11/26/10,12/6/10,4-Apr-11,4-Apr-11,4-Apr-11,ARV,Adult,CIPLA LIMITED,"Tenofovir Disoproxil Fumarate 300mg, tablets, 30 Tabs",Tenofovir Disoproxil Fumarate,Generic,300mg,Tablet,30,82500,565950.0,6.86,0.23,"Cipla, Goa, India",Yes,5624,7378.63,933.82,7378.63,5624
11657,104-CI-T01,Pre-PQ Process,SO-27550,DN-1308,Côte d'Ivoire,PMO - US,From RDC,N/A - From RDC,Air,Date Not Captured,N/A - From RDC,8-Jul-09,8-Jul-09,8-Jul-09,ARV,Pediatric,SCMS from RDC,"Lamivudine 10mg/ml, oral solution, Bottle, 240 ml",Lamivudine,Generic,10mg/ml,Oral solution,240,3500,6650.0,1.9,0.01,"Aurobindo Unit III, India",Yes,1208,4329.01,13.03,4329.01,1208
11376,109-TZ-T01,Pre-PQ Process,SO-422,DN-127,Tanzania,PMO - US,From RDC,N/A - From RDC,Air,Pre-PQ Process,N/A - From RDC,6-Jun-07,6-Jun-07,6-Jun-07,ARV,Adult,SCMS from RDC,"Lamivudine/Zidovudine 150/300mg, tablets, 60 Tabs",Lamivudine/Zidovudine,Generic,150/300mg,Tablet - FDC,60,28512,304508.16,10.68,0.18,"Aurobindo Unit III, India",Yes,2630,13820.4,,13820.4,2630
8061,109-TZ-T01,Pre-PQ Process,SCMS-10250,ASN-682,Tanzania,PMO - US,Direct Drop,EXW,Air,Pre-PQ Process,Date Not Captured,25-Oct-07,25-Oct-07,25-Oct-07,HRDT,HIV test,"Standard Diagnostics, Inc.","HIV 1/2, Bioline 3.0 Kit, Lancets, Capillary pipets, Alcohol swabs included, 25 Tests","HIV 1/2, Bioline 3.0 Kit, Lancets, Capillary pipets, Alcohol swabs included",Bioline,,Test kit,25,10000,200000.0,20.0,0.8,"Standard Diagnostics, Korea",Yes,3336,28837.28,320.0,28837.28,3336
83330,111-MZ-T30,FPQ-14226,SO-48888,DN-4233,Mozambique,PMO - US,From RDC,N/A - From RDC,Truck,5/2/14,N/A - From RDC,29-May-15,9-Jun-15,15-Jun-15,ARV,Adult,SCMS from RDC,"Lamivudine/Zidovudine 150/300mg, tablets, 60 Tabs",Lamivudine/Zidovudine,Generic,150/300mg,Tablet - FDC,60,75535,492488.2,6.52,0.11,Mylan (formerly Matrix) Nashik,Yes,6237,5443.53,506.28,5443.53,6237
75879,109-TZ-T30,FPQ-7909,SCMS-114980,ASN-12025,Tanzania,PMO - US,Direct Drop,EXW,Air,6/24/11,7/18/11,29-Sep-11,30-Sep-11,30-Sep-11,HRDT,HIV test,"Standard Diagnostics, Inc.","HIV 1/2, Bioline 3.0 Kit, Lancets, Capillary pipets, Alcohol swabs included, 25 Tests","HIV 1/2, Bioline 3.0 Kit, Lancets, Capillary pipets, Alcohol swabs included",Bioline,,Test kit,25,10000,200000.0,20.0,0.8,"Standard Diagnostics, Korea",Yes,3334,45032.55,330.0,45032.55,3334
73507,111-MZ-T30,FPQ-9671,SCMS-145150,ASN-15699,Mozambique,PMO - US,Direct Drop,EXW,Air,4/10/12,5/4/12,4-Sep-12,4-Sep-12,4-Sep-12,HRDT,HIV test,"Orgenics, Ltd","HIV 1/2, Determine Complete HIV Kit, 100 Tests","HIV 1/2, Determine Complete HIV Kit",Determine,,Test kit,100,5000,400000.0,80.0,0.8,"Alere Medical Co., Ltd.",Yes,2384,43848.04,560.8,43848.04,2384
12973,106-HT-T30,FPQ-9066,SCMS-138620,ASN-14950,Haiti,PMO - US,Direct Drop,EXW,Air,1/6/12,2/24/12,12-Jun-12,12-Jun-12,12-Jun-12,ARV,Pediatric,CIPLA LIMITED,"Lamivudine/Nevirapine/Stavudine 30/50/6mg, dispersible tablets, 60 Tabs",Lamivudine/Nevirapine/Stavudine,Generic,30/50/6mg,Chewable/dispersible tablet - FDC,60,298,685.4,2.3,0.04,"Cipla, Goa, India",Yes,21,304.62,0.96,304.62,21
83553,111-MZ-T30,FPQ-8157,SO-40370,DN-2488,Mozambique,PMO - US,From RDC,N/A - From RDC,Truck,8/4/11,N/A - From RDC,29-Feb-12,8-Mar-12,8-Mar-12,ARV,Adult,SCMS from RDC,"Lamivudine/Zidovudine 150/300mg, tablets, 60 Tabs",Lamivudine/Zidovudine,Generic,150/300mg,Tablet - FDC,60,28168,232667.68,8.26,0.14,"Aurobindo Unit VII, IN",Yes,318,6025.73,383.9,6025.73,318
83236,110-ZM-T30,FPQ-12066,SO-45093,DN-3647,Zambia,PMO - US,From RDC,N/A - From RDC,Truck,4/19/13,N/A - From RDC,10-May-14,19-May-14,13-Jun-14,ARV,Adult,SCMS from RDC,"Nevirapine 200mg, tablets, 60 Tabs",Nevirapine,Generic,200mg,Tablet,60,54470,120378.7,2.21,0.04,Hetero Unit III Hyderabad IN,Yes,3360,9527.17,148.91,9527.17,3360
86331,117-ET-T30,FPQ-5967,SO-37101,DN-1999,Ethiopia,PMO - US,From RDC,N/A - From RDC,Air,6/28/10,N/A - From RDC,21-Sep-10,24-Aug-10,24-Aug-10,ARV,Adult,SCMS from RDC,"Lamivudine/Nevirapine/Stavudine 150/200/30mg, tablets, 60 Tabs",Lamivudine/Nevirapine/Stavudine,Generic,150/200/30mg,Tablet - FDC,60,9200,52716.0,5.73,0.1,"Strides, Bangalore, India.",Yes,668,2633.57,113.66,2633.57,668
83528,114-UG-T30,FPQ-8048,SO-40230,DN-2328,Uganda,PMO - US,From RDC,N/A - From RDC,Truck,7/13/11,N/A - From RDC,22-Sep-11,24-Aug-11,24-Aug-11,ARV,Adult,SCMS from RDC,"Lamivudine/Tenofovir Disoproxil Fumarate 300/300mg, tablets, 30 Tabs",Lamivudine/Tenofovir Disoproxil Fumarate,Generic,300/300mg,Tablet - FDC,30,7441,61239.43,8.23,0.27,Mylan (formerly Matrix) Nashik,Yes,656,4376.56,101.05,4376.56,656
38827,102-GY-T30,FPQ-5497,SCMS-71640,ASN-6866,Guyana,PMO - US,Direct Drop,EXW,Air,4/15/10,4/26/10,28-May-10,28-May-10,28-May-10,HRDT,HIV test,"CHEMBIO DIAGNOSTIC SYSTEMS, INC.","HIV 1/2, Stat-Pak HIV, Kit, 20 Tests","HIV 1/2, Stat-Pak HIV, Kit",Stat-Pak,,Test kit,20,5,135.0,27.0,1.35,Chembio Diagnostics Sys. Inc.,Yes,1,283.21,0.29,283.21,1
28802,117-ET-T30,FPQ-4716,SCMS-59510,ASN-5721,Ethiopia,PMO - US,Direct Drop,EXW,Air,12/9/09,12/10/09,24-Dec-09,24-Dec-09,24-Dec-09,ARV,Adult,Aurobindo Pharma Limited,"Lamivudine 150mg, tablets, 60 Tabs",Lamivudine,Generic,150mg,Tablet,60,15000,35700.0,2.38,0.04,"Aurobindo Unit III, India",Yes,780,2949.1,76.97,2949.1,780
7921,108-VN-T01,Pre-PQ Process,SCMS-19,ASN-13,Vietnam,PMO - US,Direct Drop,EXW,Air,Pre-PQ Process,Date Not Captured,3-Sep-06,3-Sep-06,3-Sep-06,ARV,Adult,Hoffmann-La Roche ltd Basel,"Nelfinavir (as mesilate) 250mg [Viracept], tablets, 270 Tabs",Nelfinavir (as mesilate),Viracept,250mg,Tablet,270,1000,164620.0,164.62,0.61,Roche Madrid,Yes,254,7828.28,,7828.28,254
11210,110-ZM-T01,Pre-PQ Process,SO-1362,DN-494,Zambia,PMO - US,From RDC,N/A - From RDC,,Pre-PQ Process,N/A - From RDC,28-Dec-07,28-Dec-07,28-Dec-07,ARV,Pediatric,SCMS from RDC,"Lopinavir/Ritonavir 80/20mg/ml [Kaletra], oral solution, cool, Bottle 5 x 60 ml",Lopinavir/Ritonavir,Kaletra,80/20mg/ml,Oral solution,300,630,25893.0,41.1,0.14,ABBVIE (Abbott) Logis. UK,Yes,83,4522.03,41.43,4522.03,83
10883,104-CI-T01,Pre-PQ Process,SO-972,DN-327,Côte d'Ivoire,PMO - US,From RDC,N/A - From RDC,,Pre-PQ Process,N/A - From RDC,10-Sep-07,10-Sep-07,10-Sep-07,ARV,Adult,SCMS from RDC,"Saquinavir 200mg [Invirase], capsules, 270 Caps",Saquinavir,Invirase,200mg,Capsule,270,252,19817.28,78.64,0.29,Roche Basel,Yes,1736,14182.54,31.71,14182.54,1736
11383,110-ZM-T01,Pre-PQ Process,SO-206,DN-69,Zambia,PMO - US,From RDC,N/A - From RDC,,Pre-PQ Process,N/A - From RDC,20-Apr-07,20-Apr-07,20-Apr-07,ARV,Adult,SCMS from RDC,"Abacavir 300mg, tablets, 60 Tabs",Abacavir,Generic,300mg,Tablet,60,5000,177500.0,35.5,0.59,"Aurobindo Unit III, India",Yes,239,1684.15,,1684.15,239
79491,106-HT-T30,FPQ-11285,SCMS-176120,ASN-19476,Haiti,PMO - US,Direct Drop,CIP,Air,1/16/13,2/5/13,14-May-13,14-May-13,14-May-13,ARV,Adult,MERCK SHARP & DOHME IDEA GMBH (FORMALLY MERCK SHARP & DOHME B.V.),"Raltegravir 400mg [Isentress], tablets, 60 Tabs",Raltegravir,Isentress,400mg,Tablet,60,120,6660.0,55.5,0.92,"MSD, Haarlem, NL",Yes,11,260,8.24,260,11
12408,110-ZM-T01,Pre-PQ Process,SO-1066,DN-368,Zambia,PMO - US,From RDC,N/A - From RDC,,Pre-PQ Process,N/A - From RDC,2-Oct-07,2-Oct-07,2-Oct-07,ARV,Pediatric,SCMS from RDC,"Efavirenz 200mg, capsule, 90 Caps",Efavirenz,Generic,200mg,Capsule,90,604,9664.0,16.0,0.18,"Aurobindo Unit III, India",Yes,72,723.59,15.46,723.59,72
11596,109-TZ-T01,Pre-PQ Process,SO-1697,DN-893,Tanzania,PMO - US,From RDC,N/A - From RDC,,Pre-PQ Process,N/A - From RDC,15-Sep-08,15-Sep-08,15-Sep-08,ARV,Adult,SCMS from RDC,"Lamivudine/Zidovudine 150/300mg, tablets, 60 Tabs",Lamivudine/Zidovudine,Generic,150/300mg,Tablet - FDC,60,58086,551817.0,9.5,0.16,"Aurobindo Unit III, India",Yes,8343,9001.03,882.91,9001.03,8343
11981,110-ZM-T01,Pre-PQ Process,SO-30300,DN-1250,Zambia,PMO - US,From RDC,N/A - From RDC,Truck,Pre-PQ Process,N/A - From RDC,15-Jun-09,15-Jun-09,15-Jun-09,ARV,Pediatric,SCMS from RDC,"Efavirenz 200mg, capsule, 90 Caps",Efavirenz,Generic,200mg,Capsule,90,680,10376.8,15.26,0.17,"Aurobindo Unit III, India",No,See DN-1250 (ID#:10774),See DN-1250 (ID#:10774),20.34,17384.76,10681
10816,111-MZ-T01,Pre-PQ Process,SO-533,DN-123,Mozambique,PMO - US,From RDC,N/A - From RDC,Air,Pre-PQ Process,N/A - From RDC,18-May-07,18-May-07,18-May-07,ARV,Pediatric,SCMS from RDC,"Efavirenz 200mg [Stocrin/Sustiva], capsule, 90 Caps",Efavirenz,Stocrin/Sustiva,200mg,Capsule,90,409,13251.6,32.4,0.36,"MSD Manati, Puerto Rico, (USA)",Yes,45,348.09,,348.09,45
12591,114-UG-T01,Pre-PQ Process,SO-31430,DN-1281,Uganda,PMO - US,From RDC,N/A - From RDC,Air,Pre-PQ Process,N/A - From RDC,26-Jun-09,26-Jun-09,26-Jun-09,ARV,Adult,SCMS from RDC,"Lopinavir/Ritonavir 200/50mg [Aluvia], tablets, 120 Tabs",Lopinavir/Ritonavir,Aluvia,200/50mg,Tablet,120,220,9042.0,41.1,0.34,ABBVIE Ludwigshafen Germany,Yes,50,1359.4,17.72,1359.4,50
11605,114-UG-T01,Pre-PQ Process,SO-10180,DN-898,Uganda,PMO - US,From RDC,N/A - From RDC,Air,Pre-PQ Process,N/A - From RDC,25-Sep-08,25-Sep-08,25-Sep-08,ARV,Pediatric,SCMS from RDC,"Zidovudine 10mg/ml, oral solution, Bottle, 240 ml",Zidovudine,Generic,10mg/ml,Oral solution,240,14668,30802.8,2.1,0.01,"Aurobindo Unit III, India",Yes,5511,7876.44,49.28,7876.44,5511
11718,100-CI-T01,Pre-PQ Process,SO-439,DN-86,Côte d'Ivoire,PMO - US,From RDC,N/A - From RDC,,Pre-PQ Process,N/A - From RDC,30-Apr-07,30-Apr-07,30-Apr-07,ARV,Adult,SCMS from RDC,"Lamivudine/Nevirapine/Stavudine 150/200/30mg, tablets, 60 Tabs",Lamivudine/Nevirapine/Stavudine,Generic,150/200/30mg,Tablet - FDC,60,9000,67500.0,7.5,0.12,"Cipla, Goa, India",Yes,992,3205,,3205,992
82755,107-RW-T30,FPQ-14111,SO-48790,DN-4012,Rwanda,PMO - US,From RDC,N/A - From RDC,Truck,4/22/14,N/A - From RDC,16-Feb-15,14-Jan-15,19-Jan-15,ARV,Adult,SCMS from RDC,"Lamivudine/Tenofovir Disoproxil Fumarate 300/300mg, tablets, 30 Tabs",Lamivudine/Tenofovir Disoproxil Fumarate,Generic,300/300mg,Tablet - FDC,30,73467,340886.88,4.64,0.15,Hetero Unit III Hyderabad IN,Yes,17317,26620.36,350.43,26620.36,17317
83731,151-NG-T30,FPQ-11864,SO-44934,DN-3370,Nigeria,PMO - US,From RDC,N/A - From RDC,Air Charter,3/14/13,N/A - From RDC,31-Oct-13,14-Oct-13,24-Oct-13,ARV,Adult,SCMS from RDC,"Lamivudine/Nevirapine/Zidovudine 150/200/300mg, tablets, 60 Tabs",Lamivudine/Nevirapine/Zidovudine,Generic,150/300/200mg,Tablet - FDC,60,12000,102960.0,8.58,0.14,"Cipla, Goa, India",Yes,1749,20225.07,127.36,20225.07,1749
83318,103-ZW-T30,FPQ-13967,SO-48430,DN-4160,Zimbabwe,PMO - US,From RDC,N/A - From RDC,Truck,4/2/14,N/A - From RDC,31-Mar-15,17-Mar-15,19-Mar-15,ARV,Pediatric,SCMS from RDC,"Lamivudine/Zidovudine 30/60mg, dispersible tablets, 60 Tabs",Lamivudine/Zidovudine,Generic,30/60mg,Chewable/dispersible tablet - FDC,60,12080,23556.0,1.95,0.03,"Mylan,  H-12 & H-13, India",Yes,10314,12867.46,24.22,12867.46,10314
49014,127-KE-T30,FPQ-7907,SCMS-115320,ASN-12098,Kenya,PMO - US,Direct Drop,EXW,Air,6/23/11,7/20/11,30-Sep-11,30-Sep-11,30-Sep-11,HRDT,HIV test,"Orgenics, Ltd","HIV 1/2, Determine Complete HIV Kit, 100 Tests","HIV 1/2, Determine Complete HIV Kit",Determine,,Test kit,100,8276,736564.0,89.0,0.89,Inverness Japan,Yes,2050,23226.6,1215.33,23226.6,2050
82921,110-ZM-T30,FPQ-5702,SO-36842,DN-2032,Zambia,PMO - US,From RDC,N/A - From RDC,Truck,5/20/10,N/A - From RDC,4-Nov-10,8-Nov-10,8-Nov-10,ARV,Adult,SCMS from RDC,"Lamivudine 150mg, tablets, 60 Tabs",Lamivudine,Generic,150mg,Tablet,60,32920,76703.6,2.33,0.04,Hetero Unit III Hyderabad IN,Yes,18057,16868.38,165.37,16868.38,18057
83332,151-NG-T30,FPQ-14989,SO-49933,DN-4229,Nigeria,PMO - US,From RDC,N/A - From RDC,Air Charter,9/19/14,N/A - From RDC,30-Jun-15,15-Apr-15,20-Apr-15,ARV,Adult,SCMS from RDC,"Lamivudine/Nevirapine/Zidovudine 150/200/300mg, tablets, 60 Tabs",Lamivudine/Nevirapine/Zidovudine,Generic,150/300/200mg,Tablet - FDC,60,4000,30880.0,7.72,0.13,"Cipla, Goa, India",Yes,18750,36027,31.74,36027,18750
86023,151-NG-T30,FPQ-12801,SO-47220,DN-3435,Nigeria,PMO - US,From RDC,N/A - From RDC,Air Charter,8/6/13,N/A - From RDC,31-Jan-14,26-Nov-13,5-Dec-13,ARV,Pediatric,SCMS from RDC,"Lamivudine/Zidovudine 30/60mg, tablets, 60 Tabs",Lamivudine/Zidovudine,Generic,30/60mg,Tablet - FDC,60,6398,14459.48,2.26,0.04,"Aurobindo Unit III, India",Yes,394,26340,17.89,26340,394
71016,105-GH-T30,FPQ-13872,SCMS-235791,ASN-26604,Ghana,PMO - US,Direct Drop,EXW,Air,3/24/14,5/7/14,17-Jul-14,17-Jul-14,17-Jul-14,ARV,Pediatric,Aurobindo Pharma Limited,"Efavirenz 50mg, capsule, 30 Caps",Efavirenz,Generic,50mg,Capsule,30,38584,60191.04,1.56,0.05,"Aurobindo Unit III, India",Yes,2773,21807.62,61.88,21807.62,2773
82277,104-CI-T30,FPQ-3964,SO-34520,DN-1536,Côte d'Ivoire,PMO - US,From RDC,N/A - From RDC,Air,7/24/09,N/A - From RDC,10-Dec-09,2-Dec-09,2-Dec-09,ARV,Adult,SCMS from RDC,"Lamivudine/Stavudine 150/30mg, tablets, 60 Tabs",Lamivudine/Stavudine,Generic,150/30mg,Tablet - FDC,60,1060,4028.0,3.8,0.06,"Strides, Bangalore, India.",Yes,56,1211.48,7.89,1211.48,56
59867,104-CI-T30,FPQ-3967,SCMS-52610,ASN-5651,Côte d'Ivoire,PMO - US,Direct Drop,CIP,Air,8/21/09,9/25/09,6-Jan-10,6-Jan-10,6-Jan-10,ARV,Pediatric,MERCK SHARP & DOHME IDEA GMBH (FORMALLY MERCK SHARP & DOHME B.V.),"Efavirenz 30mg/ml [Stocrin/Sustiva], oral solution, Bottle, 180 ml",Efavirenz,Stocrin/Sustiva,30mg/ml,Oral solution,180,3355,56900.8,16.96,0.09,"MSD, Haarlem, NL",Yes,1006,2530.73,111.53,2530.73,1006
83625,104-CI-T30,FPQ-9749,SO-42383,DN-2869,Côte d'Ivoire,PMO - US,From RDC,N/A - From RDC,Truck,4/19/12,N/A - From RDC,30-Nov-12,5-Oct-12,5-Oct-12,ARV,Adult,SCMS from RDC,"Tenofovir Disoproxil Fumarate 300mg, tablets, 30 Tabs",Tenofovir Disoproxil Fumarate,Generic,300mg,Tablet,30,2832,13650.24,4.82,0.16,Mylan (formerly Matrix) Nashik,Yes,159,1984.83,19.14,1984.83,159
84661,106-HT-T30,FPQ-6801,SO-38212,DN-2291,Haiti,PMO - US,From RDC,N/A - From RDC,Air,12/14/10,N/A - From RDC,19-Jul-11,17-Jul-11,17-Jul-11,ARV,Pediatric,SCMS from RDC,"Lamivudine 10mg/ml, oral solution w/syringe, Bottle, 240 ml",Lamivudine,Generic,10mg/ml,Oral solution,240,5110,9862.3,1.93,0.01,"Aurobindo Unit III, India",Yes,1840,14866.14,16.27,14866.14,1840
86029,109-TZ-T30,FPQ-12587,SO-45997,DN-3477,Tanzania,PMO - US,From RDC,N/A - From RDC,Truck,7/4/13,N/A - From RDC,31-Jan-14,7-Mar-14,12-Mar-14,ARV,Pediatric,SCMS from RDC,"Lamivudine/Nevirapine/Stavudine 30/50/6mg, dispersible tablets, 60 Tabs",Lamivudine/Nevirapine/Stavudine,Generic,30/50/6mg,Chewable/dispersible tablet - FDC,60,9312,21417.6,2.3,0.04,"Cipla, Goa, India",Yes,1221,4847.8,26.49,4847.8,1221
79757,108-VN-T30,FPQ-7469,SCMS-106480,ASN-11908,Vietnam,PMO - US,Direct Drop,FCA,Air,3/31/11,4/21/11,22-Sep-11,22-Sep-11,22-Sep-11,ARV,Adult,ABBVIE LOGISTICS (FORMERLY ABBOTT LOGISTICS BV),"Lopinavir/Ritonavir 200/50mg [Aluvia], tablets, 120 Tabs",Lopinavir/Ritonavir,Aluvia,200/50mg,Tablet,120,4951,406972.2,82.2,0.68,ABBVIE Ludwigshafen Germany,Yes,1232,8108.91,671.5,8108.91,1232
83487,104-CI-T30,FPQ-6891,SO-38710,DN-2120,Côte d'Ivoire,PMO - US,From RDC,N/A - From RDC,Air,12/21/10,N/A - From RDC,28-Feb-11,28-Feb-11,28-Feb-11,ARV,Adult,SCMS from RDC,"Stavudine 30mg, capsules, 60 Caps",Stavudine,Generic,30mg,Capsule,60,2070,2898.0,1.4,0.02,"Aurobindo Unit III, India",Yes,176,1653.99,4.78,1653.99,176
29427,108-VN-T30,FPQ-6384,SCMS-87760,ASN-9568,Vietnam,PMO - US,Direct Drop,EXW,Air,9/30/10,10/14/10,28-Feb-11,28-Feb-11,28-Feb-11,ARV,Adult,MYLAN LABORATORIES LTD (FORMERLY MATRIX LABORATORIES),"Tenofovir Disoproxil Fumarate 300mg, tablets, 30 Tabs",Tenofovir Disoproxil Fumarate,Generic,300mg,Tablet,30,3696,24948.0,6.75,0.22,Mylan (formerly Matrix) Nashik,Yes,314,4885.33,53.79,4885.33,314
82495,114-UG-T30,FPQ-9875,SO-42060,DN-2768,Uganda,PMO - US,From RDC,N/A - From RDC,Air,5/9/12,N/A - From RDC,17-Sep-12,14-Aug-12,14-Aug-12,ARV,Adult,SCMS from RDC,"Lamivudine/Nevirapine/Zidovudine 150/200/300mg, tablets, 60 Tabs",Lamivudine/Nevirapine/Zidovudine,Generic,150/300/200mg,Tablet - FDC,60,72107,707369.67,9.81,0.16,Mylan (formerly Matrix) Nashik,Yes,9348,81100.77,991.73,81100.77,9348
85732,151-NG-T30,FPQ-6243,SO-38320,DN-2090,Nigeria,PMO - US,From RDC,N/A - From RDC,Air Charter,8/25/10,N/A - From RDC,22-Feb-11,16-Feb-11,16-Feb-11,ARV,Adult,SCMS from RDC,"Lamivudine/Nevirapine/Zidovudine 150/200/300mg, tablets, 60 Tabs",Lamivudine/Nevirapine/Zidovudine,Generic,150/300/200mg,Tablet - FDC,60,100000,1122000.0,11.22,0.19,Mylan (formerly Matrix) Nashik,No,See DN-2090 (ID#:82366),See DN-2090 (ID#:82366),2419.03,43548,70109
11194,104-CI-T01,Pre-PQ Process,SO-1245,DN-423,Côte d'Ivoire,PMO - US,From RDC,N/A - From RDC,Air,Pre-PQ Process,N/A - From RDC,13-Nov-07,13-Nov-07,13-Nov-07,ARV,Adult,SCMS from RDC,"Abacavir/Lamivudine/Zidovudine 300/150/300mg [Trizivir], tablets, 60 Tabs",Abacavir/Lamivudine/Zidovudine,Trizivir,300/150/300mg,Tablet - FDC,60,3300,146850.0,44.5,0.74,GSK Ware (UK),Yes,2143,10137.04,234.96,10137.04,2143
25752,161-ZA-T30,FPQ-5303,SCMS-68710,ASN-6750,South Africa,PMO - US,Direct Drop,DDP,Air,3/18/10,3/19/10,11-Jun-10,11-Jun-10,11-Jun-10,ARV,Adult,CIPLA LIMITED,"Tenofovir Disoproxil Fumarate 300mg, tablets, 30 Tabs",Tenofovir Disoproxil Fumarate,Generic,300mg,Tablet,30,38890,304119.8,7.82,0.26,"Cipla, Goa, India",Yes,2649,3908.55,655.68,3908.55,2649
6253,139-NA-T01,Pre-PQ Process,SCMS-37070,ASN-3490,Namibia,PMO - US,Direct Drop,EXW,Air,Pre-PQ Process,1/14/09,13-Mar-09,13-Mar-09,13-Mar-09,HRDT,HIV test,"Trinity Biotech, Plc","HIV 1/2, Uni-Gold HIV Kit, 20 Tests","HIV 1/2, Uni-Gold HIV Kit",Uni-Gold,,Test kit,20,700,22400.0,32.0,1.6,"Trinity Biotech, Plc",Yes,236,6862.01,43.9,6862.01,236
12337,111-MZ-T01,Pre-PQ Process,SO-501,DN-126,Mozambique,PMO - US,From RDC,N/A - From RDC,Air,Pre-PQ Process,N/A - From RDC,1-Jun-07,1-Jun-07,1-Jun-07,ARV,Pediatric,SCMS from RDC,"Zidovudine 10mg/ml, oral solution, Bottle, 240 ml",Zidovudine,Generic,10mg/ml,Oral solution,240,650,2567.5,3.95,0.02,"Aurobindo Unit III, India",Yes,193,478.51,,478.51,193
18129,161-ZA-T30,FPQ-7175,SCMS-103490,ASN-11043,South Africa,PMO - US,Direct Drop,DDP,Ocean,3/10/11,3/24/11,2-Sep-11,2-Sep-11,2-Sep-11,ARV,Pediatric,Aurobindo Pharma Limited,"Efavirenz 200mg, capsule, 90 Caps",Efavirenz,Generic,200mg,Capsule,90,25000,204250.0,8.17,0.09,"Aurobindo Unit III, India",Yes,3313,4689.6,337.01,4689.6,3313
85274,102-LY-T30,FPQ-9665,SO-41891,DN-2711,Libya,PMO - US,From RDC,N/A - From RDC,Air,4/4/12,N/A - From RDC,29-Jun-12,2-Jul-12,2-Jul-12,ARV,Adult,SCMS from RDC,"Tenofovir Disoproxil Fumarate 300mg, tablets, 30 Tabs",Tenofovir Disoproxil Fumarate,Generic,300mg,Tablet,30,2816,15488.0,5.5,0.18,"Aurobindo Unit III, India",Yes,231,1474.9,21.71,1474.9,231
86295,151-NG-T30,FPQ-4537,SO-34917,DN-1782,Nigeria,PMO - US,From RDC,N/A - From RDC,Air Charter,11/6/09,N/A - From RDC,31-May-10,18-May-10,18-May-10,ARV,Adult,SCMS from RDC,"Efavirenz 600mg, tablets, 30 Tabs",Efavirenz,Generic,600mg,Tablet,30,336,1596.0,4.75,0.16,"Aurobindo Unit III, India",Yes,30,9736.1,3.44,9736.1,30
83490,104-CI-T30,FPQ-6495,SO-37700,DN-2137,Côte d'Ivoire,PMO - US,From RDC,N/A - From RDC,Air,10/4/10,N/A - From RDC,31-Mar-11,29-Mar-11,29-Mar-11,ARV,Pediatric,SCMS from RDC,"Didanosine 200mg, chewable/dispersible tablets, 60 Tabs",Didanosine,Generic,200mg,Chewable/dispersible tablet,60,2296,34440.0,15.0,0.25,"Aurobindo Unit III, India",Yes,17126,17941.46,74.25,17941.46,17126
12094,111-MZ-T01,Pre-PQ Process,SO-298,DN-304,Mozambique,PMO - US,From RDC,N/A - From RDC,Air,Pre-PQ Process,N/A - From RDC,21-Sep-07,21-Sep-07,21-Sep-07,ARV,Adult,SCMS from RDC,"Efavirenz 600mg, tablets, 30 Tabs",Efavirenz,Generic,600mg,Tablet,30,25913,434042.75,16.75,0.56,"Cipla, Goa, India",No,See DN-304 (ID#:10589),See DN-304 (ID#:10589),694.47,9869.55,9006
39263,108-VN-T30,FPQ-6384,SCMS-87780,ASN-9408,Vietnam,PMO - US,Direct Drop,EXW,Air,9/30/10,10/18/10,16-Feb-11,16-Feb-11,16-Feb-11,ARV,Adult,HETERO LABS LIMITED,"Nevirapine 200mg, tablets, 60 Tabs",Nevirapine,Generic,200mg,Tablet,60,9023,21925.89,2.43,0.04,Hetero Unit III Hyderabad IN,Yes,5359,18473.57,47.27,18473.57,5359
83980,113-ZW-T30,FPQ-4472,SO-27210,DN-1657,Zimbabwe,PMO - US,From RDC,N/A - From RDC,Truck,3/17/09,N/A - From RDC,31-Mar-10,12-Mar-10,12-Mar-10,ARV,Adult,SCMS from RDC,"Lamivudine/Stavudine 150/30mg, tablets, 60 Tabs",Lamivudine/Stavudine,Generic,150/30mg,Tablet - FDC,60,4000,13600.0,3.4,0.06,"Cipla, Goa, India",Yes,632,3302.14,26.66,3302.14,632
67501,117-ET-T30,FPQ-7065,SCMS-98701,ASN-11156,Ethiopia,PMO - US,Direct Drop,EXW,Air,1/26/11,2/15/11,28-Jun-11,28-Jun-11,28-Jun-11,ARV,Adult,Aurobindo Pharma Limited,"Lopinavir/Ritonavir 200/50mg, tablets, 120 Tabs",Lopinavir/Ritonavir,Generic,200/50mg,Tablet,120,14498,487132.8,33.6,0.28,"Aurobindo Unit III, India",Yes,3685,16359.2,803.77,16359.2,3685
82452,104-CI-T30,FPQ-8363,SO-40820,DN-2551,Côte d'Ivoire,PMO - US,From RDC,N/A - From RDC,Truck,8/29/11,N/A - From RDC,2-Mar-12,24-Feb-12,24-Feb-12,ARV,Adult,SCMS from RDC,"Tenofovir Disoproxil Fumarate 300mg, tablets, 30 Tabs",Tenofovir Disoproxil Fumarate,Generic,300mg,Tablet,30,2160,11880.0,5.5,0.18,Mylan (formerly Matrix) Nashik,Yes,1122,6009.47,19.6,6009.47,1122
12917,151-NG-T01,Pre-PQ Process,SO-33338,DN-1445,Nigeria,PMO - US,From RDC,N/A - From RDC,Air Charter,Date Not Captured,N/A - From RDC,20-Oct-09,20-Oct-09,20-Oct-09,ARV,Adult,SCMS from RDC,"Lamivudine/Nevirapine/Zidovudine 150/200/300mg, tablets, 60 Tabs",Lamivudine/Nevirapine/Zidovudine,Generic,150/300/200mg,Tablet - FDC,60,25281,288203.4,11.4,0.19,"Aurobindo Unit III, India",Yes,2847,9341.49,564.88,9341.49,2847
46858,111-MZ-T30,FPQ-10369,SCMS-157230,ASN-16634,Mozambique,PMO - US,Direct Drop,EXW,Air,7/23/12,8/22/12,18-Oct-12,18-Oct-12,18-Oct-12,HRDT,HIV test - Ancillary,"Orgenics, Ltd","Chase Buffer, Determine, 100 Tests, 2.5ml x 1 Vial","Chase Buffer, Determine, 100 Tests, 2.5ml x 1 Vial",Determine,,Test kit - Ancillary,1,215,1075.0,5.0,5.0,"Alere Medical Co., Ltd.",Yes,41,1001.02,1.51,1001.02,41
85342,105-GY-T30,FPQ-11546,SO-44520,DN-3060,Guyana,PMO - US,From RDC,N/A - From RDC,Air,1/28/13,N/A - From RDC,18-Apr-13,15-Mar-13,15-Mar-13,ARV,Adult,SCMS from RDC,"Lamivudine/Zidovudine 150/300mg, tablets, 60 Tabs",Lamivudine/Zidovudine,Generic,150/300mg,Tablet - FDC,60,487,3540.49,7.27,0.12,"Aurobindo Unit III, India",No,See DN-3060 (ID#:83121),See DN-3060 (ID#:83121),4.38,12862.56,1283
83567,101-CD-T30,FPQ-8840,SO-41381,DN-2523,"Congo, DRC",PMO - US,From RDC,N/A - From RDC,Air,11/21/11,N/A - From RDC,22-Mar-12,22-Mar-12,22-Mar-12,ARV,Adult,SCMS from RDC,"Lamivudine 150mg, tablets, 60 Tabs",Lamivudine,Generic,150mg,Tablet,60,67,156.11,2.33,0.04,Hetero Unit III Hyderabad IN,Yes,4,491.42,0.22,491.42,4
85444,104-CI-T30,FPQ-10633,SO-43341,DN-3569,Côte d'Ivoire,PMO - US,From RDC,N/A - From RDC,Truck,9/11/12,N/A - From RDC,31-Mar-14,26-Mar-14,28-Apr-14,ARV,Adult,SCMS from RDC,"Efavirenz 600mg, tablets, 30 Tabs",Efavirenz,Generic,600mg,Tablet,30,72300,240759.0,3.33,0.11,"Strides, Bangalore, India.",Yes,4392,18607.76,337.54,18607.76,4392
82750,151-NG-T30,FPQ-13704,SO-48310,DN-3997,Nigeria,PMO - US,From RDC,N/A - From RDC,Air Charter,2/13/14,N/A - From RDC,31-Oct-14,30-Oct-14,3-Nov-14,ARV,Adult,SCMS from RDC,"Abacavir/Lamivudine 600/300mg, tablets, 30 Tabs",Abacavir/Lamivudine,Generic,600/300mg,Tablet - FDC,30,19356,261112.44,13.49,0.45,Mylan (formerly Matrix) Nashik,Yes,1960,7009,268.42,7009,1960
23375,106-HT-T30,FPQ-15038,SCMS-263030,ASN-30812,Haiti,PMO - US,Direct Drop,EXW,Air,10/22/14,12/24/14,26-Mar-15,26-Mar-15,30-Mar-15,ARV,Adult,HETERO LABS LIMITED,"Lamivudine 150mg, tablets, 60 Tabs",Lamivudine,Generic,150mg,Tablet,60,3600,6480.0,1.8,0.03,Hetero Unit III Hyderabad IN,Yes,216,2612.79,6.66,2612.79,216
19250,104-CI-T30,FPQ-4717,SCMS-59690,ASN-7107,Côte d'Ivoire,PMO - US,Direct Drop,CIP,Air,12/8/09,12/14/09,10-Jun-10,10-Jun-10,10-Jun-10,ARV,Pediatric,BRISTOL-MYERS SQUIBB,"Didanosine 50mg [Videx], chewable tablets, 60 Tabs",Didanosine,Videx,50mg,Chewable/dispersible tablet,60,4245,40327.5,9.5,0.16,"BMS Meymac, France",Yes,833,1134.5,86.95,1134.5,833
82954,100-BJ-T30,FPQ-7658,SO-39790,DN-2237,Benin,PMO - US,From RDC,N/A - From RDC,Air,5/15/11,N/A - From RDC,13-Jun-11,9-Jun-11,9-Jun-11,ARV,Adult,SCMS from RDC,"Efavirenz 600mg, tablets, 30 Tabs",Efavirenz,Generic,600mg,Tablet,30,72029,303962.38,4.22,0.14,Mylan (formerly Matrix) Nashik,Yes,7682,28541.79,501.54,28541.79,7682
82508,110-ZM-T30,FPQ-9552,SO-41840,DN-2846,Zambia,PMO - US,From RDC,N/A - From RDC,Truck,3/29/12,N/A - From RDC,31-Oct-12,7-Sep-12,7-Sep-12,ARV,Adult,SCMS from RDC,"Lamivudine 150mg, tablets, 60 Tabs",Lamivudine,Generic,150mg,Tablet,60,57984,135102.72,2.33,0.04,Hetero Unit III Hyderabad IN,Yes,3144,7317.47,189.41,7317.47,3144
58652,152-HT-T30,FPQ-6823,SCMS-98550,ASN-10063,Haiti,PMO - US,Direct Drop,EXW,Air,12/14/10,2/2/11,6-Apr-11,6-Apr-11,6-Apr-11,HRDT,HIV test,"Orgenics, Ltd","HIV 1/2, Determine HIV Kit, without Lancets, 100 Tests","HIV 1/2, Determine HIV Kit, without Lancets",Determine,,Test kit,100,33,3223.44,97.68,0.98,Inverness Japan,Yes,8,1011.6,5.32,1011.6,8
10951,104-CI-T01,Pre-PQ Process,SO-2045,DN-761,Côte d'Ivoire,PMO - US,From RDC,N/A - From RDC,Air,Pre-PQ Process,N/A - From RDC,2-Jun-08,2-Jun-08,2-Jun-08,ARV,Adult,SCMS from RDC,"Stavudine 20mg, capsules, 60 Caps",Stavudine,Generic,20mg,Capsule,60,1080,1890.0,1.75,0.03,"Aurobindo Unit III, India",Yes,4668,8787.28,3.02,8787.28,4668
83198,151-NG-T30,FPQ-12248,SO-45662,DN-3476,Nigeria,PMO - US,From RDC,N/A - From RDC,Air Charter,5/6/13,N/A - From RDC,17-Jan-14,10-Jan-14,16-Jan-14,ARV,Adult,SCMS from RDC,"Lamivudine/Nevirapine/Zidovudine 150/200/300mg, tablets, 60 Tabs",Lamivudine/Nevirapine/Zidovudine,Generic,150/300/200mg,Tablet - FDC,60,100000,858000.0,8.58,0.14,"Cipla, Goa, India",Yes,38992,49199.75,1061.35,49199.75,38992
75102,161-ZA-T30,FPQ-7175,SCMS-104100,ASN-12991,South Africa,PMO - US,Direct Drop,DDP,Ocean,3/10/11,3/28/11,12-Jan-12,12-Jan-12,12-Jan-12,ARV,Adult,CIPLA LIMITED,"Nevirapine 200mg, tablets, 60 Tabs",Nevirapine,Generic,200mg,Tablet,60,5360,14579.2,2.72,0.05,"Cipla, Goa, India",Yes,583,5824.11,24.06,5824.11,583
82590,102-BI-T30,FPQ-12065,SO-45160,DN-3235,Burundi,PMO - US,From RDC,N/A - From RDC,Air,4/22/13,N/A - From RDC,6-Aug-13,23-Aug-13,23-Aug-13,ARV,Adult,SCMS from RDC,"Efavirenz 600mg, tablets, 30 Tabs",Efavirenz,Generic,600mg,Tablet,30,4032,13426.56,3.33,0.11,"Aurobindo Unit III, India",Yes,336,4385.44,16.61,4385.44,336
40033,114-UG-T30,FPQ-15303,SCMS-264940,ASN-31156,Uganda,PMO - US,Direct Drop,EXW,Air,11/11/14,11/25/14,8-Apr-15,8-Apr-15,8-Apr-15,ARV,Pediatric,Aurobindo Pharma Limited,"Lopinavir/Ritonavir 100/25mg, tablets, 60 Tabs",Lopinavir/Ritonavir,Generic,100/25mg,Tablet,60,4250,34170.0,8.04,0.13,"Aurobindo Unit III, India",Yes,424,1488.99,40.22,1488.99,424
43693,110-ZM-T30,FPQ-15075,SCMS-260230,ASN-30881,Zambia,PMO - US,Direct Drop,EXW,Air,10/15/14,10/22/14,29-May-15,29-May-15,2-Jun-15,HRDT,HIV test,"Trinity Biotech, Plc","HIV 1/2, Uni-Gold HIV Kit, 20 Tests","HIV 1/2, Uni-Gold HIV Kit",Uni-Gold,,Test kit,20,8000,256000.0,32.0,1.6,"Trinity Biotech, Plc",Yes,2328,14581.51,301.31,14581.51,2328
10915,110-ZM-T01,Pre-PQ Process,SO-1329,DN-465,Zambia,PMO - US,From RDC,N/A - From RDC,,Pre-PQ Process,N/A - From RDC,30-Nov-07,30-Nov-07,30-Nov-07,ARV,Pediatric,SCMS from RDC,"Efavirenz 200mg, capsule, 90 Caps",Efavirenz,Generic,200mg,Capsule,90,2066,33056.0,16.0,0.18,"Aurobindo Unit III, India",Yes,236,1448.2,52.89,1448.2,236
48857,161-ZA-T30,FPQ-5303,SCMS-68980,ASN-8167,South Africa,PMO - US,Direct Drop,DDP,Air,3/18/10,3/19/10,24-Aug-10,21-Jan-11,21-Jan-11,ARV,Pediatric,Aurobindo Pharma Limited,"Lamivudine 10mg/ml, oral solution w/syringe, Bottle, 240 ml",Lamivudine,Generic,10mg/ml,Oral solution,240,11628,34884.0,3.0,0.01,"Aurobindo Unit III, India",Yes,4382,2154.52,75.21,2154.52,4382
85944,106-HT-T30,FPQ-11281,SO-44400,DN-3015,Haiti,PMO - US,From RDC,N/A - From RDC,Air,1/16/13,N/A - From RDC,9-Apr-13,14-Mar-13,14-Mar-13,ARV,Pediatric,SCMS from RDC,"Zidovudine 10mg/ml, oral solution w/syringe, Bottle, 240 ml",Zidovudine,Generic,10mg/ml,Oral solution,240,1951,4097.1,2.1,0.01,"Aurobindo Unit III, India",No,See DN-3015 (ID#:82554),See DN-3015 (ID#:82554),5.07,161712.87,16035
10992,110-ZM-T01,Pre-PQ Process,SO-12090,DN-863,Zambia,PMO - US,From RDC,N/A - From RDC,Air,Pre-PQ Process,N/A - From RDC,27-Aug-08,27-Aug-08,27-Aug-08,ARV,Adult,SCMS from RDC,"Lamivudine/Stavudine 150/30mg, tablets, 60 Tabs",Lamivudine/Stavudine,Generic,150/30mg,Tablet - FDC,60,32017,124866.3,3.9,0.06,Mylan (formerly Matrix) Nashik,Yes,2353,3210.18,199.79,3210.18,2353
83130,111-MZ-T30,FPQ-11882,SO-44800,DN-3107,Mozambique,PMO - US,From RDC,N/A - From RDC,Air,3/19/13,N/A - From RDC,6-Jun-13,11-Jun-13,11-Jun-13,ARV,Adult,SCMS from RDC,"Efavirenz 600mg, tablets, 30 Tabs",Efavirenz,Generic,600mg,Tablet,30,43563,145064.79,3.33,0.11,"Aurobindo Unit VII, IN",Yes,4122,28602.94,179.45,28602.94,4122
16232,106-HT-T30,FPQ-9066,SCMS-138580,ASN-14408,Haiti,PMO - US,Direct Drop,EXW,Air,1/6/12,2/24/12,22-Apr-12,22-Apr-12,22-Apr-12,ARV,Pediatric,Aurobindo Pharma Limited,"Nevirapine 50mg, dispersible tablets (tablets for oral suspension), 30 Tabs",Nevirapine,Generic,50mg,Chewable/dispersible tablet,30,2894,3617.5,1.25,0.04,"Aurobindo Unit III, India",Yes,1486,12749.39,5.07,12749.39,1486
37496,111-MZ-T30,FPQ-13775,SCMS-229680,ASN-25195,Mozambique,PMO - US,Direct Drop,EXW,Air,2/21/14,2/28/14,13-Jun-14,13-Jun-14,13-Jun-14,HRDT,HIV test,"Trinity Biotech, Plc","HIV 1/2, Uni-Gold HIV Kit, 20 Tests","HIV 1/2, Uni-Gold HIV Kit",Uni-Gold,,Test kit,20,286,9152.0,32.0,1.6,"Trinity Biotech, Plc",Yes,88,1088.93,9.41,1088.93,88
42571,110-PK-T30,FPQ-9899,SCMS-149800,ASN-19032,Pakistan,PMO - US,Direct Drop,EXW,Air,5/18/12,7/9/12,9-Sep-13,9-Sep-13,9-Sep-13,HRDT,HIV test,INVERNESS MEDICAL INNOVATIONS HONG KONG LTD,"HIV 1/2, Determine Complete HIV Kit, 100 Tests","HIV 1/2, Determine Complete HIV Kit",Determine,,Test kit,100,4484,358720.0,80.0,0.8,"Alere Medical Co., Ltd.",Yes,1948,21689.39,502.93,21689.39,1948
84176,109-TZ-T30,FPQ-9271,SO-41581,DN-2718,Tanzania,PMO - US,From RDC,N/A - From RDC,Truck,1/31/12,N/A - From RDC,1-Aug-12,25-Jul-12,25-Jul-12,ARV,Adult,SCMS from RDC,"Tenofovir Disoproxil Fumarate 300mg, tablets, 30 Tabs",Tenofovir Disoproxil Fumarate,Generic,300mg,Tablet,30,80,440.0,5.5,0.18,Mylan (formerly Matrix) Nashik,Yes,841,3549.9,0.62,3549.9,841
84676,109-TZ-T30,FPQ-6713,SO-40710,DN-2375,Tanzania,PMO - US,From RDC,N/A - From RDC,Truck,12/2/10,N/A - From RDC,29-Sep-11,23-Sep-11,23-Sep-11,ARV,Adult,SCMS from RDC,"Efavirenz/Emtricitabine/Tenofovir Disoproxil Fumarate 600/200/300mg, tablets, 30 Tabs",Efavirenz/Emtricitabine/Tenofovir Disoproxil Fumarate,Generic,600/200/300mg,Tablet - FDC,30,68235,1359241.2,19.92,0.66,Mylan (formerly Matrix) Nashik,Yes,83,2094.34,2242.75,2094.34,83
86333,104-CI-T30,FPQ-5201,SO-36320,DN-2005,Côte d'Ivoire,PMO - US,From RDC,N/A - From RDC,Air,3/3/10,N/A - From RDC,10-Sep-10,6-Sep-10,6-Sep-10,ARV,Pediatric,SCMS from RDC,"Didanosine 200mg, chewable/dispersible tablets, 60 Tabs",Didanosine,Generic,200mg,Chewable/dispersible tablet,60,3968,61504.0,15.5,0.26,"Aurobindo Unit III, India",Yes,842,8815.65,132.6,8815.65,842
85478,104-CI-T30,FPQ-13142,SO-47152,DN-3731,Côte d'Ivoire,PMO - US,From RDC,N/A - From RDC,Truck,10/22/13,N/A - From RDC,16-Jun-14,16-Jun-14,10-Jul-14,ARV,Adult,SCMS from RDC,"Lamivudine/Nevirapine/Zidovudine 150/200/300mg, tablets, 60 Tabs",Lamivudine/Nevirapine/Zidovudine,Generic,150/300/200mg,Tablet - FDC,60,24765,200844.15,8.11,0.14,"Strides, Bangalore, India.",Yes,2751,11438.93,206.47,11438.93,2751
80167,111-MZ-T30,FPQ-10369,SCMS-157220,ASN-16480,Mozambique,PMO - US,Direct Drop,EXW,Air,7/23/12,8/22/12,9-Oct-12,9-Oct-12,9-Oct-12,HRDT,HIV test,"Trinity Biotech, Plc","HIV 1/2, Uni-Gold HIV Kit, 20 Tests","HIV 1/2, Uni-Gold HIV Kit",Uni-Gold,,Test kit,20,427,13664.0,32.0,1.6,"Trinity Biotech, Plc",Yes,149,3165.69,19.16,3165.69,149
40209,104-CI-T30,FPQ-6897,SCMS-101001,ASN-11637,Côte d'Ivoire,PMO - US,Direct Drop,FCA,Air,1/5/11,4/1/11,18-Aug-11,18-Aug-11,18-Aug-11,ARV,Adult,ABBVIE LOGISTICS (FORMERLY ABBOTT LOGISTICS BV),"Lopinavir/Ritonavir 200/50mg [Aluvia], tablets, 120 Tabs",Lopinavir/Ritonavir,Aluvia,200/50mg,Tablet,120,16695,562621.5,33.7,0.28,ABBVIE Ludwigshafen Germany,Yes,4113,30130.82,928.33,30130.82,4113
64615,114-UG-T30,FPQ-13600,SCMS-225720,ASN-27379,Uganda,PMO - US,Direct Drop,FCA,Air,1/28/14,2/4/14,26-Aug-14,26-Aug-14,26-Aug-14,ARV,Adult,ABBVIE LOGISTICS (FORMERLY ABBOTT LOGISTICS BV),"Ritonavir 100mg [Norvir], film coated tablets, 60 Tabs",Ritonavir,Norvir,100mg,Tablet,60,579,3966.15,6.85,0.11,ABBVIE Ludwigshafen Germany,Yes,103,1393.29,4.08,1393.29,103
17349,107-RW-T30,FPQ-12518,SCMS-198222,ASN-24720,Rwanda,PMO - US,Direct Drop,EXW,Air,6/21/13,8/12/13,27-Mar-14,27-Mar-14,27-Mar-14,HRDT,HIV test,"SHANGHAI KEHUA BIOENGINEERING CO.,LTD.  (KHB)","HIV 1/2, SKB Colloidal Gold, Diagnostic Kit, Antibody, 50 Tests","HIV 1/2, Colloidal Gold, Diagnostic Kit, Antibody",Colloidal Gold,,Test kit,1,2072,50764.0,24.5,24.5,"KHB Test Kit Facility, Shanghai China",Yes,1383,18323.97,62.8,18323.97,1383
6105,117-ET-T01,Pre-PQ Process,SCMS-32400,ASN-3322,Ethiopia,PMO - US,Direct Drop,EXW,Air,Pre-PQ Process,10/22/08,18-Feb-09,18-Feb-09,18-Feb-09,HRDT,HIV test,"Trinity Biotech, Plc","HIV 1/2, Uni-Gold HIV Kit, 20 Tests","HIV 1/2, Uni-Gold HIV Kit",Uni-Gold,,Test kit,20,2500,80000.0,32.0,1.6,"Trinity Biotech, Plc",Yes,844,8101.57,156.8,8101.57,844
12803,113-ZW-T01,Pre-PQ Process,SO-1921,DN-645,Zimbabwe,PMO - US,From RDC,N/A - From RDC,Truck,Pre-PQ Process,N/A - From RDC,7-Mar-08,7-Mar-08,7-Mar-08,ARV,Adult,SCMS from RDC,"Zidovudine 300mg, tablets, 60 Tabs",Zidovudine,Generic,300mg,Tablet,60,3180,25917.0,8.15,0.14,"Aurobindo Unit III, India",Yes,182,1593.48,41.47,1593.48,182
85805,110-ZM-T30,FPQ-7767,SO-40271,DN-2431,Zambia,PMO - US,From RDC,N/A - From RDC,Truck,7/26/11,N/A - From RDC,28-Feb-12,28-Nov-11,28-Nov-11,ARV,Adult,SCMS from RDC,"Abacavir 300mg, tablets, 60 Tabs",Abacavir,Generic,300mg,Tablet,60,2548,38321.92,15.04,0.25,Mylan (formerly Matrix) Nashik,Yes,257,361.73,63.23,361.73,257
11948,110-ZM-T01,Pre-PQ Process,SO-2543,DN-975,Zambia,PMO - US,From RDC,N/A - From RDC,Truck,Pre-PQ Process,N/A - From RDC,25-Nov-08,25-Nov-08,25-Nov-08,ARV,Adult,SCMS from RDC,"Emtricitabine/Tenofovir Disoproxil Fumarate 200/300mg [Truvada], tablets, 30 Tabs",Emtricitabine/Tenofovir Disoproxil Fumarate,Truvada,300/200mg,Tablet - FDC,30,100000,2625000.0,26.25,0.88,"Aspen-OSD, Port Elizabeth, SA",Yes,88190,11519.94,5145.0,11519.94,88190
30720,107-RW-T30,FPQ-8263,SCMS-119630,ASN-12660,Rwanda,PMO - US,Direct Drop,EXW,Air,8/19/11,8/29/11,13-Dec-11,13-Dec-11,13-Dec-11,HRDT,HIV test,"Trinity Biotech, Plc","HIV 1/2, Uni-Gold HIV Kit, 20 Tests","HIV 1/2, Uni-Gold HIV Kit",Uni-Gold,,Test kit,20,873,27936.0,32.0,1.6,"Trinity Biotech, Plc",Yes,296,6318.92,46.09,6318.92,296
10684,106-HT-T01,Pre-PQ Process,SO-2053,DN-744,Haiti,PMO - US,From RDC,N/A - From RDC,Air,Pre-PQ Process,N/A - From RDC,2-Jun-08,2-Jun-08,2-Jun-08,ARV,Adult,SCMS from RDC,"Stavudine 30mg, capsules, 60 Caps",Stavudine,Generic,30mg,Capsule,60,4725,7182.0,1.52,0.03,"Aurobindo Unit III, India",Yes,1154,12508.65,11.49,12508.65,1154
5532,107-RW-T01,Pre-PQ Process,SCMS-14630,ASN-1198,Rwanda,PMO - US,Direct Drop,EXW,Air,Pre-PQ Process,12/10/07,31-Jan-08,28-Jan-08,28-Jan-08,HRDT,HIV test,"Orgenics, Ltd","HIV 1/2, Determine HIV Kit, without Lancets, 100 Tests","HIV 1/2, Determine HIV Kit, without Lancets",Determine,,Test kit,100,1500,107985.0,71.99,0.72,Inverness Japan,Yes,340,9479.89,172.78,9479.89,340
86115,110-ZM-T30,FPQ-13692,SO-47991,DN-3822,Zambia,PMO - US,From RDC,N/A - From RDC,Truck,2/6/14,N/A - From RDC,14-Jul-14,3-Sep-14,6-Oct-14,ARV,Adult,SCMS from RDC,"Zidovudine 300mg, tablets, 60 Tabs",Zidovudine,Generic,300mg,Tablet,60,7130,38787.2,5.44,0.09,"Aurobindo Unit III, India",No,See DN-3822 (ID#:84390),See DN-3822 (ID#:84390),39.87,1765.18,1228
12369,104-CI-T01,Pre-PQ Process,SO-617,DN-163,Côte d'Ivoire,PMO - US,From RDC,N/A - From RDC,Air,Pre-PQ Process,N/A - From RDC,15-Jun-07,15-Jun-07,15-Jun-07,ARV,Adult,SCMS from RDC,"Zidovudine 300mg, tablets, 60 Tabs",Zidovudine,Generic,300mg,Tablet,60,4374,37266.48,8.52,0.14,"Aurobindo Unit III, India",Yes,230,1432,,1432,230
22477,901-NA-T30,FPQ-14728,SCMS-252640,ASN-28482,Namibia,PMO - US,Direct Drop,EXW,Air,7/30/14,8/14/14,22-Oct-14,22-Oct-14,22-Oct-14,ARV,Adult,HETERO LABS LIMITED,"Lamivudine/Tenofovir Disoproxil Fumarate 300/300mg, tablets, 30 Tabs",Lamivudine/Tenofovir Disoproxil Fumarate,Generic,300/300mg,Tablet - FDC,30,24672,113984.64,4.62,0.15,Hetero Unit III Hyderabad IN,Yes,2631,12463.74,117.18,12463.74,2631
80559,114-UG-T30,FPQ-10558,SCMS-160440,ASN-16895,Uganda,PMO - US,Direct Drop,EXW,Air,8/24/12,9/26/12,9-Nov-12,9-Nov-12,9-Nov-12,ARV,Adult,MYLAN LABORATORIES LTD (FORMERLY MATRIX LABORATORIES),"Atazanavir/Ritonavir 300/100mg, tablets, 30 Tabs",Atazanavir/Ritonavir,Generic,300/100mg,Tablet,30,170,3825.0,22.5,0.75,Mylan (formerly Matrix) Nashik,Yes,22,1051.5,5.36,1051.5,22
84334,151-NG-T30,FPQ-11864,SO-44920,DN-3540,Nigeria,PMO - US,From RDC,N/A - From RDC,Air Charter,3/14/13,N/A - From RDC,28-Feb-14,10-Feb-14,19-Feb-14,ARV,Pediatric,SCMS from RDC,"Abacavir/Lamivudine 60/30mg, tablets, 60 Tabs",Abacavir/Lamivudine,Generic,60/30mg,Tablet - FDC,60,2085,8340.0,4.0,0.07,"Aurobindo Unit III, India",Yes,122,30936.1,10.32,30936.1,122
83076,114-UG-T30,FPQ-9876,SO-42320,DN-2841,Uganda,PMO - US,From RDC,N/A - From RDC,Truck,5/15/12,N/A - From RDC,28-Sep-12,24-Sep-12,24-Sep-12,ARV,Adult,SCMS from RDC,"Lopinavir/Ritonavir 200/50mg, tablets, 120 Tabs",Lopinavir/Ritonavir,Generic,200/50mg,Tablet,120,8517,252784.56,29.68,0.25,"Aurobindo Unit III, India",Yes,2078,15761.76,354.4,15761.76,2078
82600,113-ZW-T30,FPQ-12429,SO-45850,DN-3291,Zimbabwe,PMO - US,From RDC,N/A - From RDC,Truck,6/25/13,N/A - From RDC,18-Sep-13,20-Sep-13,20-Sep-13,ARV,Adult,SCMS from RDC,"Lopinavir/Ritonavir 200/50mg, tablets, 120 Tabs",Lopinavir/Ritonavir,Generic,200/50mg,Tablet,120,8599,187286.22,21.78,0.18,Mylan (formerly Matrix) Nashik,Yes,2293,4529.67,231.67,4529.67,2293
84038,109-TZ-T30,FPQ-6226,SO-37300,DN-2008,Tanzania,PMO - US,From RDC,N/A - From RDC,Air,8/16/10,N/A - From RDC,30-Sep-10,10-Sep-10,10-Sep-10,ARV,Adult,SCMS from RDC,"Efavirenz 600mg, tablets, 30 Tabs",Efavirenz,Generic,600mg,Tablet,30,15331,68222.95,4.45,0.15,"Strides, Bangalore, India.",Yes,4729,18390.42,147.09,18390.42,4729
46590,108-VN-T30,FPQ-5094,SCMS-68580,ASN-7284,Vietnam,PMO - US,Direct Drop,EXW,Air,3/15/10,3/24/10,21-Jul-10,21-Jul-10,21-Jul-10,ARV,Adult,MYLAN LABORATORIES LTD (FORMERLY MATRIX LABORATORIES),"Efavirenz 600mg, tablets, 30 Tabs",Efavirenz,Generic,600mg,Tablet,30,63421,272710.3,4.3,0.14,Mylan (formerly Matrix) Nashik,Yes,5101,13241.08,587.96,13241.08,5101
59776,110-ZM-T30,FPQ-8315,SCMS-120570,ASN-13032,Zambia,PMO - US,Direct Drop,EXW,Air,8/31/11,9/22/11,20-Dec-11,16-Dec-11,16-Dec-11,HRDT,HIV test,"Orgenics, Ltd","HIV 1/2, Determine Complete HIV Kit, 100 Tests","HIV 1/2, Determine Complete HIV Kit",Determine,,Test kit,100,2870,229600.0,80.0,0.8,"Alere Medical Co., Ltd.",Yes,1368,25037.09,378.84,25037.09,1368
70044,201-UG-T30,FPQ-14825,SCMS-254400,ASN-29338,Uganda,PMO - US,Direct Drop,EXW,Air,8/19/14,9/18/14,19-Dec-14,19-Dec-14,22-Dec-14,HRDT,HIV test,"Orgenics, Ltd","HIV 1/2, Determine Complete HIV Kit, 100 Tests","HIV 1/2, Determine Complete HIV Kit",Determine,,Test kit,100,2500,200000.0,80.0,0.8,"Alere Medical Co., Ltd.",Yes,1010,8399.6,205.6,8399.6,1010
82444,110-ZM-T30,FPQ-7767,SO-40270,DN-2513,Zambia,PMO - US,From RDC,N/A - From RDC,Truck,7/26/11,N/A - From RDC,28-Feb-12,17-Feb-12,17-Feb-12,ARV,Adult,SCMS from RDC,"Abacavir 300mg, tablets, 60 Tabs",Abacavir,Generic,300mg,Tablet,60,27452,412878.08,15.04,0.25,Mylan (formerly Matrix) Nashik,Yes,3898,11292.05,681.25,11292.05,3898
85328,151-NG-T30,FPQ-10477,SO-43045,DN-2997,Nigeria,PMO - US,From RDC,N/A - From RDC,Air Charter,8/9/12,N/A - From RDC,11-Feb-13,11-Feb-13,11-Feb-13,ARV,Adult,SCMS from RDC,"Lamivudine/Zidovudine 150/300mg, tablets, 60 Tabs",Lamivudine/Zidovudine,Generic,150/300mg,Tablet - FDC,60,22790,165683.3,7.27,0.12,Hetero Unit III Hyderabad IN,Yes,22259,29780.5,232.29,29780.5,22259
61501,161-ZA-T30,FPQ-6262,SCMS-83730,ASN-9482,South Africa,PMO - US,Direct Drop,DDP,Ocean,8/31/10,9/24/10,29-Dec-10,10-Mar-11,10-Mar-11,ARV,Adult,Aurobindo Pharma Limited,"Tenofovir Disoproxil Fumarate 300mg, tablets, 30 Tabs",Tenofovir Disoproxil Fumarate,Generic,300mg,Tablet,30,146670,975355.5,6.65,0.22,"Aurobindo Unit III, India",Yes,13690,15213.22,2102.87,15213.22,13690
82541,151-NG-T30,FPQ-10477,SO-43042,DN-2994,Nigeria,PMO - US,From RDC,N/A - From RDC,Air Charter,8/9/12,N/A - From RDC,11-Feb-13,11-Feb-13,11-Feb-13,ARV,Adult,SCMS from RDC,"Emtricitabine/Tenofovir Disoproxil Fumarate 200/300mg, tablets, 30 Tabs",Emtricitabine/Tenofovir Disoproxil Fumarate,Generic,200/300mg,Tablet - FDC,30,100000,638000.0,6.38,0.21,Mylan (formerly Matrix) Nashik,Yes,8850,29780.5,894.48,29780.5,8850
62413,108-VN-T30,FPQ-10811,SCMS-164580,ASN-18661,Vietnam,PMO - US,Direct Drop,EXW,Air,10/15/12,11/7/12,1-Apr-13,1-Apr-13,1-Apr-13,ARV,Adult,HETERO LABS LIMITED,"Efavirenz 600mg, tablets, 30 Tabs",Efavirenz,Generic,600mg,Tablet,30,7245,23546.25,3.25,0.11,"Hetero, Jadcherla, unit 5, IN",Yes,622,1226.11,29.13,1226.11,622
10562,110-ZM-T01,Pre-PQ Process,SO-498,DN-182,Zambia,PMO - US,From RDC,N/A - From RDC,,Pre-PQ Process,N/A - From RDC,14-Jun-07,14-Jun-07,14-Jun-07,ARV,Adult,SCMS from RDC,"Abacavir 300mg, tablets, 60 Tabs",Abacavir,Generic,300mg,Tablet,60,8905,318799.0,35.8,0.6,"Aurobindo Unit III, India",Yes,3139,13094.69,,13094.69,3139
10780,110-ZM-T01,Pre-PQ Process,SO-31940,DN-1301,Zambia,PMO - US,From RDC,N/A - From RDC,Air,Pre-PQ Process,N/A - From RDC,24-Jun-09,24-Jun-09,24-Jun-09,ARV,Pediatric,SCMS from RDC,"Efavirenz 200mg, capsule, 90 Caps",Efavirenz,Generic,200mg,Capsule,90,1093,16679.18,15.26,0.17,"Aurobindo Unit III, India",Yes,133,1759.21,32.69,1759.21,133
86605,105-GY-T30,FPQ-12047,SO-45050,DN-3331,Guyana,PMO - US,From RDC,N/A - From RDC,Air,4/15/13,N/A - From RDC,30-Sep-13,4-Oct-13,22-Oct-13,ARV,Adult,SCMS from RDC,"Lopinavir/Ritonavir 200/50mg [Aluvia], tablets, 120 Tabs",Lopinavir/Ritonavir,Aluvia,200/50mg,Tablet,120,1634,33039.48,20.22,0.17,ABBVIE Ludwigshafen Germany,No,See DN-3331 (ID#:82603),See DN-3331 (ID#:82603),40.87,1303,395
96,102-NG-T01,Pre-PQ Process,SCMS-570,ASN-451,Nigeria,PMO - US,Direct Drop,EXW,Air,Pre-PQ Process,5/17/07,19-Jun-07,19-Jun-07,19-Jun-07,HRDT,HIV test,"CHEMBIO DIAGNOSTIC SYSTEMS, INC.","HIV 1/2, Stat-Pak HIV, Kit, 20 Tests","HIV 1/2, Stat-Pak HIV, Kit",Stat-Pak,,Test kit,20,7500,202500.0,27.0,1.35,Chembio Diagnostics Sys. Inc.,Yes,2278,15893.71,,15893.71,2278
37526,108-VN-T30,FPQ-10643,SCMS-160990,ASN-17709,Vietnam,PMO - US,Direct Drop,EXW,Air,9/18/12,9/24/12,4-Feb-13,4-Feb-13,4-Feb-13,ARV,Adult,MICRO LABS LIMITED,"Lamivudine 150mg, tablets, 60 Tabs",Lamivudine,Generic,150mg,Tablet,60,13570,24968.8,1.84,0.03,"Micro labs, Verna, Goa, India",Yes,568,1646.5,35.01,1646.5,568
45248,111-MZ-T30,FPQ-13093,SCMS-211550,ASN-24474,Mozambique,PMO - US,Direct Drop,EXW,Air,10/15/13,11/12/13,2-Apr-14,2-Apr-14,11-Apr-14,HRDT,HIV test,"Trinity Biotech, Plc","HIV 1/2, Uni-Gold HIV Kit, 20 Tests","HIV 1/2, Uni-Gold HIV Kit",Uni-Gold,,Test kit,20,5673,181536.0,32.0,1.6,"Trinity Biotech, Plc",Yes,1674,10780.63,186.62,10780.63,1674
85499,102-BI-T30,FPQ-14112,SO-48600,DN-3797,Burundi,PMO - US,From RDC,N/A - From RDC,Air,4/18/14,N/A - From RDC,30-Aug-14,5-Sep-14,18-Sep-14,ARV,Adult,SCMS from RDC,"Lopinavir/Ritonavir 200/50mg, tablets, 120 Tabs",Lopinavir/Ritonavir,Generic,200/50mg,Tablet,120,200,4008.0,20.04,0.17,Mylan (formerly Matrix) Nashik,Yes,53,1621.53,4.12,1621.53,53
9629,117-ET-T01,Pre-PQ Process,SCMS-18520,ASN-1591,Ethiopia,PMO - US,Direct Drop,EXW,Air,Pre-PQ Process,2/29/08,17-Apr-08,17-Apr-08,17-Apr-08,HRDT,HIV test,"SHANGHAI KEHUA BIOENGINEERING CO.,LTD.  (KHB)","HIV 1/2, SKB Colloidal Gold, Diagnostic Kit, Antibody, 50 Tests","HIV 1/2, Colloidal Gold, Diagnostic Kit, Antibody",Colloidal Gold,,Test kit,1,1044,24012.0,23.0,23.0,"KHB Test Kit Facility, Shanghai China",Yes,754,6267.38,38.42,6267.38,754
24358,109-TZ-T30,FPQ-14049,SCMS-239380,ASN-27718,Tanzania,PMO - US,Direct Drop,FCA,Air,4/11/14,5/16/14,2-Oct-14,2-Oct-14,3-Oct-14,ARV,Pediatric,ABBVIE LOGISTICS (FORMERLY ABBOTT LOGISTICS BV),"Lopinavir/Ritonavir 100/25mg [Aluvia], tablets, 60 Tabs",Lopinavir/Ritonavir,Generic,100/25mg,Tablet,60,5273,31321.62,5.94,0.1,ABBVIE Ludwigshafen Germany,Yes,668,4835.39,32.2,4835.39,668
12297,151-NG-T01,Pre-PQ Process,SO-22520,DN-1294,Nigeria,PMO - US,From RDC,N/A - From RDC,Air Charter,Pre-PQ Process,N/A - From RDC,16-Jun-09,16-Jun-09,16-Jun-09,ARV,Adult,SCMS from RDC,"Emtricitabine/Tenofovir Disoproxil Fumarate 200/300mg [Truvada], tablets, 30 Tabs",Emtricitabine/Tenofovir Disoproxil Fumarate,Truvada,300/200mg,Tablet - FDC,30,27314,716992.5,26.25,0.88,"Aspen-OSD, Port Elizabeth, SA",Yes,2363,7329.83,1405.31,7329.83,2363
55017,109-TZ-T30,FPQ-12540,SCMS-198801,ASN-21502,Tanzania,PMO - US,Direct Drop,EXW,Ocean,7/3/13,8/27/13,23-Oct-13,23-Oct-13,23-Oct-13,ARV,Adult,MYLAN LABORATORIES LTD (FORMERLY MATRIX LABORATORIES),"Efavirenz/Emtricitabine/Tenofovir Disoproxil Fumarate 600/200/300mg, tablets, 30 Tabs",Efavirenz/Emtricitabine/Tenofovir Disoproxil Fumarate,Generic,600/200/300mg,Tablet - FDC,30,163929,2047473.21,12.49,0.42,Mylan (formerly Matrix) Nashik,Yes,21675,20312.64,2532.72,20312.64,21675
84831,113-ZW-T30,FPQ-11545,SO-44340,DN-3231,Zimbabwe,PMO - US,From RDC,N/A - From RDC,Truck,1/24/13,N/A - From RDC,31-Jul-13,6-Aug-13,6-Aug-13,ARV,Adult,SCMS from RDC,"Nevirapine 200mg, tablets, 60 Tabs",Nevirapine,Generic,200mg,Tablet,60,23090,52183.4,2.26,0.04,"Strides, Bangalore, India.",Yes,394,11133.66,64.55,11133.66,394
3781,144-BW-T01,Pre-PQ Process,SCMS-41880,ASN-4323,Botswana,PMO - US,Direct Drop,EXW,Air,Pre-PQ Process,3/25/09,10-Jul-09,10-Jul-09,10-Jul-09,HRDT,HIV test,Orasure Technologies Inc.,"HIV 1/2, OraQuick Advance HIV Rapid Antibody Kit, 100 Tests","HIV 1/2, OraQuick Advance HIV Rapid Antibody Kit",OraQuick,,Test kit,100,20,7000.0,350.0,3.5,"Pacific Biotech, Thailand",Yes,48,684.42,13.72,684.42,48
82603,105-GY-T30,FPQ-12047,SO-45050,DN-3331,Guyana,PMO - US,From RDC,N/A - From RDC,Air,4/15/13,N/A - From RDC,30-Sep-13,4-Oct-13,22-Oct-13,ARV,Pediatric,SCMS from RDC,"Efavirenz 200mg, scored tablets, 90 Tabs",Efavirenz,Generic,200mg,Tablet,90,71,660.3,9.3,0.1,"Strides, Bangalore, India.",Yes,395,1303,0.82,1303,395
86481,104-CI-T30,FPQ-8787,SO-41170,DN-2689,Côte d'Ivoire,PMO - US,From RDC,N/A - From RDC,Air,11/11/11,N/A - From RDC,21-Jun-12,15-Jun-12,15-Jun-12,ARV,Adult,SCMS from RDC,"Lamivudine/Nevirapine/Zidovudine 150/200/300mg, tablets, 60 Tabs",Lamivudine/Nevirapine/Zidovudine,Generic,150/300/200mg,Tablet - FDC,60,100000,1029000.0,10.29,0.17,Mylan (formerly Matrix) Nashik,Yes,13055,23994.1,1442.66,23994.1,13055
11570,112-NG-T01,Pre-PQ Process,SO-2729,DN-1008,Nigeria,PMO - US,From RDC,N/A - From RDC,Air,Pre-PQ Process,N/A - From RDC,17-Nov-08,17-Nov-08,17-Nov-08,ARV,Adult,SCMS from RDC,"Stavudine 30mg, capsules, 60 Caps",Stavudine,Generic,30mg,Capsule,60,948,1469.4,1.55,0.03,"Aurobindo Unit III, India",Yes,127,4984.4,2.88,4984.4,127
85754,151-NG-T30,FPQ-6800,SO-38490,DN-2162,Nigeria,PMO - US,From RDC,N/A - From RDC,Air Charter,12/7/10,N/A - From RDC,31-Mar-11,10-May-11,10-May-11,ARV,Adult,SCMS from RDC,"Lamivudine/Nevirapine/Zidovudine 150/200/300mg, tablets, 60 Tabs",Lamivudine/Nevirapine/Zidovudine,Generic,150/300/200mg,Tablet - FDC,60,154667,1735363.74,11.22,0.19,"Aurobindo Unit III, India",Yes,20339,12601.06,2863.35,12601.06,20339
85147,110-ZM-T30,FPQ-5702,SO-37370,DN-2009,Zambia,PMO - US,From RDC,N/A - From RDC,Air,5/20/10,N/A - From RDC,27-Sep-10,8-Sep-10,8-Sep-10,ARV,Adult,SCMS from RDC,"Lamivudine 150mg, tablets, 60 Tabs",Lamivudine,Generic,150mg,Tablet,60,6580,15331.4,2.33,0.04,Hetero Unit III Hyderabad IN,Yes,579,4658.75,33.05,4658.75,579
5596,128-BJ-T01,Pre-PQ Process,SCMS-17280,ASN-1380,Benin,PMO - US,Direct Drop,EXW,Air,Pre-PQ Process,2/6/08,10-Mar-08,4-Mar-08,4-Mar-08,HRDT,HIV test,"Orgenics, Ltd","HIV 1/2, Determine HIV Kit, without Lancets, 100 Tests","HIV 1/2, Determine HIV Kit, without Lancets",Determine,,Test kit,100,1436,103377.64,71.99,0.72,Inverness Japan,Yes,327,6687.51,165.4,6687.51,327
85698,151-NG-T30,FPQ-5688,SO-36933,DN-1977,Nigeria,PMO - US,From RDC,N/A - From RDC,Air Charter,5/27/10,N/A - From RDC,31-Aug-10,17-Aug-10,17-Aug-10,ARV,Adult,SCMS from RDC,"Lamivudine/Nevirapine/Zidovudine 150/200/300mg, tablets, 60 Tabs",Lamivudine/Nevirapine/Zidovudine,Generic,150/300/200mg,Tablet - FDC,60,15000,168300.0,11.22,0.19,"Aurobindo Unit III, India",Yes,1972,6147.18,362.85,6147.18,1972
10931,117-ET-T01,Pre-PQ Process,SO-1513,DN-516,Ethiopia,PMO - US,From RDC,N/A - From RDC,Air,Pre-PQ Process,N/A - From RDC,10-Jan-08,10-Jan-08,10-Jan-08,ARV,Adult,SCMS from RDC,"Tenofovir Disoproxil Fumarate 300mg [Viread], tablets, 30 Tabs",Tenofovir Disoproxil Fumarate,Viread,300mg,Tablet,30,591,10047.0,17.0,0.57,Gilead(Nycomed) Oranienburg DE,Yes,37,504,16.08,504,37
10734,109-TZ-T01,Pre-PQ Process,SO-11821,DN-890,Tanzania,PMO - US,From RDC,N/A - From RDC,Air,Pre-PQ Process,N/A - From RDC,15-Sep-08,15-Sep-08,15-Sep-08,ARV,Adult,SCMS from RDC,"Efavirenz 600mg, tablets, 30 Tabs",Efavirenz,Generic,600mg,Tablet,30,5000,60050.0,12.01,0.4,Mylan (formerly Matrix) Nashik,Yes,379,1188.97,96.08,1188.97,379
46582,108-VN-T30,FPQ-7565,SCMS-107620,ASN-10838,Vietnam,PMO - US,Direct Drop,EXW,Air,4/21/11,4/29/11,10-Jun-11,10-Jun-11,10-Jun-11,ARV,Adult,CIPLA LIMITED,"Tenofovir Disoproxil Fumarate 300mg, tablets, 30 Tabs",Tenofovir Disoproxil Fumarate,Generic,300mg,Tablet,30,4500,29025.0,6.45,0.22,"Cipla, Goa, India",Yes,320,4890.38,47.89,4890.38,320
11484,104-CI-T01,Pre-PQ Process,SO-1101,DN-434,Côte d'Ivoire,PMO - US,From RDC,N/A - From RDC,Air,Pre-PQ Process,N/A - From RDC,22-Nov-07,22-Nov-07,22-Nov-07,ARV,Adult,SCMS from RDC,"Abacavir/Lamivudine/Zidovudine 300/150/300mg [Trizivir], tablets, 60 Tabs",Abacavir/Lamivudine/Zidovudine,Trizivir,300/150/300mg,Tablet - FDC,60,1873,83348.5,44.5,0.74,GSK Ware (UK),No,See DN-434 (ID#:11483),See DN-434 (ID#:11483),133.36,25563,9248
84161,107-RW-T30,FPQ-9190,SO-41431,DN-2626,Rwanda,PMO - US,From RDC,N/A - From RDC,Air,1/27/12,N/A - From RDC,29-Jun-12,26-Apr-12,26-Apr-12,ARV,Pediatric,SCMS from RDC,"Efavirenz 200mg, capsule, 90 Caps",Efavirenz,Generic,200mg,Capsule,90,993,8579.52,8.64,0.1,"Aurobindo Unit III, India",Yes,126,1675,12.03,1675,126
82493,110-ZM-T30,FPQ-9472,SO-41720,DN-2763,Zambia,PMO - US,From RDC,N/A - From RDC,Truck,3/8/12,N/A - From RDC,31-Jul-12,1-Aug-12,1-Aug-12,ARV,Adult,SCMS from RDC,"Abacavir 300mg, tablets, 60 Tabs",Abacavir,Generic,300mg,Tablet,60,2548,33022.08,12.96,0.22,"Aurobindo Unit III, India",Yes,3090,11188.53,46.3,11188.53,3090
29043,106-HT-T30,FPQ-14083,SCMS-240202,ASN-28245,Haiti,PMO - US,Direct Drop,EXW,Ocean,5/11/14,7/31/14,17-Nov-14,17-Nov-14,17-Nov-14,ARV,Pediatric,MYLAN LABORATORIES LTD (FORMERLY MATRIX LABORATORIES),"Lamivudine/Zidovudine 30/60mg, dispersible tablets, 60 Tabs",Lamivudine/Zidovudine,Generic,30/60mg,Chewable/dispersible tablet - FDC,60,2550,5074.5,1.99,0.03,"Mylan,  H-12 & H-13, India",Yes,199,5215.49,5.22,5215.49,199
85627,111-MZ-T30,FPQ-4106,SO-33100,DN-1421,Mozambique,PMO - US,From RDC,N/A - From RDC,Air,8/17/09,N/A - From RDC,30-Nov-09,30-Oct-09,30-Oct-09,ARV,Adult,SCMS from RDC,"Saquinavir 200mg [Invirase], capsules, 270 Caps",Saquinavir,Invirase,200mg,Capsule,270,168,13540.8,80.6,0.3,Roche Basel,Yes,85,1139.5,26.54,1139.5,85
85302,114-UG-T30,FPQ-10357,SO-42880,DN-2842,Uganda,PMO - US,From RDC,N/A - From RDC,Truck,7/18/12,N/A - From RDC,12-Oct-12,25-Sep-12,25-Sep-12,ARV,Adult,SCMS from RDC,"Nevirapine 200mg, tablets, 60 Tabs",Nevirapine,Generic,200mg,Tablet,60,22783,55134.86,2.42,0.04,Hetero Unit III Hyderabad IN,Yes,1285,6265.36,77.3,6265.36,1285
535,109-TZ-T01,Pre-PQ Process,SCMS-23610,ASN-2167,Tanzania,PMO - US,Direct Drop,CIP,Air,Pre-PQ Process,5/15/08,2-Sep-08,2-Sep-08,2-Sep-08,ARV,Adult,BRISTOL-MYERS SQUIBB,"Didanosine EC 400mg [Videx EC], delayed-release capsules, Blister 3 x 10 Caps",Didanosine EC,Videx EC,400mg,Delayed-release capsules - blister,30,2597,61470.99,23.67,0.79,"BMS Meymac, France",Yes,117,645.1,98.35,645.1,117
50971,106-HT-T30,FPQ-9066,SCMS-138620,ASN-14952,Haiti,PMO - US,Direct Drop,EXW,Air,1/6/12,2/24/12,12-Jun-12,12-Jun-12,12-Jun-12,ARV,Pediatric,CIPLA LIMITED,"Lamivudine/Stavudine 30/6mg, dispersible tablets, 60 Tabs",Lamivudine/Stavudine,Generic,30/6mg,Chewable/dispersible tablet - FDC,60,408,775.2,1.9,0.03,"Cipla, Goa, India",Yes,26,304.63,1.09,304.63,26
56748,114-UG-T30,FPQ-11153,SCMS-177120,ASN-18910,Uganda,PMO - US,Direct Drop,EXW,Air,12/13/12,2/7/13,10-Apr-13,10-Apr-13,10-Apr-13,ARV,Pediatric,MICRO LABS LIMITED,"Efavirenz 50mg, capsule, 30 Caps",Efavirenz,Generic,50mg,Capsule,30,56,112.0,2.0,0.07,"Micro labs, Verna, Goa, India",No,See ASN-18910 (ID#:50309),See ASN-18910 (ID#:50309),0.14,1021.34,8
47048,105-GY-T30,FPQ-7619,SCMS-111220,ASN-11550,Guyana,PMO - US,Direct Drop,FCA,Air,5/30/11,6/15/11,5-Aug-11,5-Aug-11,5-Aug-11,ARV,Adult,ABBVIE LOGISTICS (FORMERLY ABBOTT LOGISTICS BV),"Lopinavir/Ritonavir 200/50mg [Aluvia], tablets, 120 Tabs",Lopinavir/Ritonavir,Aluvia,200/50mg,Tablet,120,1324,108832.8,82.2,0.68,ABBVIE Ludwigshafen Germany,Yes,334,2171.57,179.57,2171.57,334
50231,108-VN-T30,FPQ-5317,SCMS-69720,ASN-7237,Vietnam,PMO - US,Direct Drop,EXW,Air,3/22/10,3/29/10,2-Jul-10,2-Jul-10,2-Jul-10,ARV,Adult,MYLAN LABORATORIES LTD (FORMERLY MATRIX LABORATORIES),"Abacavir 300mg, tablets, 60 Tabs",Abacavir,Generic,300mg,Tablet,60,151,2399.39,15.89,0.26,Mylan (formerly Matrix) Nashik,Yes,749,7488.39,5.17,7488.39,749
86259,114-UG-T30,FPQ-4496,SO-35010,DN-1632,Uganda,PMO - US,From RDC,N/A - From RDC,Truck,10/28/09,N/A - From RDC,22-Mar-10,29-Jan-10,29-Jan-10,ARV,Adult,SCMS from RDC,"Nevirapine 200mg, tablets, 60 Tabs",Nevirapine,Generic,200mg,Tablet,60,1600,4640.0,2.9,0.05,"Aurobindo Unit III, India",Yes,157,1601.5,10.0,1601.5,157
35700,161-ZA-T30,FPQ-5303,SCMS-68711,ASN-7430,South Africa,PMO - US,Direct Drop,DDP,Air,3/18/10,3/19/10,19-Jul-10,19-Jul-10,19-Jul-10,ARV,Adult,CIPLA LIMITED,"Tenofovir Disoproxil Fumarate 300mg, tablets, 30 Tabs",Tenofovir Disoproxil Fumarate,Generic,300mg,Tablet,30,1110,8680.2,7.82,0.26,"Cipla, Goa, India",Yes,76,916.22,18.71,916.22,76
6705,107-RW-T01,Pre-PQ Process,SCMS-800,ASN-719,Rwanda,PMO - US,Direct Drop,CIP,Air,Pre-PQ Process,7/17/07,14-Sep-07,14-Sep-07,14-Sep-07,ARV,Pediatric,BRISTOL-MYERS SQUIBB,"Didanosine 50mg [Videx], chewable tablets, 60 Tabs",Didanosine,Videx,50mg,Chewable/dispersible tablet,60,182,1729.0,9.5,0.16,"BMS Meymac, France",Yes,40,86.4,2.77,86.4,40
85822,101-CD-T30,FPQ-8840,SO-41148,DN-2512,"Congo, DRC",PMO - US,From RDC,N/A - From RDC,Air,11/21/11,N/A - From RDC,16-Mar-12,14-Mar-12,14-Mar-12,ARV,Adult,SCMS from RDC,"Zidovudine 300mg, tablets, 60 Tabs",Zidovudine,Generic,300mg,Tablet,60,2197,15422.94,7.02,0.12,Hetero Unit III Hyderabad IN,No,See DN-2512 (ID#:82443),See DN-2512 (ID#:82443),21.62,5636.3,1072
38596,110-ZM-T30,FPQ-4691,SCMS-60711,ASN-6612,Zambia,PMO - US,Direct Drop,EXW,Air,12/16/09,12/22/09,3-May-10,3-May-10,3-May-10,HRDT,HIV test,"Orgenics, Ltd","HIV 1/2, Determine Complete HIV Kit, 100 Tests","HIV 1/2, Determine Complete HIV Kit",Determine,,Test kit,100,2807,202104.0,72.0,0.72,Inverness Japan,Yes,1360,20067.34,435.74,20067.34,1360
3956,108-VN-T01,Pre-PQ Process,SCMS-171,ASN-294,Vietnam,PMO - US,Direct Drop,FCA,Air,Pre-PQ Process,11/13/06,27-Mar-07,27-Mar-07,27-Mar-07,ARV,Adult,Hoffmann-La Roche ltd Basel,"Nelfinavir (as mesilate) 250mg [Viracept], tablets, 270 Tabs",Nelfinavir (as mesilate),Viracept,250mg,Tablet,270,200,32688.0,163.44,0.61,Roche Madrid,Yes,54,13981.96,,13981.96,54
86164,151-NG-T30,FPQ-14766,SO-49682,DN-4122,Nigeria,PMO - US,From RDC,N/A - From RDC,Air Charter,8/13/14,N/A - From RDC,28-Feb-15,5-Feb-15,10-Feb-15,ARV,Adult,SCMS from RDC,"Lamivudine/Nevirapine/Zidovudine 150/200/300mg, tablets, 60 Tabs",Lamivudine/Nevirapine/Zidovudine,Generic,150/300/200mg,Tablet - FDC,60,183995,1420441.4,7.72,0.13,"Strides, Bangalore, India.",No,See DN-4122 (ID#:85012),See DN-4122 (ID#:85012),1460.21,51645.79,23220
72293,110-ZM-T30,FPQ-14151,SCMS-239800,ASN-27557,Zambia,PMO - US,Direct Drop,EXW,Air,4/30/14,5/20/14,1-Oct-14,1-Oct-14,1-Oct-14,ARV,Adult,HETERO LABS LIMITED,"Nevirapine 200mg, tablets, 60 Tabs",Nevirapine,Generic,200mg,Tablet,60,100000,218000.0,2.18,0.04,Hetero Unit III Hyderabad IN,Yes,6304,34182.97,224.1,34182.97,6304
83659,114-UG-T30,FPQ-11143,SO-43920,DN-3035,Uganda,PMO - US,From RDC,N/A - From RDC,Air,12/13/12,N/A - From RDC,15-Mar-13,1-Mar-13,1-Mar-13,ARV,Adult,SCMS from RDC,"Abacavir/Lamivudine 600/300mg, scored tablets, 30 Tabs",Abacavir/Lamivudine,Generic,600/300mg,Tablet - FDC,30,5009,69925.64,13.96,0.47,Mylan (formerly Matrix) Nashik,Yes,467,6637.16,86.5,6637.16,467
27942,103-AO-T30,FPQ-11074,SCMS-171780,ASN-17959,Angola,PMO - US,Direct Drop,FCA,Air,12/7/12,1/3/13,25-Apr-13,25-Apr-13,25-Apr-13,ARV,Pediatric,ABBVIE LOGISTICS (FORMERLY ABBOTT LOGISTICS BV),"Lopinavir/Ritonavir 80/20mg/ml [Kaletra], oral solution, cool, Bottle 5 x 60 ml",Lopinavir/Ritonavir,Kaletra,80/20mg/ml,Oral solution,300,480,14793.6,30.82,0.1,ABBVIE (Abbott) Logis. UK,Yes,492,4281.43,18.3,4281.43,492
55297,108-VN-T30,FPQ-5899,SCMS-77280,ASN-8060,Vietnam,PMO - US,Direct Drop,EXW,Air,6/23/10,6/30/10,20-Sep-10,20-Sep-10,20-Sep-10,ARV,Adult,MYLAN LABORATORIES LTD (FORMERLY MATRIX LABORATORIES),"Abacavir 300mg, tablets, 60 Tabs",Abacavir,Generic,300mg,Tablet,60,100,1574.0,15.74,0.26,Mylan (formerly Matrix) Nashik,Yes,10,3896.68,3.39,3896.68,10
83377,104-CI-T30,FPQ-3964,SO-34510,DN-1514,Côte d'Ivoire,PMO - US,From RDC,N/A - From RDC,Air,7/24/09,N/A - From RDC,26-Nov-09,13-Nov-09,13-Nov-09,ARV,Adult,SCMS from RDC,"Lamivudine/Nevirapine/Zidovudine 150/200/300mg, tablets, 60 Tabs",Lamivudine/Nevirapine/Zidovudine,Generic,150/300/200mg,Tablet - FDC,60,42750,485212.5,11.35,0.19,"Aurobindo Unit III, India",Yes,4814,7100.04,951.02,7100.04,4814
82553,114-UG-T30,FPQ-11143,SO-43970,DN-3041,Uganda,PMO - US,From RDC,N/A - From RDC,Truck,12/13/12,N/A - From RDC,29-Mar-13,6-Mar-13,6-Mar-13,ARV,Pediatric,SCMS from RDC,"Lamivudine/Zidovudine 30/60mg, tablets, 60 Tabs",Lamivudine/Zidovudine,Generic,30/60mg,Tablet - FDC,60,1731,3912.06,2.26,0.04,Mylan (formerly Matrix) Nashik,Yes,76,936.81,4.84,936.81,76
26019,107-RW-T30,FPQ-9965,SCMS-148040,ASN-15289,Rwanda,PMO - US,Direct Drop,FCA,Air,5/25/12,6/1/12,29-Jun-12,29-Jun-12,29-Jun-12,ARV,Pediatric,ABBVIE LOGISTICS (FORMERLY ABBOTT LOGISTICS BV),"Lopinavir/Ritonavir 80/20mg/ml [Kaletra], oral solution, cool, Bottle 5 x 60 ml",Lopinavir/Ritonavir,Kaletra,80/20mg/ml,Oral solution,300,255,7859.1,30.82,0.1,ABBVIE (Abbott) Logis. UK,Yes,253,2455.7,11.02,2455.7,253
82568,111-MZ-T30,FPQ-11882,SO-44810,DN-3108,Mozambique,PMO - US,From RDC,N/A - From RDC,Air,3/19/13,N/A - From RDC,4-Jul-13,4-Jul-13,4-Jul-13,ARV,Adult,SCMS from RDC,"Efavirenz 600mg, tablets, 30 Tabs",Efavirenz,Generic,600mg,Tablet,30,17037,56733.21,3.33,0.11,"Strides, Bangalore, India.",Yes,1750,9758.5,70.18,9758.5,1750
55376,108-VN-T30,FPQ-6384,SCMS-87710,ASN-9710,Vietnam,PMO - US,Direct Drop,FCA,Air,9/30/10,10/14/10,25-Feb-11,25-Feb-11,25-Feb-11,ARV,Adult,ABBVIE LOGISTICS (FORMERLY ABBOTT LOGISTICS BV),"Ritonavir 100mg [Norvir], capsules, cool, 4 x 84 Caps",Ritonavir,Norvir,100mg,Capsule,336,18,3717.18,206.51,0.61,ABBVIE (Abbott) Logis. UK,Yes,55,3785.84,8.01,3785.84,55
84570,114-UG-T30,FPQ-5451,SO-36832,DN-1860,Uganda,PMO - US,From RDC,N/A - From RDC,Air,5/7/10,N/A - From RDC,30-Jun-10,22-Jun-10,22-Jun-10,ARV,Adult,SCMS from RDC,"Efavirenz 600mg, tablets, 30 Tabs",Efavirenz,Generic,600mg,Tablet,30,17550,83362.5,4.75,0.16,Mylan (formerly Matrix) Nashik,Yes,1325,4600.45,179.73,4600.45,1325
11805,111-MZ-T01,Pre-PQ Process,SO-1038,DN-426,Mozambique,PMO - US,From RDC,N/A - From RDC,Air,Pre-PQ Process,N/A - From RDC,29-Nov-07,29-Nov-07,29-Nov-07,ARV,Adult,SCMS from RDC,"Indinavir 400mg [Crixivan], capsules, 180 Caps",Indinavir,Crixivan,400mg,Capsule,180,840,42000.0,50.0,0.28,"MSD, Haarlem, NL",No,See DN-426 (ID#:10633),See DN-426 (ID#:10633),67.2,10879.28,7341
66236,114-UG-T30,FPQ-14254,SCMS-239750,ASN-26608,Uganda,PMO - US,Direct Drop,EXW,Air,5/12/14,5/20/14,26-Jun-14,26-Jun-14,28-Jun-14,HRDT,HIV test,"Trinity Biotech, Plc","HIV 1/2, Uni-Gold HIV Kit, 20 Tests","HIV 1/2, Uni-Gold HIV Kit",Uni-Gold,,Test kit,20,750,24000.0,32.0,1.6,"Trinity Biotech, Plc",Yes,242,1899.22,24.67,1899.22,242
82875,104-CI-T30,FPQ-4378,SO-34370,DN-1759,Côte d'Ivoire,PMO - US,From RDC,N/A - From RDC,Air,10/15/09,N/A - From RDC,6-Apr-10,1-Apr-10,1-Apr-10,ARV,Pediatric,SCMS from RDC,"Zidovudine 100mg, capsules, 100 Caps",Zidovudine,Generic,100mg,Capsule,100,2604,12603.36,4.84,0.05,"Aurobindo Unit III, India",Yes,675,1702.91,24.7,1702.91,675
84793,106-HT-T30,FPQ-11281,SO-44400,DN-3015,Haiti,PMO - US,From RDC,N/A - From RDC,Air,1/16/13,N/A - From RDC,9-Apr-13,14-Mar-13,14-Mar-13,ARV,Adult,SCMS from RDC,"Lamivudine 150mg, tablets, 60 Tabs",Lamivudine,Generic,150mg,Tablet,60,1980,3940.2,1.99,0.03,Hetero Unit III Hyderabad IN,No,See DN-3015 (ID#:82554),See DN-3015 (ID#:82554),4.87,161712.87,16035
11674,104-CI-T01,Pre-PQ Process,SO-32830,DN-1387,Côte d'Ivoire,PMO - US,From RDC,N/A - From RDC,Air,Date Not Captured,N/A - From RDC,25-Aug-09,25-Aug-09,25-Aug-09,ARV,Pediatric,SCMS from RDC,"Nevirapine 10mg/ml, oral suspension, Bottle, 240 ml",Nevirapine,Generic,10mg/ml,Oral suspension,240,2917,5600.64,1.92,0.01,"Aurobindo Unit III, India",Yes,1348,5233.52,10.98,5233.52,1348
11860,106-HT-T01,Pre-PQ Process,SO-2596,DN-762,Haiti,PMO - US,From RDC,N/A - From RDC,Air,Pre-PQ Process,N/A - From RDC,18-Jun-08,18-Jun-08,18-Jun-08,ARV,Adult,SCMS from RDC,"Lopinavir/Ritonavir 200/50mg [Aluvia], tablets, 120 Tabs",Lopinavir/Ritonavir,Aluvia,200/50mg,Tablet,120,240,9864.0,41.1,0.34,ABBVIE Ludwigshafen Germany,Yes,52,1422.32,15.78,1422.32,52
11558,109-TZ-T01,Pre-PQ Process,SO-2721,DN-766,Tanzania,PMO - US,From RDC,N/A - From RDC,Air,Pre-PQ Process,N/A - From RDC,10-Jul-08,10-Jul-08,10-Jul-08,ARV,Adult,SCMS from RDC,"Lamivudine 150mg, tablets, 60 Tabs",Lamivudine,Generic,150mg,Tablet,60,11352,33034.32,2.91,0.05,"Aurobindo Unit III, India",Yes,572,4152.56,52.85,4152.56,572
10573,104-CI-T01,Pre-PQ Process,SO-603,DN-196,Côte d'Ivoire,PMO - US,From RDC,N/A - From RDC,,Pre-PQ Process,N/A - From RDC,28-Jun-07,28-Jun-07,28-Jun-07,ARV,Adult,SCMS from RDC,"Lamivudine/Nevirapine/Stavudine 150/200/30mg, tablets, 60 Tabs",Lamivudine/Nevirapine/Stavudine,Generic,150/200/30mg,Tablet - FDC,60,40411,303082.5,7.5,0.12,"Cipla, Goa, India",Yes,7185,17587,484.93,17587,7185
32029,113-ZW-T30,FPQ-13939,SCMS-240570,ASN-27586,Zimbabwe,PMO - US,Direct Drop,EXW,Air Charter,4/1/14,5/27/14,17-Sep-14,17-Sep-14,19-Sep-14,ARV,Adult,HETERO LABS LIMITED,"Lamivudine/Tenofovir Disoproxil Fumarate 300/300mg, tablets, 30 Tabs",Lamivudine/Tenofovir Disoproxil Fumarate,Generic,300/300mg,Tablet - FDC,30,42192,194927.04,4.62,0.15,Hetero Unit III Hyderabad IN,Yes,4584,25682.65,200.38,25682.65,4584
84445,114-UG-T30,FPQ-15638,SO-50630,DN-4109,Uganda,PMO - US,From RDC,N/A - From RDC,Air,12/22/14,N/A - From RDC,17-Feb-15,9-Feb-15,17-Feb-15,ARV,Adult,SCMS from RDC,"Nevirapine 200mg, tablets, 60 Tabs",Nevirapine,Generic,200mg,Tablet,60,74896,163273.28,2.18,0.04,"Aurobindo Unit III, India",Yes,7183,41735,192.17,41735,7183
10712,111-MZ-T01,Pre-PQ Process,SO-15081,DN-1035,Mozambique,PMO - US,From RDC,N/A - From RDC,Air,Pre-PQ Process,N/A - From RDC,21-Feb-09,21-Feb-09,21-Feb-09,ARV,Adult,SCMS from RDC,"Lamivudine/Nevirapine/Stavudine 150/200/30mg, tablets, 60 Tabs",Lamivudine/Nevirapine/Stavudine,Generic,150/200/30mg,Tablet - FDC,60,125000,900000.0,7.2,0.12,"Strides, Bangalore, India.",Yes,9228,3671.92,1764.0,3671.92,9228
83229,107-RW-T30,FPQ-13839,SO-48170,DN-3611,Rwanda,PMO - US,From RDC,N/A - From RDC,Truck,3/5/14,N/A - From RDC,20-May-14,4-Mar-14,4-Jun-14,ARV,Pediatric,SCMS from RDC,"Nevirapine 10mg/ml, oral suspension w/syringe, Bottle, 240 ml",Nevirapine,Generic,10mg/ml,Oral suspension,240,2216,4121.76,1.86,0.01,"Aurobindo Unit III, India",Yes,1412,4609.68,4.24,4609.68,1412
42275,102-GY-T30,FPQ-4068,SCMS-52271,ASN-4991,Guyana,PMO - US,Direct Drop,EXW,Air,8/13/09,8/31/09,16-Oct-09,16-Oct-09,16-Oct-09,HRDT,HIV test,"Orgenics, Ltd","HIV 1/2, Determine Complete HIV Kit, 100 Tests","HIV 1/2, Determine Complete HIV Kit",Determine,,Test kit,100,507,36504.0,72.0,0.72,Inverness Japan,Yes,67,4400.85,71.55,4400.85,67
55522,161-ZA-T30,FPQ-6708,SCMS-93500,ASN-9847,South Africa,PMO - US,Direct Drop,DDP,Ocean,11/26/10,12/14/10,4-Apr-11,4-Apr-11,4-Apr-11,ARV,Pediatric,Aurobindo Pharma Limited,"Nevirapine 10mg/ml, oral suspension w/syringe, Bottle, 240 ml",Nevirapine,Generic,10mg/ml,Oral suspension,240,27910,59169.2,2.12,0.01,"Aurobindo Unit III, India",Yes,10346,3961.7,97.63,3961.7,10346
84949,111-MZ-T30,FPQ-14226,SO-48871,DN-3805,Mozambique,PMO - US,From RDC,N/A - From RDC,Truck,5/2/14,N/A - From RDC,30-Sep-14,5-Sep-14,8-Sep-14,ARV,Adult,SCMS from RDC,"Tenofovir Disoproxil Fumarate 300mg, tablets, 30 Tabs",Tenofovir Disoproxil Fumarate,Generic,300mg,Tablet,30,800,3024.0,3.78,0.13,Hetero Unit III Hyderabad IN,Yes,64,166.96,3.11,166.96,64
