ID,Project_Code,PQ,PO/SO,ASN/DN,Country,Managed_By,Fulfill_Via,Vendor_INCO_Term,Shipment_Mode,PQ_First_Sent_to_Client_Date,PO_Sent_to_Vendor_Date,Scheduled_Delivery_Date,Delivered_to_Client_Date,Delivery_Recorded_Date,Product_Group,Sub_Classification,Vendor,Item_Description,Molecule/Test_Type,Brand,Dosage,Dosage_Form,Unit_of_Measure_(Per_Pack),Line_Item_Quantity,Line_Item_Value,Pack_Price,Unit_Price,Manufacturing_Site,First_Line_Designation,Weight_(Kilograms),Freight_Cost_(USD),Line_Item_Insurance_(USD)
1,100-CI-T01,Pre-PQ Process,SCMS-4,ASN-8,Côte d'Ivoire,PMO - US,Direct Drop,EXW,Air,Pre-PQ Process,Date Not Captured,2-Jun-06,2-Jun-06,2-Jun-06,HRDT,HIV test,RANBAXY Fine Chemicals LTD.,"HIV, Reveal G3 Rapid HIV-1 Antibody Test, 30 Tests","HIV, Reveal G3 Rapid HIV-1 Antibody Test",Reveal,N/A,Test kit,30,19,551,29,0.97,Ranbaxy Fine Chemicals LTD,Yes,13,780.34,
3,108-VN-T01,Pre-PQ Process,SCMS-13,ASN-85,Vietnam,PMO - US,Direct Drop,EXW,Air,Pre-PQ Process,Date Not Captured,14-Nov-06,14-Nov-06,14-Nov-06,ARV,Pediatric,Aurobindo Pharma Limited,"Nevirapine 10mg/ml, oral suspension, Bottle, 240 ml",Nevirapine,Generic,10mg/ml,Oral suspension,240,1000,6200,6.2,0.03,"Aurobindo Unit III, India",Yes,358,4521.5,
4,100-CI-T01,Pre-PQ Process,SCMS-20,ASN-14,Côte d'Ivoire,PMO - US,Direct Drop,FCA,Air,Pre-PQ Process,Date Not Captured,27-Aug-06,27-Aug-06,27-Aug-06,HRDT,HIV test,Abbott GmbH & Co. KG,"HIV 1/2, Determine Complete HIV Kit, 100 Tests","HIV 1/2, Determine Complete HIV Kit",Determine,N/A,Test kit,100,500,40000,80,0.8,ABBVIE GmbH & Co.KG Wiesbaden,Yes,171,1653.78,
15,108-VN-T01,Pre-PQ Process,SCMS-78,ASN-50,Vietnam,PMO - US,Direct Drop,EXW,Air,Pre-PQ Process,Date Not Captured,1-Sep-06,1-Sep-06,1-Sep-06,ARV,Adult,SUN PHARMACEUTICAL INDUSTRIES LTD (RANBAXY LABORATORIES LIMITED),"Lamivudine 150mg, tablets, 60 Tabs",Lamivudine,Generic,150mg,Tablet,60,31920,127360.8,3.99,0.07,"Ranbaxy, Paonta Shahib, India",Yes,1855,16007.06,
16,108-VN-T01,Pre-PQ Process,SCMS-81,ASN-55,Vietnam,PMO - US,Direct Drop,EXW,Air,Pre-PQ Process,Date Not Captured,11-Aug-06,11-Aug-06,11-Aug-06,ARV,Adult,Aurobindo Pharma Limited,"Stavudine 30mg, capsules, 60 Caps",Stavudine,Generic,30mg,Capsule,60,38000,121600,3.2,0.05,"Aurobindo Unit III, India",Yes,7590,45450.08,
23,112-NG-T01,Pre-PQ Process,SCMS-87,ASN-57,Nigeria,PMO - US,Direct Drop,EXW,Air,Pre-PQ Process,Date Not Captured,28-Sep-06,28-Sep-06,28-Sep-06,ARV,Pediatric,Aurobindo Pharma Limited,"Zidovudine 10mg/ml, oral solution, Bottle, 240 ml",Zidovudine,Generic,10mg/ml,Oral solution,240,416,2225.6,5.35,0.02,"Aurobindo Unit III, India",Yes,504,5920.42,
44,110-ZM-T01,Pre-PQ Process,SCMS-139,ASN-130,Zambia,PMO - US,Direct Drop,DDU,Air,Pre-PQ Process,Date Not Captured,8-Jan-07,8-Jan-07,8-Jan-07,ARV,Pediatric,MERCK SHARP & DOHME IDEA GMBH (FORMALLY MERCK SHARP & DOHME B.V.),"Efavirenz 200mg [Stocrin/Sustiva], capsule, 90 Caps",Efavirenz,Stocrin/Sustiva,200mg,Capsule,90,135,4374,32.4,0.36,MSD South Granville Australia,Yes,328,Freight Included in Commodity Cost,
45,109-TZ-T01,Pre-PQ Process,SCMS-140,ASN-94,Tanzania,PMO - US,Direct Drop,EXW,Air,Pre-PQ Process,Date Not Captured,24-Nov-06,24-Nov-06,24-Nov-06,ARV,Adult,Aurobindo Pharma Limited,"Nevirapine 200mg, tablets, 60 Tabs",Nevirapine,Generic,200mg,Tablet,60,16667,60834.55,3.65,0.06,"Aurobindo Unit III, India",Yes,1478,6212.41,
46,112-NG-T01,Pre-PQ Process,SCMS-156,ASN-93,Nigeria,PMO - US,Direct Drop,EXW,Air,Pre-PQ Process,Date Not Captured,7-Dec-06,7-Dec-06,7-Dec-06,ARV,Adult,Aurobindo Pharma Limited,"Stavudine 30mg, capsules, 60 Caps",Stavudine,Generic,30mg,Capsule,60,273,532.35,1.95,0.03,"Aurobindo Unit III, India",No,See ASN-93 (ID#:1281),See ASN-93 (ID#:1281),
47,110-ZM-T01,Pre-PQ Process,SCMS-165,ASN-199,Zambia,PMO - US,Direct Drop,CIP,Air,Pre-PQ Process,11/13/06,30-Jan-07,30-Jan-07,30-Jan-07,ARV,Adult,ABBVIE LOGISTICS (FORMERLY ABBOTT LOGISTICS BV),"Lopinavir/Ritonavir 200/50mg [Aluvia], tablets, 120 Tabs",Lopinavir/Ritonavir,Aluvia,200/50mg,Tablet,120,2800,115080,41.1,0.34,ABBVIE (Abbott) St. P'burg USA,Yes,643,Freight Included in Commodity Cost,
60,110-ZM-T01,Pre-PQ Process,SCMS-221,ASN-223,Zambia,PMO - US,Direct Drop,CIP,Air,Pre-PQ Process,12/1/06,16-Feb-07,16-Feb-07,16-Feb-07,ARV,Adult,ABBVIE LOGISTICS (FORMERLY ABBOTT LOGISTICS BV),"Lopinavir/Ritonavir 200/50mg [Aluvia], tablets, 120 Tabs",Lopinavir/Ritonavir,Aluvia,200/50mg,Tablet,120,2800,115080,41.1,0.34,ABBVIE Ludwigshafen Germany,Yes,643,Freight Included in Commodity Cost,
61,110-ZM-T01,Pre-PQ Process,SCMS-226,ASN-137,Zambia,PMO - US,Direct Drop,EXW,Air,Pre-PQ Process,Date Not Captured,8-Jan-07,8-Jan-07,8-Jan-07,HRDT,HIV test,"Trinity Biotech, Plc","HIV 1/2, Uni-Gold HIV Kit, 20 Tests","HIV 1/2, Uni-Gold HIV Kit",Uni-Gold,N/A,Test kit,20,2500,100000,40,2,"Trinity Biotech, Plc",Yes,853,13569.49,
62,102-NG-T01,Pre-PQ Process,SCMS-230,ASN-144,Nigeria,PMO - US,Direct Drop,EXW,Air,Pre-PQ Process,Date Not Captured,10-Jan-07,10-Jan-07,10-Jan-07,HRDT,HIV test,EY Laboratories,"HIV 1/2, InstantChek HIV 1+2 Kit, 100 Tests","HIV 1/2, InstantChek HIV 1+2 Kit",InstantCHEK,N/A,Test kit,100,10,850,85,0.85,"EY Laboratories, USA",Yes,Weight Captured Separately,Invoiced Separately,
64,107-RW-T01,Pre-PQ Process,SCMS-268,ASN-242,Rwanda,PMO - US,Direct Drop,EXW,Air,Pre-PQ Process,12/22/06,27-Feb-07,27-Feb-07,27-Feb-07,ARV,Adult,CIPLA LIMITED,"Lamivudine/Zidovudine 150/300mg, tablets, 60 Tabs",Lamivudine/Zidovudine,Generic,150/300mg,Tablet - FDC,60,10000,99800,9.98,0.17,"Cipla, Goa, India",Yes,7416,64179.42,
65,106-HT-T01,Pre-PQ Process,SCMS-274,ASN-162,Haiti,PMO - US,Direct Drop,EXW,Air,Pre-PQ Process,Date Not Captured,18-Jan-07,18-Jan-07,18-Jan-07,HRDT,HIV test,Abbott GmbH & Co. KG,"HIV 1/2, Determine Complete HIV Kit, 100 Tests","HIV 1/2, Determine Complete HIV Kit",Determine,N/A,Test kit,100,750,60000,80,0.8,ABBVIE GmbH & Co.KG Wiesbaden,Yes,256,1760.32,
68,113-ZW-T01,Pre-PQ Process,SCMS-308,ASN-285,Zimbabwe,PMO - US,Direct Drop,CIP,Air,Pre-PQ Process,1/10/07,19-Mar-07,19-Mar-07,19-Mar-07,ARV,Pediatric,BRISTOL-MYERS SQUIBB,"#102198**Didanosine 200mg [Videx], tablets, 60 Tabs",Didanosine,Videx,200mg,Tablet,60,579,14764.5,25.5,0.42,"BMS Meymac, France",Yes,Weight Captured Separately,Freight Included in Commodity Cost,
69,102-NG-T01,Pre-PQ Process,SCMS-354,ASN-608,Nigeria,PMO - US,Direct Drop,CIP,N/A,Pre-PQ Process,Date Not Captured,7-May-07,7-May-07,7-May-07,HRDT,HIV test,ACCOUN NIGERIA LIMITED,"HIV 1/2, Determine Complete HIV Kit, 100 Tests","HIV 1/2, Determine Complete HIV Kit",Determine,N/A,Test kit,100,1500,120000,80,0.8,ABBVIE GmbH & Co.KG Wiesbaden,Yes,Weight Captured Separately,Freight Included in Commodity Cost,192
80,107-RW-T01,Pre-PQ Process,SCMS-488,ASN-299,Rwanda,PMO - US,Direct Drop,EXW,Air,Pre-PQ Process,Date Not Captured,29-Mar-07,29-Mar-07,29-Mar-07,HRDT,HIV test,Premier Medical Corporation Ltd.,"HIV 1/2/O, First Response HIV 1-2.0, v.3.0 Cards Kit, 30 Tests","HIV 1/2/O, First Response HIV 1-2.0, v.3.0 Cards Kit",First Response,N/A,Test kit,30,2000,33000,16.5,0.55,Premier Med. Corp Ltd. India,Yes,710,3120.7,
87,109-TZ-T01,Pre-PQ Process,SCMS-555,ASN-409,Tanzania,PMO - US,Direct Drop,CIP,Air,Pre-PQ Process,4/12/07,6-Jun-07,6-Jun-07,6-Jun-07,ARV,Pediatric,BRISTOL-MYERS SQUIBB,"Didanosine 2g [Videx], powder for oral solution 10mg/ml, reconstitute to 200 ml",Didanosine,Videx,2g,Powder for oral solution,200,712,8964.08,12.59,0.06,"BMS Meymac, France",Yes,162,912.96,
92,102-NG-T01,Pre-PQ Process,SCMS-592,ASN-485,Nigeria,PMO - US,Direct Drop,EXW,Air,Pre-PQ Process,5/13/07,19-Jun-07,19-Jun-07,19-Jun-07,HRDT,HIV test,Abbott GmbH & Co. KG,"HIV 1/2, Determine Complete HIV Kit, 100 Tests","HIV 1/2, Determine Complete HIV Kit",Determine,N/A,Test kit,100,1000,80000,80,0.8,ABBVIE GmbH & Co.KG Wiesbaden,Yes,341,2682.47,128
96,102-NG-T01,Pre-PQ Process,SCMS-570,ASN-451,Nigeria,PMO - US,Direct Drop,EXW,Air,Pre-PQ Process,5/17/07,19-Jun-07,19-Jun-07,19-Jun-07,HRDT,HIV test,"CHEMBIO DIAGNOSTIC SYSTEMS, INC.","HIV 1/2, Stat-Pak HIV, Kit, 20 Tests","HIV 1/2, Stat-Pak HIV, Kit",Stat-Pak,N/A,Test kit,20,7500,202500,27,1.35,Chembio Diagnostics Sys. Inc.,Yes,2278,15893.71,
108,104-CI-T01,Pre-PQ Process,SCMS-698,ASN-727,Côte d'Ivoire,PMO - US,Direct Drop,CIP,Air,Pre-PQ Process,7/13/07,2-Oct-07,2-Oct-07,2-Oct-07,ARV,Pediatric,BRISTOL-MYERS SQUIBB,"#102198**Didanosine 200mg [Videx], tablets, 60 Tabs",Didanosine,Videx,200mg,Tablet,60,5513,140581.5,25.5,0.42,"BMS Meymac, France",Yes,2126,Freight Included in Commodity Cost,224.93
115,108-VN-T01,Pre-PQ Process,SCMS-753,ASN-781,Vietnam,PMO - US,Direct Drop,EXW,Air,Pre-PQ Process,7/4/07,15-Oct-07,15-Oct-07,15-Oct-07,ARV,Pediatric,Aurobindo Pharma Limited,"Nevirapine 10mg/ml, oral suspension, Bottle, 240 ml",Nevirapine,Generic,10mg/ml,Oral suspension,240,1000,1920,1.92,0.01,"Aurobindo Unit III, India",Yes,941,4193.49,3.07
116,108-VN-T01,Pre-PQ Process,SCMS-759,ASN-632,Vietnam,PMO - US,Direct Drop,FCA,Air,Pre-PQ Process,7/4/07,27-Aug-07,27-Aug-07,27-Aug-07,ARV,Adult,ABBVIE LOGISTICS (FORMERLY ABBOTT LOGISTICS BV),"Lopinavir/Ritonavir 200/50mg [Aluvia], tablets, 120 Tabs",Lopinavir/Ritonavir,Aluvia,200/50mg,Tablet,120,500,41095,82.19,0.68,ABBVIE Ludwigshafen Germany,Yes,117,1767.38,65.75
130,100-HT-T01,Pre-PQ Process,SCMS-10080,ASN-628,Haiti,PMO - US,Direct Drop,EXW,Air,Pre-PQ Process,7/26/07,13-Aug-07,21-Aug-07,21-Aug-07,HRDT,HIV test,"Orgenics, Ltd","HIV 1/2, Determine HIV Kit, without Lancets, 100 Tests","HIV 1/2, Determine HIV Kit, without Lancets",Determine,N/A,Test kit,100,750,53992.5,71.99,0.72,Inverness Japan,Yes,171,3518.38,86.39
134,100-HT-T01,Pre-PQ Process,SCMS-10130,ASN-616,Haiti,PMO - US,Direct Drop,EXW,Air,Pre-PQ Process,7/26/07,25-Aug-07,25-Aug-07,25-Aug-07,HRDT,HIV test,Orasure Technologies Inc.,"HIV 1/2, OraQuick Advance HIV Rapid Antibody Kit, 100 Tests","HIV 1/2, OraQuick Advance HIV Rapid Antibody Kit",OraQuick,N/A,Test kit,100,25,8750,350,3.5,"Pacific Biotech, Thailand",Yes,60,3097.85,14
138,109-TZ-T01,Pre-PQ Process,SCMS-10270,ASN-710,Tanzania,PMO - US,Direct Drop,EXW,Air,Pre-PQ Process,Date Not Captured,16-Oct-07,16-Oct-07,16-Oct-07,HRDT,HIV test,"Standard Diagnostics, Inc.","HIV 1/2, Bioline 3.0 Kit, Lancets, Capillary pipets, Alcohol swabs included, 25 Tests","HIV 1/2, Bioline 3.0 Kit, Lancets, Capillary pipets, Alcohol swabs included",Bioline,N/A,Test kit,25,10000,200000,20,0.8,"Standard Diagnostics, Korea",Yes,3335,27869.74,320
139,109-TZ-T01,Pre-PQ Process,SCMS-10290,ASN-788,Tanzania,PMO - US,Direct Drop,EXW,Air,Pre-PQ Process,Date Not Captured,22-Nov-07,22-Nov-07,22-Nov-07,HRDT,HIV test,"Standard Diagnostics, Inc.","HIV 1/2, Bioline 3.0 Kit, Lancets, Capillary pipets, Alcohol swabs included, 25 Tests","HIV 1/2, Bioline 3.0 Kit, Lancets, Capillary pipets, Alcohol swabs included",Bioline,N/A,Test kit,25,10000,200000,20,0.8,"Standard Diagnostics, Korea",Yes,3335,28461.1,320
140,109-TZ-T01,Pre-PQ Process,SCMS-10300,ASN-856,Tanzania,PMO - US,Direct Drop,EXW,Air,Pre-PQ Process,Date Not Captured,22-Nov-07,22-Nov-07,22-Nov-07,HRDT,HIV test,"Standard Diagnostics, Inc.","HIV 1/2, Bioline 3.0 Kit, Lancets, Capillary pipets, Alcohol swabs included, 25 Tests","HIV 1/2, Bioline 3.0 Kit, Lancets, Capillary pipets, Alcohol swabs included",Bioline,N/A,Test kit,25,10000,200000,20,0.8,"Standard Diagnostics, Korea",Yes,3335,28359.8,320
161,117-ET-T01,Pre-PQ Process,SCMS-11070,ASN-916,Ethiopia,PMO - US,Direct Drop,EXW,Air,Pre-PQ Process,10/3/07,20-Nov-07,20-Nov-07,20-Nov-07,ARV,Adult,Aurobindo Pharma Limited,"Stavudine 30mg, capsules, 60 Caps",Stavudine,Generic,30mg,Capsule,60,64000,99200,1.55,0.03,"Aurobindo Unit III, India",Yes,4228,12237.61,158.72
176,102-NG-T01,Pre-PQ Process,SCMS-11750,ASN-745,Nigeria,PMO - US,Direct Drop,EXW,Air,Pre-PQ Process,8/28/07,3-Oct-07,3-Oct-07,3-Oct-07,HRDT,HIV test,"CHEMBIO DIAGNOSTIC SYSTEMS, INC.","HIV 1/2, Stat-Pak HIV, Kit, 20 Tests","HIV 1/2, Stat-Pak HIV, Kit",Stat-Pak,N/A,Test kit,20,10000,270000,27,1.35,Chembio Diagnostics Sys. Inc.,Yes,3263,20885.78,432
262,116-ZA-T01,Pre-PQ Process,SCMS-14050,ASN-1251,South Africa,PMO - US,Direct Drop,DDP,N/A,Pre-PQ Process,11/12/07,29-Jan-08,29-Jan-08,29-Jan-08,ARV,Pediatric,"JSI R&T INSTITUTE, INC.","Zidovudine 10mg/ml [Retrovir], oral solution, Bottle, 200 ml",Zidovudine,Retrovir,10mg/ml,Oral solution,200,40,317.6,7.94,0.04,GSK Mississauga (Canada),Yes,Weight Captured Separately,Freight Included in Commodity Cost,0.51
269,108-VN-T01,Pre-PQ Process,SCMS-14190,ASN-1192,Vietnam,PMO - US,Direct Drop,EXW,Air,Pre-PQ Process,11/19/07,21-Jan-08,21-Jan-08,21-Jan-08,ARV,Adult,"GILEAD SCIENCES IRELAND, INC.","Tenofovir Disoproxil Fumarate 300mg [Viread], tablets, 30 Tabs",Tenofovir Disoproxil Fumarate,Viread,300mg,Tablet,30,1000,17000,17,0.57,Gilead(Nycomed) Oranienburg DE,Yes,76,2282.57,27.2
270,108-VN-T01,Pre-PQ Process,SCMS-14200,ASN-1171,Vietnam,PMO - US,Direct Drop,EXW,Air,Pre-PQ Process,11/21/07,21-Jan-08,21-Jan-08,21-Jan-08,ARV,Adult,SUN PHARMACEUTICAL INDUSTRIES LTD (RANBAXY LABORATORIES LIMITED),"Zidovudine 300mg, tablets, 60 Tabs",Zidovudine,Generic,300mg,Tablet,60,400,3352,8.38,0.14,"Ranbaxy, Paonta Shahib, India",Yes,23,2149.05,5.36
284,107-RW-T01,Pre-PQ Process,SCMS-14630,ASN-1253,Rwanda,PMO - US,Direct Drop,EXW,Air,Pre-PQ Process,12/10/07,31-Jan-08,31-Jan-08,31-Jan-08,HRDT,HIV test - Ancillary,"Orgenics, Ltd","HIV, Lancet, Safety, for HIV Test kits, 100 Pcs","HIV, Lancet, Safety, for HIV Test kits, 100 Pcs",Generic,N/A,Test kit - Ancillary,100,1500,15,0.01,0,Inverness Japan,Yes,99,0.75,0.02
305,123-NG-T01,Pre-PQ Process,SCMS-15550,ASN-1269,Nigeria,PMO - US,Direct Drop,EXW,Air,Pre-PQ Process,Date Not Captured,5-Feb-08,5-Feb-08,5-Feb-08,HRDT,HIV test - Ancillary,"Orgenics, Ltd","HIV, Lancet, Safety, for HIV Test kits, 100 Pcs","HIV, Lancet, Safety, for HIV Test kits, 100 Pcs",Generic,N/A,Test kit - Ancillary,100,650,6.5,0.01,0,Inverness Japan,Yes,Weight Captured Separately,Invoiced Separately,0.01
343,116-ZA-T01,Pre-PQ Process,SCMS-16600,ASN-1520,South Africa,PMO - US,Direct Drop,DDP,N/A,Pre-PQ Process,1/4/08,21-Jan-08,4-Jan-08,4-Jan-08,ARV,Pediatric,"JSI R&T INSTITUTE, INC.","Stavudine 1mg/ml [Zerit], powder for oral solution, Bottle, 200 ml",Stavudine,Zerit,1mg/ml,Powder for oral solution,200,200,340,1.7,0.01,"BMS Meymac, France",Yes,Weight Captured Separately,Freight Included in Commodity Cost,0.54
361,125-HT-T01,Pre-PQ Process,SCMS-14080,ASN-1318,Haiti,PMO - US,Direct Drop,EXW,Air,Pre-PQ Process,Date Not Captured,18-Feb-08,18-Feb-08,18-Feb-08,HRDT,HIV test,"Trinity Biotech, Plc","HIV 1/2, Capillus HIV Kit, 100 Tests","HIV 1/2, Capillus HIV Kit",Capillus,N/A,Test kit,100,2,278,139,1.39,"Trinity Biotech, Plc",Yes,Weight Captured Separately,Invoiced Separately,0.44
391,104-CI-T01,Pre-PQ Process,SCMS-18290,ASN-1879,Côte d'Ivoire,PMO - US,Direct Drop,EXW,Air,Pre-PQ Process,2/27/08,17-Jun-08,17-Jun-08,17-Jun-08,HRDT,HIV test,BIO-RAD LABORATORIES (FRANCE),"#108853** HIV, Genie II HIV-1/HIV-2 Kit, 40 Tests","HIV, Genie II HIV-1/HIV-2 Kit",Genie,N/A,Test kit,40,476,36176,76,1.9,Bio-Rad Laboratories,Yes,509,5446.51,57.88
392,104-CI-T01,Pre-PQ Process,SCMS-18310,ASN-3435,Côte d'Ivoire,PMO - US,Direct Drop,EXW,Air,Pre-PQ Process,3/3/08,19-Mar-09,19-Mar-09,19-Mar-09,HRDT,HIV test,"Standard Diagnostics, Inc.","HIV 1/2, Bioline 3.0 Kit, Lancets, Capillary pipets, Alcohol swabs included, 25 Tests","HIV 1/2, Bioline 3.0 Kit, Lancets, Capillary pipets, Alcohol swabs included",Bioline,N/A,Test kit,25,659,13180,20,0.8,"Standard Diagnostics, Korea",Yes,206,2656.12,25.83
398,102-GY-T01,Pre-PQ Process,SCMS-18480,ASN-1502,Guyana,PMO - US,Direct Drop,EXW,Air,Pre-PQ Process,2/28/08,9-Apr-08,1-Apr-08,1-Apr-08,HRDT,HIV test - Ancillary,"Orgenics, Ltd","HIV, Lancet, Safety, for HIV Test kits, 100 Pcs","HIV, Lancet, Safety, for HIV Test kits, 100 Pcs",Generic,N/A,Test kit - Ancillary,100,240,2.4,0.01,0,Inverness Japan,Yes,Weight Captured Separately,Invoiced Separately,0
399,102-GY-T01,Pre-PQ Process,SCMS-18500,ASN-2117,Guyana,PMO - US,Direct Drop,EXW,Air,Pre-PQ Process,2/28/08,28-Jul-08,28-Jul-08,28-Jul-08,HRDT,HIV test - Ancillary,"Orgenics, Ltd","HIV, Lancet, Safety, for HIV Test kits, 100 Pcs","HIV, Lancet, Safety, for HIV Test kits, 100 Pcs",Generic,N/A,Test kit - Ancillary,100,213,2.13,0.01,0,Inverness Japan,Yes,14,360,0
400,117-ET-T01,Pre-PQ Process,SCMS-18430,ASN-1465,Ethiopia,PMO - US,Direct Drop,DDP,N/A,Pre-PQ Process,2/29/08,11-Mar-08,11-Mar-08,11-Mar-08,HRDT,HIV test,TURE PHARMACEUTICALS & MEDICAL SUPPLIES P.L.C.,"HIV 1/2, Capillus HIV Kit, 100 Tests","HIV 1/2, Capillus HIV Kit",Capillus,N/A,Test kit,100,63,13399.25,212.69,2.13,"Trinity Biotech, Plc",Yes,Weight Captured Separately,Freight Included in Commodity Cost,21.44
410,113-ZW-T01,Pre-PQ Process,SCMS-18870,ASN-2434,Zimbabwe,PMO - US,Direct Drop,EXW,Air,Pre-PQ Process,3/17/08,17-Nov-08,17-Nov-08,17-Nov-08,HRDT,HIV test,"Orgenics, Ltd","HIV 1/2, Determine HIV Kit, without Lancets, 100 Tests","HIV 1/2, Determine HIV Kit, without Lancets",Determine,N/A,Test kit,100,1634,117631.66,71.99,0.72,Inverness Japan,Yes,373,4112.46,188.21
411,123-NG-T01,Pre-PQ Process,SCMS-18940,ASN-1467,Nigeria,PMO - US,Direct Drop,EXW,Air,Pre-PQ Process,3/13/08,17-Apr-08,17-Apr-08,17-Apr-08,HRDT,HIV test,"CHEMBIO DIAGNOSTIC SYSTEMS, INC.","HIV 1/2, Stat-Pak HIV, Kit, 20 Tests","HIV 1/2, Stat-Pak HIV, Kit",Stat-Pak,N/A,Test kit,20,1425,38475,27,1.35,Chembio Diagnostics Sys. Inc.,Yes,483,5468.88,61.56
414,119-NA-T01,Pre-PQ Process,SCMS-19130,ASN-1798,Namibia,PMO - US,Direct Drop,EXW,Air,Pre-PQ Process,3/18/08,4-Jun-08,4-Jun-08,4-Jun-08,HRDT,HIV test,"Orgenics, Ltd","HIV 1/2, Determine HIV Kit, without Lancets, 100 Tests","HIV 1/2, Determine HIV Kit, without Lancets",Determine,N/A,Test kit,100,142,10222.58,71.99,0.72,Inverness Japan,Yes,33,1715.17,16.36
420,108-VN-T01,Pre-PQ Process,SCMS-19490,ASN-1753,Vietnam,PMO - US,Direct Drop,EXW,Air,Pre-PQ Process,3/31/08,3-Jun-08,3-Jun-08,3-Jun-08,ARV,Adult,MYLAN LABORATORIES LTD (FORMERLY MATRIX LABORATORIES),"Efavirenz 600mg, tablets, 30 Tabs",Efavirenz,Generic,600mg,Tablet,30,8400,96432,11.48,0.38,Mylan (formerly Matrix) Nashik,Yes,654,4051.34,154.29
422,116-ZA-T01,Pre-PQ Process,SCMS-19800,ASN-1665,South Africa,PMO - US,Direct Drop,DDP,Truck,Pre-PQ Process,2/20/08,24-Apr-08,24-Apr-08,24-Apr-08,ARV,Adult,S. BUYS WHOLESALER,"Saquinavir 200mg [Invirase], capsules, 270 Caps",Saquinavir,Invirase,200mg,Capsule,270,6,405.06,67.51,0.25,Roche Basel,Yes,Weight Captured Separately,Freight Included in Commodity Cost,0.65
423,116-ZA-T01,Pre-PQ Process,SCMS-19800,ASN-1665,South Africa,PMO - US,Direct Drop,DDP,Truck,Pre-PQ Process,2/20/08,24-Apr-08,24-Apr-08,24-Apr-08,ARV,Pediatric,S. BUYS WHOLESALER,"Stavudine 1mg/ml [Zerit], powder for oral solution, Bottle, 200 ml",Stavudine,Zerit,1mg/ml,Powder for oral solution,200,600,870,1.45,0.01,"BMS Meymac, France",No,Weight Captured Separately,Freight Included in Commodity Cost,1.39
438,108-VN-T01,Pre-PQ Process,SCMS-20310,ASN-1923,Vietnam,PMO - US,Direct Drop,CIP,Air,Pre-PQ Process,3/31/08,12-Jul-08,12-Jul-08,12-Jul-08,ARV,Pediatric,BRISTOL-MYERS SQUIBB,"Didanosine 25mg [Videx], chewable tablets, 60 Tabs",Didanosine,Videx,25mg,Chewable/dispersible tablet,60,400,2800,7,0.12,"BMS Meymac, France",Yes,81,2211.05,4.48
459,116-ZA-T01,Pre-PQ Process,SCMS-21460,ASN-1667,South Africa,PMO - US,Direct Drop,DDP,N/A,Pre-PQ Process,4/4/08,25-Apr-08,7-Apr-08,7-Apr-08,ARV,Pediatric,S. BUYS WHOLESALER,"Didanosine 25mg [Videx], chewable tablets, 60 Tabs",Didanosine,Videx,25mg,Chewable/dispersible tablet,60,6,77.1,12.85,0.21,"BMS Meymac, France",Yes,Weight Captured Separately,Freight Included in Commodity Cost,0.12
464,102-NG-T01,Pre-PQ Process,SCMS-21540,ASN-2008,Nigeria,PMO - US,Direct Drop,EXW,Air,Pre-PQ Process,Date Not Captured,9-Jul-08,9-Jul-08,9-Jul-08,HRDT,HIV test,"Orgenics, Ltd","HIV 1/2, Determine HIV Kit, without Lancets, 100 Tests","HIV 1/2, Determine HIV Kit, without Lancets",Determine,N/A,Test kit,100,5498,439785.02,79.99,0.8,Inverness Japan,Yes,1251,16090.22,703.66
465,102-NG-T01,Pre-PQ Process,SCMS-21540,ASN-2011,Nigeria,PMO - US,Direct Drop,EXW,Air,Pre-PQ Process,Date Not Captured,9-Jul-08,4-Jul-08,4-Jul-08,HRDT,HIV test - Ancillary,"Orgenics, Ltd","HIV, Lancet, Safety, for HIV Test kits, 100 Pcs","HIV, Lancet, Safety, for HIV Test kits, 100 Pcs",Generic,N/A,Test kit - Ancillary,100,5498,54.98,0.01,0,Inverness Japan,Yes,Weight Captured Separately,Invoiced Separately,0.09
466,117-ET-T01,Pre-PQ Process,SCMS-21550,ASN-1741,Ethiopia,PMO - US,Direct Drop,DDP,Air,Pre-PQ Process,Date Not Captured,9-May-08,9-May-08,9-May-08,HRDT,HIV test,TURE PHARMACEUTICALS & MEDICAL SUPPLIES P.L.C.,"HIV 1/2, Uni-Gold HIV Kit, 20 Tests","HIV 1/2, Uni-Gold HIV Kit",Uni-Gold,N/A,Test kit,20,15,691.42,46.09,2.3,"Trinity Biotech, Plc",Yes,Weight Captured Separately,Freight Included in Commodity Cost,1.11
530,108-VN-T01,Pre-PQ Process,SCMS-23450,ASN-2336,Vietnam,PMO - US,Direct Drop,EXW,Air,Pre-PQ Process,5/14/08,19-Sep-08,19-Sep-08,19-Sep-08,ARV,Adult,MYLAN LABORATORIES LTD (FORMERLY MATRIX LABORATORIES),"Tenofovir Disoproxil Fumarate 300mg, tablets, 30 Tabs",Tenofovir Disoproxil Fumarate,Generic,300mg,Tablet,30,1344,18359.04,13.66,0.46,Mylan (formerly Matrix) Nashik,Yes,1537,13507.92,29.37
531,116-ZA-T01,Pre-PQ Process,SCMS-23500,ASN-2783,South Africa,PMO - US,Direct Drop,DDP,Truck,Pre-PQ Process,Date Not Captured,20-Aug-08,20-Aug-08,20-Aug-08,ARV,Adult,S. BUYS WHOLESALER,"Stavudine 20mg [Zerit], capsules, 60 Caps",Stavudine,Zerit,20mg,Capsule,60,20,103.4,5.17,0.09,"BMS Meymac, France",Yes,Weight Captured Separately,Freight Included in Commodity Cost,0.2
532,116-ZA-T01,Pre-PQ Process,SCMS-23500,ASN-2293,South Africa,PMO - US,Direct Drop,DDP,Truck,Pre-PQ Process,Date Not Captured,20-Aug-08,8-May-08,8-May-08,ARV,Adult,S. BUYS WHOLESALER,"Didanosine EC 250mg [Videx EC], delayed-release capsules, Blister 3 x 10 Caps",Didanosine EC,Videx EC,250mg,Delayed-release capsules - blister,30,100,1906,19.06,0.64,"BMS Meymac, France",Yes,Weight Captured Separately,Freight Included in Commodity Cost,3.05
533,116-ZA-T01,Pre-PQ Process,SCMS-23500,ASN-2293,South Africa,PMO - US,Direct Drop,DDP,Truck,Pre-PQ Process,Date Not Captured,20-Aug-08,8-May-08,8-May-08,ARV,Pediatric,S. BUYS WHOLESALER,"Stavudine 1mg/ml [Zerit], powder for oral solution, Bottle, 200 ml",Stavudine,Zerit,1mg/ml,Powder for oral solution,200,670,1025.1,1.53,0.01,"BMS Meymac, France",No,Weight Captured Separately,Freight Included in Commodity Cost,1.64
535,109-TZ-T01,Pre-PQ Process,SCMS-23610,ASN-2167,Tanzania,PMO - US,Direct Drop,CIP,Air,Pre-PQ Process,5/15/08,2-Sep-08,2-Sep-08,2-Sep-08,ARV,Adult,BRISTOL-MYERS SQUIBB,"Didanosine EC 400mg [Videx EC], delayed-release capsules, Blister 3 x 10 Caps",Didanosine EC,Videx EC,400mg,Delayed-release capsules - blister,30,2597,61470.99,23.67,0.79,"BMS Meymac, France",Yes,117,645.1,98.35
543,106-HT-T01,Pre-PQ Process,SCMS-23840,ASN-2504,Haiti,PMO - US,Direct Drop,EXW,Air,Pre-PQ Process,5/20/08,30-Sep-08,30-Sep-08,30-Sep-08,HRDT,HIV test,Orasure Technologies Inc.,"HIV 1/2, OraQuick Advance HIV Rapid Antibody Kit, 100 Tests","HIV 1/2, OraQuick Advance HIV Rapid Antibody Kit",OraQuick,N/A,Test kit,100,28,9800,350,3.5,"Pacific Biotech, Thailand",Yes,109,782.13,15.68
551,106-HT-T01,Pre-PQ Process,SCMS-24020,ASN-2865,Haiti,PMO - US,Direct Drop,EXW,Air,Pre-PQ Process,5/23/08,24-Nov-08,24-Nov-08,24-Nov-08,HRDT,HIV test,"Trinity Biotech, Plc","HIV 1/2, Capillus HIV Kit, 100 Tests","HIV 1/2, Capillus HIV Kit",Capillus,N/A,Test kit,100,84,11676,139,1.39,"Trinity Biotech, Plc",Yes,54,871.57,22.88
598,116-ZA-T01,Pre-PQ Process,SCMS-25540,ASN-2295,South Africa,PMO - US,Direct Drop,DDP,Truck,Pre-PQ Process,Date Not Captured,12-Jun-08,9-Jun-08,9-Jun-08,ARV,Adult,S. BUYS WHOLESALER,"Abacavir 300mg [Ziagen], tablets, Blister 6 x 10 Tabs",Abacavir,Ziagen,300mg,Tablet - blister,60,30,1049.4,34.98,0.58,GSK Ware (UK),Yes,Weight Captured Separately,Freight Included in Commodity Cost,1.68
610,108-VN-T01,Pre-PQ Process,SCMS-26180,ASN-2274,Vietnam,PMO - US,Direct Drop,EXW,Air,Pre-PQ Process,7/1/08,19-Sep-08,19-Sep-08,19-Sep-08,ARV,Adult,Aurobindo Pharma Limited,"Lamivudine 150mg, tablets, 60 Tabs",Lamivudine,Generic,150mg,Tablet,60,38640,92736,2.4,0.04,"Aurobindo Unit III, India",Yes,2719,18614.72,148.38
630,112-NG-T01,Pre-PQ Process,SCMS-26560,ASN-2366,Nigeria,PMO - US,Direct Drop,EXW,Air,Pre-PQ Process,7/2/08,25-Feb-09,9-Sep-08,9-Sep-08,ACT,ACT,IDA FOUNDATION,"Artemether/Lumefantrine 20/120mg [Coartem], scored tablets, Blister 30 x 18 Tabs",Artemether/Lumefantrine,Coartem,20/120mg,Tablet - FDC + blister,540,34,1547.68,45.52,0.08,"Novartis Pharma AG, Switzerland",Yes,115,1755.87,2.48
637,108-VN-T01,Pre-PQ Process,SCMS-26200,ASN-2563,Vietnam,PMO - US,Direct Drop,EXW,Air,Pre-PQ Process,7/3/08,8-Oct-08,8-Oct-08,8-Oct-08,ARV,Adult,Aurobindo Pharma Limited,"Stavudine 30mg, capsules, 60 Caps",Stavudine,Generic,30mg,Capsule,60,42000,60900,1.45,0.02,"Aurobindo Unit III, India",Yes,2600,10179.16,97.44
646,116-ZA-T01,Pre-PQ Process,SCMS-26820,ASN-2488,South Africa,PMO - US,Direct Drop,DDP,Truck,Pre-PQ Process,Date Not Captured,10-Jul-08,8-Jul-08,8-Jul-08,ARV,Pediatric,S. BUYS WHOLESALER,"Nevirapine 10mg/ml [Viramune], oral suspension, Bottle, 240 ml",Nevirapine,Viramune,10mg/ml,Oral suspension,240,50,696.5,13.93,0.06,"BI, Ingelheim, Germany",Yes,Weight Captured Separately,Freight Included in Commodity Cost,1.11
660,108-VN-T01,Pre-PQ Process,SCMS-27360,ASN-2767,Vietnam,PMO - US,Direct Drop,EXW,Air,Pre-PQ Process,7/24/08,27-Nov-08,27-Nov-08,27-Nov-08,ARV,Adult,MYLAN LABORATORIES LTD (FORMERLY MATRIX LABORATORIES),"Efavirenz 600mg, tablets, 30 Tabs",Efavirenz,Generic,600mg,Tablet,30,16800,171192,10.19,0.34,Mylan (formerly Matrix) Nashik,Yes,1224,4686.88,335.54
668,102-GY-T01,Pre-PQ Process,SCMS-27670,ASN-2255,Guyana,PMO - US,Direct Drop,CIP,Air,Pre-PQ Process,7/25/08,15-Aug-08,15-Aug-08,15-Aug-08,MRDT,Malaria,ZEPHYR BIOMEDICALS,"Malaria Paramax-3 Kit, 25 Tests",Malaria Paramax-3 Kit,Paramax,N/A,Test kit,25,98,3675,37.5,1.5,Not Applicable,Yes,34,180,5.88
670,110-ZM-T01,Pre-PQ Process,SCMS-27790,ASN-2641,Zambia,PMO - US,Direct Drop,EXW,Air,Pre-PQ Process,7/31/08,20-Oct-08,20-Oct-08,20-Oct-08,HRDT,HIV test,"Orgenics, Ltd","HIV 1/2, Determine HIV Kit, without Lancets, 100 Tests","HIV 1/2, Determine HIV Kit, without Lancets",Determine,N/A,Test kit,100,4500,323955,71.99,0.72,Inverness Japan,Yes,1053,11062.05,634.95
712,119-NA-T01,Pre-PQ Process,SCMS-28840,ASN-2450,Namibia,PMO - US,Direct Drop,EXW,Air,Pre-PQ Process,8/26/08,18-Sep-08,18-Sep-08,18-Sep-08,HRDT,HIV test,"Trinity Biotech, Plc","HIV 1/2, Uni-Gold HIV Kit, 20 Tests","HIV 1/2, Uni-Gold HIV Kit",Uni-Gold,N/A,Test kit,20,10,320,32,1.6,"Trinity Biotech, Plc",Yes,Weight Captured Separately,Invoiced Separately,0.51
717,104-CI-T01,Pre-PQ Process,SCMS-29140,ASN-2472,Côte d'Ivoire,PMO - US,Direct Drop,EXW,Air,Pre-PQ Process,8/27/08,2-Oct-08,2-Oct-08,2-Oct-08,HRDT,HIV test,BIO-RAD LABORATORIES (FRANCE),"#108853** HIV, Genie II HIV-1/HIV-2 Kit, 40 Tests","HIV, Genie II HIV-1/HIV-2 Kit",Genie,N/A,Test kit,40,500,38000,76,1.9,Bio-Rad Laboratories,Yes,562,11298.13,60.8
719,104-CI-T01,Pre-PQ Process,SCMS-29340,ASN-2921,Côte d'Ivoire,PMO - US,Direct Drop,EXW,Air,Pre-PQ Process,9/3/08,23-Jan-09,23-Jan-09,23-Jan-09,ACT,ACT,IDA FOUNDATION,"Artesunate+Amodiaquine 50+153mg, tablets, co-blister 6+6 Tabs",Artesunate+Amodiaquine,Generic,50+153mg,Tablet - FDC + co-blister,12,25000,9750,0.39,0.03,Ipca Dadra/Nagar Haveli IN,Yes,1708,12830.91,19.11
772,131-NG-T01,Pre-PQ Process,SCMS-30502,ASN-3653,Nigeria,PMO - US,Direct Drop,CIP,Air,Pre-PQ Process,3/6/09,10-Mar-09,8-Apr-09,8-Apr-09,ARV,Adult,MERCK SHARP & DOHME IDEA GMBH (FORMALLY MERCK SHARP & DOHME B.V.),"Efavirenz/Emtricitabine/Tenofovir Disoproxil Fumarate 600/200/300mg [Atripla], tablets, 30 Tabs",Efavirenz/Emtricitabine/Tenofovir Disoproxil Fumarate,Atripla,600/200/300mg,Tablet - FDC,30,9,453.6,50.4,1.68,"MSD, Haarlem, NL",Yes,Weight Captured Separately,Freight Included in Commodity Cost,0.89
791,119-NA-T01,Pre-PQ Process,SCMS-31180,ASN-2717,Namibia,PMO - US,Direct Drop,EXW,Air,Pre-PQ Process,9/24/08,29-Oct-08,29-Oct-08,29-Oct-08,HRDT,HIV test,"Orgenics, Ltd","HIV 1/2, Determine HIV Kit, without Lancets, 100 Tests","HIV 1/2, Determine HIV Kit, without Lancets",Determine,N/A,Test kit,100,150,10798.5,71.99,0.72,Inverness Japan,Yes,46,2698.04,21.17
796,102-BW-T01,Pre-PQ Process,SCMS-31370,ASN-2796,Botswana,PMO - US,Direct Drop,EXW,Air,Pre-PQ Process,10/2/08,28-Nov-08,28-Nov-08,28-Nov-08,HRDT,HIV test - Ancillary,"Trinity Biotech, Plc","#109436**HIV 1, Uni-Gold Recombigen HIV Control, Vial 2 x 0.5 ml","HIV 1, Uni-Gold Recombigen HIV Control, Vial 2 x 0.5 ml",Uni-Gold,N/A,Test kit - Ancillary,2,15,450,30,15,"Trinity Biotech, Plc",Yes,1,578.01,0.88
797,110-ZM-T01,Pre-PQ Process,SCMS-31380,ASN-3172,Zambia,PMO - US,Direct Drop,EXW,Air,Pre-PQ Process,10/2/08,23-Jan-09,23-Jan-09,23-Jan-09,HRDT,HIV test,"Standard Diagnostics, Inc.","HIV 1/2, Bioline 3.0 Kit, Lancets, Capillary pipets, Alcohol swabs included, 25 Tests","HIV 1/2, Bioline 3.0 Kit, Lancets, Capillary pipets, Alcohol swabs included",Bioline,N/A,Test kit,25,319,6380,20,0.8,"Standard Diagnostics, Korea",Yes,100,1122.24,12.5
835,116-ZA-T01,Pre-PQ Process,SCMS-33320,ASN-3553,South Africa,PMO - US,Direct Drop,DDP,Truck,Pre-PQ Process,Date Not Captured,17-May-09,9-Oct-08,9-Oct-08,ARV,Adult,S. BUYS WHOLESALER,"Tenofovir Disoproxil Fumarate 300mg [Viread], tablets, 30 Tabs",Tenofovir Disoproxil Fumarate,Viread,300mg,Tablet,30,80,1830.4,22.88,0.76,"Aspen-OSD, Port Elizabeth, SA",Yes,Weight Captured Separately,Freight Included in Commodity Cost,3.59
836,116-ZA-T01,Pre-PQ Process,SCMS-33320,ASN-3892,South Africa,PMO - US,Direct Drop,DDP,Truck,Pre-PQ Process,Date Not Captured,17-May-09,17-May-09,17-May-09,ARV,Adult,S. BUYS WHOLESALER,"Tenofovir Disoproxil Fumarate 300mg [Viread], tablets, 30 Tabs",Tenofovir Disoproxil Fumarate,Viread,300mg,Tablet,30,120,2745.6,22.88,0.76,"Aspen-OSD, Port Elizabeth, SA",Yes,Weight Captured Separately,Freight Included in Commodity Cost,5.38
837,116-ZA-T01,Pre-PQ Process,SCMS-33320,ASN-3553,South Africa,PMO - US,Direct Drop,DDP,Truck,Pre-PQ Process,Date Not Captured,17-May-09,9-Oct-08,9-Oct-08,ARV,Pediatric,S. BUYS WHOLESALER,"Stavudine 1mg/ml [Zerit], powder for oral solution, Bottle, 200 ml",Stavudine,Zerit,1mg/ml,Powder for oral solution,200,600,858,1.43,0.01,"BMS Meymac, France",No,Weight Captured Separately,Freight Included in Commodity Cost,1.68
838,116-ZA-T01,Pre-PQ Process,SCMS-33320,ASN-3553,South Africa,PMO - US,Direct Drop,DDP,Truck,Pre-PQ Process,Date Not Captured,17-May-09,9-Oct-08,9-Oct-08,ARV,Pediatric,S. BUYS WHOLESALER,"Didanosine 100mg [Videx],chewable tablets, 60 Tabs",Didanosine,Videx,100mg,Chewable/dispersible tablet,60,7,91.35,13.05,0.22,"BMS Meymac, France",No,Weight Captured Separately,Freight Included in Commodity Cost,0.18
839,116-ZA-T01,Pre-PQ Process,SCMS-33320,ASN-3553,South Africa,PMO - US,Direct Drop,DDP,Truck,Pre-PQ Process,Date Not Captured,17-May-09,9-Oct-08,9-Oct-08,ARV,Pediatric,S. BUYS WHOLESALER,"Lopinavir/Ritonavir 80/20mg/ml [Kaletra], oral solution, cool, Bottle 5 x 60 ml",Lopinavir/Ritonavir,Kaletra,80/20mg/ml,Oral solution,300,40,1375.6,34.39,0.11,ABBVIE (Abbott) Logis. UK,No,Weight Captured Separately,Freight Included in Commodity Cost,2.7
849,102-GY-T01,Pre-PQ Process,SCMS-33930,ASN-3209,Guyana,PMO - US,Direct Drop,CIP,Air,Pre-PQ Process,11/19/08,6-Feb-09,6-Feb-09,6-Feb-09,MRDT,Malaria,ZEPHYR BIOMEDICALS,"Malaria Paramax-3 Kit, 25 Tests",Malaria Paramax-3 Kit,Paramax,N/A,Test kit,25,108,4050,37.5,1.5,Not Applicable,Yes,Weight Captured Separately,Freight Included in Commodity Cost,7.94
858,109-TZ-T01,Pre-PQ Process,SCMS-34680,ASN-3332,Tanzania,PMO - US,Direct Drop,CIP,Air,Pre-PQ Process,12/19/08,21-Apr-09,21-Apr-09,21-Apr-09,ARV,Adult,MERCK SHARP & DOHME IDEA GMBH (FORMALLY MERCK SHARP & DOHME B.V.),"Efavirenz/Emtricitabine/Tenofovir Disoproxil Fumarate 600/200/300mg [Atripla], tablets, 30 Tabs",Efavirenz/Emtricitabine/Tenofovir Disoproxil Fumarate,Atripla,600/200/300mg,Tablet - FDC,30,50000,2520000,50.4,1.68,"MSD, Haarlem, NL",Yes,4093,9339,4939.2
914,104-CI-T01,Pre-PQ Process,SCMS-35790,ASN-3242,Côte d'Ivoire,PMO - US,Direct Drop,EXW,Air,Pre-PQ Process,12/19/08,2-Mar-09,2-Mar-09,2-Mar-09,ANTM,Malaria,IDA FOUNDATION,"Quinine 600mg/2ml (as dihydrochloride), injection, 2ml x 100 Ampules",Quinine (as dihydrochloride),Generic,600mg/2ml,Injection,100,140,2731.4,19.51,0.2,Gland Pharma Ltd Pally Factory,Yes,5209,25405.22,5.35
937,111-MZ-T01,Pre-PQ Process,SCMS-36660,ASN-3509,Mozambique,PMO - US,Direct Drop,EXW,Air,Pre-PQ Process,1/5/09,23-Mar-09,23-Mar-09,23-Mar-09,HRDT,HIV test,"Trinity Biotech, Plc","HIV 1/2, Uni-Gold HIV Kit, 20 Tests","HIV 1/2, Uni-Gold HIV Kit",Uni-Gold,N/A,Test kit,20,5700,182400,32,1.6,"Trinity Biotech, Plc",Yes,1906,23914.8,357.5
960,108-VN-T01,Pre-PQ Process,SCMS-37170,ASN-3562,Vietnam,PMO - US,Direct Drop,EXW,Air,Pre-PQ Process,1/16/09,10-Apr-09,10-Apr-09,10-Apr-09,ARV,Adult,Aurobindo Pharma Limited,"Lamivudine/Zidovudine 150/300mg, tablets, 60 Tabs",Lamivudine/Zidovudine,Generic,150/300mg,Tablet - FDC,60,5964,51350.04,8.61,0.14,"Aurobindo Unit III, India",Yes,3509,12835.2,100.65
961,108-VN-T01,Pre-PQ Process,SCMS-37170,ASN-3562,Vietnam,PMO - US,Direct Drop,EXW,Air,Pre-PQ Process,1/16/09,10-Apr-09,10-Apr-09,10-Apr-09,ARV,Adult,Aurobindo Pharma Limited,"Lamivudine 150mg, tablets, 60 Tabs",Lamivudine,Generic,150mg,Tablet,60,21000,50400,2.4,0.04,"Aurobindo Unit III, India",No,See ASN-3562 (ID#:960),See ASN-3562 (ID#:960),98.78
962,108-VN-T01,Pre-PQ Process,SCMS-37180,ASN-3521,Vietnam,PMO - US,Direct Drop,EXW,Air,Pre-PQ Process,1/16/09,23-Mar-09,23-Mar-09,23-Mar-09,ARV,Adult,CIPLA LIMITED,"Lamivudine/Nevirapine/Stavudine 150/200/30mg, tablets, 60 Tabs",Lamivudine/Nevirapine/Stavudine,Generic,150/200/30mg,Tablet - FDC,60,10560,72864,6.9,0.12,"Cipla, Goa, India",Yes,924,4225.93,142.81
979,108-VN-T01,Pre-PQ Process,SCMS-31721,ASN-3454,Vietnam,PMO - US,Direct Drop,EXW,Air,Pre-PQ Process,10/21/08,16-Mar-09,16-Mar-09,16-Mar-09,ARV,Adult,Aurobindo Pharma Limited,"Lamivudine/Zidovudine 150/300mg, tablets, 60 Tabs",Lamivudine/Zidovudine,Generic,150/300mg,Tablet - FDC,60,2352,20250.72,8.61,0.14,"Aurobindo Unit III, India",Yes,211,892.5,39.69
985,109-TZ-T01,Pre-PQ Process,SCMS-38370,ASN-3751,Tanzania,PMO - US,Direct Drop,FCA,Air,Pre-PQ Process,2/5/09,28-May-09,28-May-09,28-May-09,ARV,Pediatric,ABBVIE LOGISTICS (FORMERLY ABBOTT LOGISTICS BV),"Lopinavir/Ritonavir 80/20mg/ml [Kaletra], oral solution, cool, Bottle 5 x 60 ml",Lopinavir/Ritonavir,Kaletra,80/20mg/ml,Oral solution,300,524,21536.4,41.1,0.14,ABBVIE (Abbott) Logis. UK,Yes,644,6668.61,42.21
986,109-TZ-T01,Pre-PQ Process,SCMS-38380,ASN-3627,Tanzania,PMO - US,Direct Drop,FCA,Air,Pre-PQ Process,2/5/09,4-May-09,4-May-09,4-May-09,ARV,Pediatric,ABBVIE LOGISTICS (FORMERLY ABBOTT LOGISTICS BV),"Lopinavir/Ritonavir 100/25mg [Aluvia], tablets, 60 Tabs",Lopinavir/Ritonavir,Generic,100/25mg,Tablet,60,2094,21526.32,10.28,0.17,ABBVIE Ludwigshafen Germany,Yes,237,Freight Included in Commodity Cost,42.19
993,107-RW-T01,Pre-PQ Process,SCMS-38660,ASN-3710,Rwanda,PMO - US,Direct Drop,EXW,Air,Pre-PQ Process,2/18/09,28-Apr-09,28-Apr-09,28-Apr-09,HRDT,HIV test,Premier Medical Corporation Ltd.,"HIV 1/2/O, First Response HIV 1-2.0, v.3.0 Cards Kit, 30 Tests","HIV 1/2/O, First Response HIV 1-2.0, v.3.0 Cards Kit",First Response,N/A,Test kit,30,8249,185602.5,22.5,0.75,Premier Med. Corp Ltd. India,Yes,2800,12595.81,363.78
1037,123-NG-T01,Pre-PQ Process,SCMS-39640,ASN-4747,Nigeria,PMO - US,Direct Drop,CIP,Air,Pre-PQ Process,3/4/09,30-Sep-09,30-Sep-09,30-Sep-09,ARV,Adult,BRISTOL-MYERS SQUIBB,"Didanosine EC 400mg [Videx EC], delayed-release capsules, Blister 3 x 10 Caps",Didanosine EC,Videx EC,400mg,Delayed-release capsules - blister,30,200,4734,23.67,0.79,"BMS Meymac, France",Yes,11,463,9.28
1046,106-HT-T01,Pre-PQ Process,SCMS-40000,ASN-3675,Haiti,PMO - US,Direct Drop,CIP,Air,Pre-PQ Process,3/6/09,31-Mar-09,31-Mar-09,31-Mar-09,ARV,Pediatric,BRISTOL-MYERS SQUIBB,"Didanosine 50mg [Videx], chewable tablets, 60 Tabs",Didanosine,Videx,50mg,Chewable/dispersible tablet,60,80,760,9.5,0.16,"BMS Meymac, France",Yes,43,260,1.49
1047,106-HT-T01,Pre-PQ Process,SCMS-40000,ASN-3675,Haiti,PMO - US,Direct Drop,CIP,Air,Pre-PQ Process,3/6/09,31-Mar-09,31-Mar-09,31-Mar-09,ARV,Pediatric,BRISTOL-MYERS SQUIBB,"Didanosine 2g [Videx], powder for oral solution 10mg/ml, reconstitute to 200 ml",Didanosine,Videx,2g,Powder for oral solution,200,32,402.88,12.59,0.06,"BMS Meymac, France",No,See ASN-3675 (ID#:1046),See ASN-3675 (ID#:1046),0.79
1048,106-HT-T01,Pre-PQ Process,SCMS-40030,ASN-3750,Haiti,PMO - US,Direct Drop,FCA,Air,Pre-PQ Process,3/6/09,15-Apr-09,15-Apr-09,15-Apr-09,ARV,Pediatric,ABBVIE LOGISTICS (FORMERLY ABBOTT LOGISTICS BV),"Lopinavir/Ritonavir 100/25mg [Aluvia], tablets, 60 Tabs",Lopinavir/Ritonavir,Generic,100/25mg,Tablet,60,46,472.88,10.28,0.17,ABBVIE Ludwigshafen Germany,Yes,10,893.22,0.93
1063,116-ZA-T01,Pre-PQ Process,SCMS-40810,ASN-3634,South Africa,PMO - US,Direct Drop,DDP,Air,Pre-PQ Process,Date Not Captured,31-Mar-09,2-Dec-08,2-Dec-08,ARV,Adult,S. BUYS WHOLESALER,"Efavirenz 600mg, tablets, 30 Tabs",Efavirenz,Generic,600mg,Tablet,30,3025,47522.75,15.71,0.52,"Aurobindo Unit III, India",Yes,Weight Captured Separately,Freight Included in Commodity Cost,93.14
1065,116-ZA-T01,Pre-PQ Process,SCMS-41040,ASN-3623,South Africa,PMO - US,Direct Drop,DDP,Air,Pre-PQ Process,Date Not Captured,7-Apr-09,3-Dec-08,3-Dec-08,ARV,Adult,S. BUYS WHOLESALER,"Efavirenz 600mg, tablets, 30 Tabs",Efavirenz,Generic,600mg,Tablet,30,3500,49840,14.24,0.47,"Cipla, Goa, India",Yes,Weight Captured Separately,Freight Included in Commodity Cost,97.69
1066,116-ZA-T01,Pre-PQ Process,SCMS-41040,ASN-3623,South Africa,PMO - US,Direct Drop,DDP,Air,Pre-PQ Process,Date Not Captured,7-Apr-09,3-Dec-08,3-Dec-08,ARV,Pediatric,S. BUYS WHOLESALER,"Zidovudine 10mg/ml, oral solution, Bottle, 240 ml",Zidovudine,Generic,10mg/ml,Oral solution,240,1008,3588.48,3.56,0.01,"Aurobindo Unit III, India",No,Weight Captured Separately,Freight Included in Commodity Cost,7.03
1067,116-ZA-T01,Pre-PQ Process,SCMS-41060,ASN-3624,South Africa,PMO - US,Direct Drop,DDP,Air,Pre-PQ Process,Date Not Captured,5-May-09,23-Dec-08,23-Dec-08,ARV,Pediatric,S. BUYS WHOLESALER,"Stavudine 1mg/ml [Zerit], powder for oral solution, Bottle, 200 ml",Stavudine,Zerit,1mg/ml,Powder for oral solution,200,960,1152,1.2,0.01,"BMS Meymac, France",Yes,Weight Captured Separately,Freight Included in Commodity Cost,2.26
1068,116-ZA-T01,Pre-PQ Process,SCMS-41070,ASN-3625,South Africa,PMO - US,Direct Drop,DDP,Air,Pre-PQ Process,Date Not Captured,12-May-09,30-Dec-08,30-Dec-08,ARV,Pediatric,S. BUYS WHOLESALER,"Lamivudine 10mg/ml [Epivir], oral solution, Bottle, 240 ml",Lamivudine,Epivir,10mg/ml,Oral solution,240,1800,10512,5.84,0.02,GSK Mississauga (Canada),Yes,Weight Captured Separately,Freight Included in Commodity Cost,20.6
1070,116-ZA-T01,Pre-PQ Process,SCMS-41140,ASN-3752,South Africa,PMO - US,Direct Drop,DDP,Air,Pre-PQ Process,Date Not Captured,31-Mar-09,21-Nov-08,21-Nov-08,ARV,Adult,S. BUYS WHOLESALER,"Stavudine 30mg, capsules, 60 Caps",Stavudine,Generic,30mg,Capsule,60,1200,3384,2.82,0.05,"Aurobindo Unit III, India",Yes,Weight Captured Separately,Freight Included in Commodity Cost,6.63
1077,116-ZA-T01,Pre-PQ Process,SCMS-41462,ASN-4361,South Africa,PMO - US,Direct Drop,DDP,Air,Pre-PQ Process,3/18/09,25-Jun-09,21-Apr-09,21-Apr-09,ARV,Pediatric,S. BUYS WHOLESALER,"Lamivudine 10mg/ml, oral solution, Bottle, 240 ml",Lamivudine,Generic,10mg/ml,Oral solution,240,346,1954.9,5.65,0.02,"Aurobindo Unit III, India",Yes,Weight Captured Separately,Freight Included in Commodity Cost,3.83
1078,116-ZA-T01,Pre-PQ Process,SCMS-41460,ASN-4502,South Africa,PMO - US,Direct Drop,DDP,Truck,Pre-PQ Process,3/18/09,25-Jun-09,5-Jun-09,5-Jun-09,ARV,Pediatric,S. BUYS WHOLESALER,"Efavirenz 50mg, capsule, 30 Caps",Efavirenz,Generic,50mg,Capsule,30,5300,16642,3.14,0.1,"Aurobindo Unit III, India",Yes,Weight Captured Separately,Freight Included in Commodity Cost,32.62
1079,116-ZA-T01,Pre-PQ Process,SCMS-41464,ASN-4634,South Africa,PMO - US,Direct Drop,DDP,Air,Pre-PQ Process,3/18/09,25-Jun-09,17-Jun-09,17-Jun-09,ARV,Pediatric,S. BUYS WHOLESALER,"Lamivudine 10mg/ml, oral solution, Bottle, 240 ml",Lamivudine,Generic,10mg/ml,Oral solution,240,342,1932.3,5.65,0.02,"Aurobindo Unit III, India",Yes,Weight Captured Separately,Freight Included in Commodity Cost,3.79
1080,116-ZA-T01,Pre-PQ Process,SCMS-41480,ASN-5055,South Africa,PMO - US,Direct Drop,DDP,Truck,Pre-PQ Process,6/15/09,19-Aug-09,19-Aug-09,19-Aug-09,ARV,Adult,S. BUYS WHOLESALER,"Stavudine 15mg [Zerit], capsules, 60 Caps",Stavudine,Zerit,15mg,Capsule,60,2700,10665,3.95,0.07,"BMS Meymac, France",Yes,Weight Captured Separately,Freight Included in Commodity Cost,20.9
1084,116-ZA-T01,Pre-PQ Process,SCMS-41581,ASN-4196,South Africa,PMO - US,Direct Drop,DDP,Air,Pre-PQ Process,3/27/09,25-Jun-09,14-Apr-09,14-Apr-09,ARV,Adult,S. BUYS WHOLESALER,"Lopinavir/Ritonavir 200/50mg [Aluvia], tablets, 120 Tabs",Lopinavir/Ritonavir,Aluvia,200/50mg,Tablet,120,3735,134385.3,35.98,0.3,ABBVIE Ludwigshafen Germany,Yes,Weight Captured Separately,Freight Included in Commodity Cost,263.4
1085,116-ZA-T01,Pre-PQ Process,SCMS-41589,ASN-4358,South Africa,PMO - US,Direct Drop,DDP,Air,Pre-PQ Process,3/27/09,25-Jun-09,29-Apr-09,29-Apr-09,ARV,Adult,S. BUYS WHOLESALER,"Zidovudine 300mg [Retrovir], tablets, 60 Tabs",Zidovudine,Retrovir,300mg,Tablet,60,6000,80640,13.44,0.22,GSK Aranda,Yes,Weight Captured Separately,Freight Included in Commodity Cost,158.05
1086,116-ZA-T01,Pre-PQ Process,SCMS-41584,ASN-4385,South Africa,PMO - US,Direct Drop,DDP,Air,Pre-PQ Process,3/27/09,25-Jun-09,20-Apr-09,20-Apr-09,ARV,Adult,S. BUYS WHOLESALER,"Stavudine 30mg, capsules, 60 Caps",Stavudine,Generic,30mg,Capsule,60,11672,35016,3,0.05,"Aurobindo Unit III, India",Yes,Weight Captured Separately,Freight Included in Commodity Cost,68.63
1095,144-BW-T01,Pre-PQ Process,SCMS-41870,ASN-4896,Botswana,PMO - US,Direct Drop,EXW,Air,Pre-PQ Process,3/25/09,13-Nov-09,13-Nov-09,13-Nov-09,HRDT,HIV test,Orasure Technologies Inc.,"HIV 1/2, OraQuick Advance HIV Rapid Antibody Kit, 100 Tests","HIV 1/2, OraQuick Advance HIV Rapid Antibody Kit",OraQuick,N/A,Test kit,100,20,7000,350,3.5,"Pacific Biotech, Thailand",Yes,48,1172.11,13.72
1109,104-CI-T01,Pre-PQ Process,SCMS-42210,ASN-4086,Côte d'Ivoire,PMO - US,Direct Drop,FCA,Air,Pre-PQ Process,3/30/09,30-Jun-09,30-Jun-09,30-Jun-09,ARV,Adult,ABBVIE LOGISTICS (FORMERLY ABBOTT LOGISTICS BV),"Lopinavir/Ritonavir 200/50mg [Aluvia], tablets, 120 Tabs",Lopinavir/Ritonavir,Aluvia,200/50mg,Tablet,120,10240,420864,41.1,0.34,ABBVIE Ludwigshafen Germany,Yes,2523,14806.48,824.89
1110,104-CI-T01,Pre-PQ Process,SCMS-42230,ASN-4423,Côte d'Ivoire,PMO - US,Direct Drop,FCA,Air,Pre-PQ Process,3/30/09,22-Jul-09,22-Jul-09,22-Jul-09,ARV,Adult,ABBVIE LOGISTICS (FORMERLY ABBOTT LOGISTICS BV),"Ritonavir 100mg [Norvir], capsules, cool, 4 x 84 Caps",Ritonavir,Norvir,100mg,Capsule,336,400,15344,38.36,0.11,ABBVIE (Abbott) Logis. UK,Yes,175,7642.97,30.07
1111,116-ZA-T01,Pre-PQ Process,SCMS-47390,ASN-4402,South Africa,PMO - US,Direct Drop,DDP,Truck,Pre-PQ Process,4/2/09,31-Jul-09,21-Apr-09,21-Apr-09,ARV,Pediatric,S. BUYS WHOLESALER,"Lopinavir/Ritonavir 80/20mg/ml [Kaletra], oral solution, cool, Bottle 5 x 60 ml",Lopinavir/Ritonavir,Kaletra,80/20mg/ml,Oral solution,300,30,1080,36,0.12,ABBVIE (Abbott) Logis. UK,Yes,Weight Captured Separately,Freight Included in Commodity Cost,2.12
1114,116-ZA-T01,Pre-PQ Process,SCMS-47430,ASN-4244,South Africa,PMO - US,Direct Drop,DDP,Truck,Pre-PQ Process,4/2/09,15-May-09,17-Apr-09,17-Apr-09,ARV,Adult,S. BUYS WHOLESALER,"Emtricitabine/Tenofovir Disoproxil Fumarate 200/300mg [Truvada], tablets, 30 Tabs",Emtricitabine/Tenofovir Disoproxil Fumarate,Truvada,300/200mg,Tablet - FDC,30,80,2816,35.2,1.17,"Aspen-OSD, Port Elizabeth, SA",Yes,Weight Captured Separately,Freight Included in Commodity Cost,5.52
1115,116-ZA-T01,Pre-PQ Process,SCMS-47500,ASN-4332,South Africa,PMO - US,Direct Drop,DDP,Truck,Pre-PQ Process,4/2/09,15-May-09,23-Apr-09,23-Apr-09,ARV,Adult,S. BUYS WHOLESALER,"Zidovudine 300mg, tablets, 60 Tabs",Zidovudine,Generic,300mg,Tablet,60,1000,19770,19.77,0.33,"Aurobindo Unit III, India",Yes,Weight Captured Separately,3134.85,38.75
1122,106-HT-T01,Pre-PQ Process,SCMS-42720,ASN-4787,Haiti,PMO - US,Direct Drop,EXW,Air,Pre-PQ Process,4/2/09,16-Sep-09,16-Sep-09,16-Sep-09,HRDT,HIV test,Orasure Technologies Inc.,"HIV 1/2, OraQuick Advance HIV Rapid Antibody Kit, 100 Tests","HIV 1/2, OraQuick Advance HIV Rapid Antibody Kit",OraQuick,N/A,Test kit,100,60,21000,350,3.5,"Pacific Biotech, Thailand",Yes,144,3128.19,41.16
1134,102-KE-T01,Pre-PQ Process,SCMS-42980,ASN-4343,Kenya,PMO - US,Direct Drop,EXW,Air,Pre-PQ Process,4/4/09,10-Jul-09,10-Jul-09,10-Jul-09,HRDT,HIV test,"Orgenics, Ltd","HIV 1/2, Determine Complete HIV Kit, 100 Tests","HIV 1/2, Determine Complete HIV Kit",Determine,N/A,Test kit,100,7500,600000,80,0.8,Inverness Japan,Yes,2215,16835.31,1176
1140,133-NG-T01,Pre-PQ Process,SCMS-43330,ASN-4437,Nigeria,PMO - US,Direct Drop,EXW,Air,Pre-PQ Process,4/9/09,18-Aug-09,18-Aug-09,18-Aug-09,HRDT,HIV test,"Orgenics, Ltd","HIV 1/2, Determine Complete HIV Kit, 100 Tests","HIV 1/2, Determine Complete HIV Kit",Determine,N/A,Test kit,100,6395,511600,80,0.8,Inverness Japan,Yes,1915,24514.33,1002.74
1156,107-RW-T01,Pre-PQ Process,SCMS-43890,ASN-4503,Rwanda,PMO - US,Direct Drop,CIP,Air,Pre-PQ Process,4/15/09,25-Jul-09,25-Jul-09,25-Jul-09,ARV,Adult,HETERO LABS LIMITED,"Efavirenz 600mg, tablets, 30 Tabs",Efavirenz,Generic,600mg,Tablet,30,55356,386384.88,6.98,0.23,Hetero Unit III Hyderabad IN,Yes,4482,37404.74,757.31
1162,104-CI-T01,Pre-PQ Process,SCMS-44130,ASN-4791,Côte d'Ivoire,PMO - US,Direct Drop,EXW,Air,Pre-PQ Process,4/15/09,15-Sep-09,15-Sep-09,15-Sep-09,HRDT,HIV test,BIO-RAD LABORATORIES (FRANCE),"#108853** HIV, Genie II HIV-1/HIV-2 Kit, 40 Tests","HIV, Genie II HIV-1/HIV-2 Kit",Genie,N/A,Test kit,40,1000,110000,110,2.75,Bio-Rad Laboratories,Yes,1101,8074.03,215.6
1179,108-VN-T01,Pre-PQ Process,SCMS-44990,ASN-4302,Vietnam,PMO - US,Direct Drop,FCA,Air,Pre-PQ Process,4/29/09,17-Jul-09,17-Jul-09,17-Jul-09,ARV,Adult,ABBVIE LOGISTICS (FORMERLY ABBOTT LOGISTICS BV),"Ritonavir 100mg [Norvir], capsules, cool, 4 x 84 Caps",Ritonavir,Norvir,100mg,Capsule,336,8,613.76,76.72,0.23,ABBVIE (Abbott) France,Yes,48,3366.04,1.2
1183,108-VN-T01,Pre-PQ Process,SCMS-45080,ASN-4420,Vietnam,PMO - US,Direct Drop,EXW,Air,Pre-PQ Process,4/29/09,10-Jul-09,10-Jul-09,10-Jul-09,ARV,Adult,Aurobindo Pharma Limited,"Lamivudine/Nevirapine/Zidovudine 150/200/300mg, tablets, 60 Tabs",Lamivudine/Nevirapine/Zidovudine,Generic,150/300/200mg,Tablet - FDC,60,3500,39025,11.15,0.19,"Aurobindo Unit III, India",Yes,1804,6341.88,76.49
1196,102-BW-T01,Pre-PQ Process,SCMS-46071,ASN-4324,Botswana,PMO - US,Direct Drop,EXW,Air,Pre-PQ Process,5/27/09,12-Jun-09,10-Jul-09,10-Jul-09,HRDT,HIV test,Orasure Technologies Inc.,"HIV 1/2, OraQuick Advance HIV Rapid Antibody Kit, 100 Tests","HIV 1/2, OraQuick Advance HIV Rapid Antibody Kit",OraQuick,N/A,Test kit,100,5,1750,350,3.5,"Pacific Biotech, Thailand",Yes,12,684.42,3.43
1198,119-NA-T01,Pre-PQ Process,SCMS-46120,ASN-4659,Namibia,PMO - US,Direct Drop,EXW,Air,Pre-PQ Process,5/18/09,1-Sep-09,1-Sep-09,1-Sep-09,HRDT,HIV test,"Orgenics, Ltd","HIV 1/2, Clearview Complete Kit, 25 Tests","HIV 1/2, Clearview Complete Kit",Clearview,N/A,Test kit,25,67,5025,75,3,Chembio Diagnostics Sys. Inc.,Yes,48,401.97,9.85
1213,108-VN-T01,Pre-PQ Process,SCMS-46550,ASN-4488,Vietnam,PMO - US,Direct Drop,CIP,Air,Pre-PQ Process,5/27/09,28-Jul-09,28-Jul-09,28-Jul-09,ARV,Pediatric,BRISTOL-MYERS SQUIBB,"Didanosine 25mg [Videx], chewable tablets, 60 Tabs",Didanosine,Videx,25mg,Chewable/dispersible tablet,60,400,2800,7,0.12,"BMS Meymac, France",Yes,148,14.36,5.49
1215,119-NA-T01,Pre-PQ Process,SCMS-46820,ASN-4311,Namibia,PMO - US,Direct Drop,EXW,Air,Pre-PQ Process,6/2/09,29-Jun-09,29-Jun-09,29-Jun-09,HRDT,HIV test,"Trinity Biotech, Plc","HIV 1/2, Uni-Gold HIV Kit, 20 Tests","HIV 1/2, Uni-Gold HIV Kit",Uni-Gold,N/A,Test kit,20,220,7040,32,1.6,"Trinity Biotech, Plc",Yes,79,1736.18,13.8
1221,116-ZA-T01,Pre-PQ Process,SCMS-46970,ASN-4821,South Africa,PMO - US,Direct Drop,DDP,Truck,Pre-PQ Process,6/5/09,28-Jul-09,28-Jul-09,28-Jul-09,ARV,Adult,S. BUYS WHOLESALER,"Ritonavir 100mg [Norvir], capsules, cool, 84 Caps",Ritonavir,Norvir,100mg,Capsule,84,50,490,9.8,0.12,ABBVIE (Abbott) Logis. UK,Yes,Weight Captured Separately,Freight Included in Commodity Cost,0.96
1222,116-ZA-T01,Pre-PQ Process,SCMS-47051,ASN-4838,South Africa,PMO - US,Direct Drop,DDP,Truck,Pre-PQ Process,6/5/09,12-Oct-09,5-Aug-09,5-Aug-09,ARV,Adult,S. BUYS WHOLESALER,"Lamivudine 150mg, tablets, 60 Tabs",Lamivudine,Generic,150mg,Tablet,60,5000,41300,8.26,0.14,"Aurobindo Unit III, India",Yes,Weight Captured Separately,Freight Included in Commodity Cost,80.95
1223,116-ZA-T01,Pre-PQ Process,SCMS-47051,ASN-4836,South Africa,PMO - US,Direct Drop,DDP,Truck,Pre-PQ Process,6/5/09,12-Oct-09,28-Jul-09,28-Jul-09,ARV,Pediatric,S. BUYS WHOLESALER,"Lamivudine 10mg/ml [Epivir], oral solution, Bottle, 240 ml",Lamivudine,Epivir,10mg/ml,Oral solution,240,460,2838.2,6.17,0.03,GSK Mississauga (Canada),Yes,Weight Captured Separately,Freight Included in Commodity Cost,5.56
1245,100-CI-T01,Pre-PQ Process,SCMS-1,ASN-5,Côte d'Ivoire,PMO - US,Direct Drop,EXW,Air,Pre-PQ Process,4/19/06,27-Jun-06,27-Jun-06,27-Jun-06,HRDT,HIV test,BIO-RAD LABORATORIES (FRANCE),"#108853** HIV, Genie II HIV-1/HIV-2 Kit, 40 Tests","HIV, Genie II HIV-1/HIV-2 Kit",Genie,N/A,Test kit,40,147,11076.45,75.35,1.88,Bio-Rad Laboratories,Yes,165,1816.57,
1246,104-CI-T01,Pre-PQ Process,SCMS-5,ASN-7,Côte d'Ivoire,PMO - US,Direct Drop,EXW,Air,Pre-PQ Process,Date Not Captured,14-Jul-06,14-Jul-06,14-Jul-06,HRDT,HIV test,Orasure Technologies Inc.,"HIV 1/2, OraQuick Advance HIV Rapid Antibody Kit, 100 Tests","HIV 1/2, OraQuick Advance HIV Rapid Antibody Kit",OraQuick,N/A,Test kit,100,6,2400,400,4,"Pacific Biotech, Thailand",Yes,15,1039.5,
1251,108-VN-T01,Pre-PQ Process,SCMS-12,ASN-91,Vietnam,PMO - US,Direct Drop,CIP,Air,Pre-PQ Process,Date Not Captured,16-Nov-06,16-Nov-06,16-Nov-06,ARV,Pediatric,BRISTOL-MYERS SQUIBB,"Didanosine 25mg [Videx], chewable tablets, 60 Tabs",Didanosine,Videx,25mg,Chewable/dispersible tablet,60,2800,19600,7,0.12,"BMS Meymac, France",Yes,555,3292.15,
1262,106-HT-T01,Pre-PQ Process,SCMS-74,ASN-46,Haiti,PMO - US,Direct Drop,EXW,Air,Pre-PQ Process,Date Not Captured,9-Nov-06,9-Nov-06,9-Nov-06,HRDT,HIV test,Orasure Technologies Inc.,"HIV 1/2, OraQuick Advance HIV Rapid Antibody Kit, 100 Tests","HIV 1/2, OraQuick Advance HIV Rapid Antibody Kit",OraQuick,N/A,Test kit,100,15,6000,400,4,"Pacific Biotech, Thailand",Yes,36,1195.29,
1279,113-ZW-T01,Pre-PQ Process,SCMS-135,ASN-79,Zimbabwe,PMO - US,Direct Drop,CIP,Air,Pre-PQ Process,Date Not Captured,7-Nov-06,7-Nov-06,7-Nov-06,ARV,Adult,INTERNATIONAL HEALTHCARE DISTRIBUTORS,"Lopinavir/Ritonavir 133.3/33.3mg [Kaletra], capsules, cool, 2 x 90 Caps",Lopinavir/Ritonavir,Kaletra,133.3/33.3mg,Capsule,180,260,11096.8,42.68,0.24,ABBVIE (Abbott) St. P'burg USA,Yes,135,Freight Included in Commodity Cost,
1281,112-NG-T01,Pre-PQ Process,SCMS-156,ASN-93,Nigeria,PMO - US,Direct Drop,EXW,Air,Pre-PQ Process,Date Not Captured,7-Dec-06,7-Dec-06,7-Dec-06,ARV,Adult,Aurobindo Pharma Limited,"Lamivudine 150mg, tablets, 60 Tabs",Lamivudine,Generic,150mg,Tablet,60,894,2994.9,3.35,0.06,"Aurobindo Unit III, India",Yes,479,4861.14,
1282,108-VN-T01,Pre-PQ Process,SCMS-169,ASN-272,Vietnam,PMO - US,Direct Drop,EXW,Air,Pre-PQ Process,11/15/06,14-Mar-07,14-Mar-07,14-Mar-07,ARV,Adult,CIPLA LIMITED,"Lamivudine/Zidovudine 150/300mg, tablets, 60 Tabs",Lamivudine/Zidovudine,Generic,150/300mg,Tablet - FDC,60,25100,276100,11,0.18,"Cipla, Goa, India",Yes,2575,18772.94,
1283,108-VN-T01,Pre-PQ Process,SCMS-170,ASN-273,Vietnam,PMO - US,Direct Drop,EXW,Air,Pre-PQ Process,11/15/06,14-Mar-07,14-Mar-07,14-Mar-07,ARV,Adult,STRIDES ARCOLAB LIMITED,"Stavudine 30mg, capsules, 60 Caps",Stavudine,Generic,30mg,Capsule,60,95500,144205,1.51,0.03,"Strides, Bangalore, India.",Yes,9170,42453.21,
1285,102-GY-T01,Pre-PQ Process,SCMS-177,ASN-136,Guyana,PMO - US,Direct Drop,EXW,Air,Pre-PQ Process,Date Not Captured,29-Dec-06,29-Dec-06,29-Dec-06,HRDT,HIV test,"Trinity Biotech, Plc","HIV 1/2, Uni-Gold HIV Kit, 20 Tests","HIV 1/2, Uni-Gold HIV Kit",Uni-Gold,N/A,Test kit,20,900,36000,40,2,"Trinity Biotech, Plc",Yes,316,4989.87,
1295,111-MZ-T01,Pre-PQ Process,SCMS-211,ASN-229,Mozambique,PMO - US,Direct Drop,CIP,Air,Pre-PQ Process,11/17/06,15-Feb-07,15-Feb-07,15-Feb-07,ARV,Adult,ABBVIE LOGISTICS (FORMERLY ABBOTT LOGISTICS BV),"Lopinavir/Ritonavir 200/50mg [Aluvia], tablets, 120 Tabs",Lopinavir/Ritonavir,Aluvia,200/50mg,Tablet,120,80,3288,41.1,0.34,ABBSP,Yes,25,Freight Included in Commodity Cost,
1298,108-VN-T01,Pre-PQ Process,SCMS-262,ASN-386,Vietnam,PMO - US,Direct Drop,EXW,Air,Pre-PQ Process,1/9/07,12-May-07,12-May-07,12-May-07,ARV,Adult,CIPLA LIMITED,"Lamivudine/Nevirapine/Stavudine 150/200/30mg, tablets, 60 Tabs",Lamivudine/Nevirapine/Stavudine,Generic,150/200/30mg,Tablet - FDC,60,70000,525000,7.5,0.12,"Cipla, Goa, India",Yes,6813,31858.09,
1299,107-RW-T01,Pre-PQ Process,SCMS-268,ASN-242,Rwanda,PMO - US,Direct Drop,EXW,Air,Pre-PQ Process,12/22/06,27-Feb-07,27-Feb-07,27-Feb-07,ARV,Adult,CIPLA LIMITED,"Efavirenz 600mg, tablets, 30 Tabs",Efavirenz,Generic,600mg,Tablet,30,71577,1087970.4,15.2,0.51,"Cipla, Goa, India",No,See ASN-242 (ID#:64),See ASN-242 (ID#:64),
1300,107-RW-T01,Pre-PQ Process,SCMS-268,ASN-242,Rwanda,PMO - US,Direct Drop,EXW,Air,Pre-PQ Process,12/22/06,27-Feb-07,27-Feb-07,27-Feb-07,ARV,Adult,CIPLA LIMITED,"Abacavir 300mg, tablets, 60 Tabs",Abacavir,Generic,300mg,Tablet,60,5605,202340.5,36.1,0.6,"Cipla, Patalganga, India",No,See ASN-242 (ID#:64),See ASN-242 (ID#:64),
1303,117-ET-T01,Pre-PQ Process,SCMS-284,ASN-168,Ethiopia,PMO - US,Direct Drop,FCA,Air,Pre-PQ Process,12/14/06,28-Dec-06,28-Dec-06,28-Dec-06,HRDT,HIV test,Abbott GmbH & Co. KG,"HIV 1/2, Determine Complete HIV Kit, 100 Tests","HIV 1/2, Determine Complete HIV Kit",Determine,N/A,Test kit,100,200,16000,80,0.8,ABBVIE GmbH & Co.KG Wiesbaden,Yes,Weight Captured Separately,Invoiced Separately,
1306,108-VN-T01,Pre-PQ Process,SCMS-314,ASN-624,Vietnam,PMO - US,Direct Drop,EXW,Air,Pre-PQ Process,2/7/07,24-Aug-07,24-Aug-07,24-Aug-07,ARV,Adult,CIPLA LIMITED,"Lamivudine/Nevirapine/Stavudine 150/200/30mg, tablets, 60 Tabs",Lamivudine/Nevirapine/Stavudine,Generic,150/200/30mg,Tablet - FDC,60,25000,187500,7.5,0.12,"Cipla, Goa, India",Yes,2348,21439.59,300
1307,102-NG-T01,Pre-PQ Process,SCMS-343,ASN-259,Nigeria,PMO - US,Direct Drop,EXW,Air,Pre-PQ Process,Date Not Captured,15-Mar-07,30-Mar-07,30-Mar-07,HRDT,HIV test,BIO-RAD LABORATORIES (FRANCE),"#108853** HIV, Genie II HIV-1/HIV-2 Kit, 40 Tests","HIV, Genie II HIV-1/HIV-2 Kit",Genie,N/A,Test kit,40,375,28500,76,1.9,Bio-Rad Laboratories,Yes,402,4445.75,
1309,117-ET-T01,Pre-PQ Process,SCMS-360,ASN-201,Ethiopia,PMO - US,Direct Drop,EXW,Air,Pre-PQ Process,12/14/06,15-Jan-07,15-Jan-07,15-Jan-07,HRDT,HIV test,Abbott GmbH & Co. KG,"HIV 1/2, Determine Complete HIV Kit, 100 Tests","HIV 1/2, Determine Complete HIV Kit",Determine,N/A,Test kit,100,4650,372000,80,0.8,ABBVIE GmbH & Co.KG Wiesbaden,Yes,1707,24859.45,
1337,104-CI-T01,Pre-PQ Process,SCMS-610,ASN-813,Côte d'Ivoire,PMO - US,Direct Drop,CIP,Air,Pre-PQ Process,5/9/07,23-Oct-07,23-Oct-07,23-Oct-07,ARV,Pediatric,BRISTOL-MYERS SQUIBB,"Didanosine 50mg [Videx], chewable tablets, 60 Tabs",Didanosine,Videx,50mg,Chewable/dispersible tablet,60,1577,14981.5,9.5,0.16,"BMS Meymac, France",Yes,306,Freight Included in Commodity Cost,23.97
1347,102-NG-T01,Pre-PQ Process,SCMS-695,ASN-622,Nigeria,PMO - US,Direct Drop,EXW,Air,Pre-PQ Process,Date Not Captured,7-Sep-07,7-Sep-07,7-Sep-07,HRDT,HIV test,Abbott GmbH & Co. KG,"HIV 1/2, Determine Complete HIV Kit, 100 Tests","HIV 1/2, Determine Complete HIV Kit",Determine,N/A,Test kit,100,3500,280000,80,0.8,ABBVIE GmbH & Co.KG Wiesbaden,Yes,1194,5858.57,448
1350,104-CI-T01,Pre-PQ Process,SCMS-698,ASN-727,Côte d'Ivoire,PMO - US,Direct Drop,CIP,Air,Pre-PQ Process,7/13/07,2-Oct-07,2-Oct-07,2-Oct-07,ARV,Pediatric,BRISTOL-MYERS SQUIBB,"Didanosine 50mg [Videx], chewable tablets, 60 Tabs",Didanosine,Videx,50mg,Chewable/dispersible tablet,60,4270,40565,9.5,0.16,"BMS Meymac, France",No,Weight Captured Separately,Freight Included in Commodity Cost,64.9
1356,108-VN-T01,Pre-PQ Process,SCMS-749,ASN-744,Vietnam,PMO - US,Direct Drop,EXW,Air,Pre-PQ Process,7/3/07,2-Oct-07,2-Oct-07,2-Oct-07,ARV,Pediatric,Aurobindo Pharma Limited,"Nevirapine 10mg/ml, oral suspension, Bottle, 240 ml",Nevirapine,Generic,10mg/ml,Oral suspension,240,1000,1920,1.92,0.01,"Aurobindo Unit III, India",Yes,960,13762.41,3.07
1357,108-VN-T01,Pre-PQ Process,SCMS-749,ASN-744,Vietnam,PMO - US,Direct Drop,EXW,Air,Pre-PQ Process,7/3/07,2-Oct-07,2-Oct-07,2-Oct-07,ARV,Pediatric,Aurobindo Pharma Limited,"Zidovudine 10mg/ml, oral solution, Bottle, 240 ml",Zidovudine,Generic,10mg/ml,Oral solution,240,1000,2100,2.1,0.01,"Aurobindo Unit III, India",No,See ASN-744 (ID#:1356),See ASN-744 (ID#:1356),3.36
1358,108-VN-T01,Pre-PQ Process,SCMS-753,ASN-781,Vietnam,PMO - US,Direct Drop,EXW,Air,Pre-PQ Process,7/4/07,15-Oct-07,15-Oct-07,15-Oct-07,ARV,Pediatric,Aurobindo Pharma Limited,"Zidovudine 10mg/ml, oral solution, Bottle, 240 ml",Zidovudine,Generic,10mg/ml,Oral solution,240,1000,2100,2.1,0.01,"Aurobindo Unit III, India",No,See ASN-781 (ID#:115),See ASN-781 (ID#:115),3.36
1359,108-VN-T01,Pre-PQ Process,SCMS-753,ASN-782,Vietnam,PMO - US,Direct Drop,EXW,Air,Pre-PQ Process,7/4/07,15-Oct-07,15-Oct-07,15-Oct-07,ARV,Adult,Aurobindo Pharma Limited,"Lamivudine/Nevirapine/Zidovudine 150/200/300mg, tablets, 60 Tabs",Lamivudine/Nevirapine/Zidovudine,Generic,150/300/200mg,Tablet - FDC,60,3000,40500,13.5,0.22,"Aurobindo Unit III, India",Yes,332,4454.62,64.8
1360,108-VN-T01,Pre-PQ Process,SCMS-754,ASN-926,Vietnam,PMO - US,Direct Drop,EXW,Air,Pre-PQ Process,7/4/07,23-Nov-07,23-Nov-07,23-Nov-07,ARV,Adult,Aurobindo Pharma Limited,"Efavirenz 600mg, tablets, 30 Tabs",Efavirenz,Generic,600mg,Tablet,30,22500,277425,12.33,0.41,"Aurobindo Unit III, India",Yes,1955,16095.39,443.88
1361,108-VN-T01,Pre-PQ Process,SCMS-757,ASN-631,Vietnam,PMO - US,Direct Drop,FCA,Air,Pre-PQ Process,7/3/07,27-Aug-07,27-Aug-07,27-Aug-07,ARV,Adult,ABBVIE LOGISTICS (FORMERLY ABBOTT LOGISTICS BV),"Lopinavir/Ritonavir 200/50mg [Aluvia], tablets, 120 Tabs",Lopinavir/Ritonavir,Aluvia,200/50mg,Tablet,120,500,41095,82.19,0.68,ABBVIE Ludwigshafen Germany,Yes,117,1767.38,65.75
1383,109-TZ-T01,Pre-PQ Process,SCMS-10240,ASN-649,Tanzania,PMO - US,Direct Drop,EXW,Air,Pre-PQ Process,Date Not Captured,19-Sep-07,19-Sep-07,19-Sep-07,HRDT,HIV test,"Standard Diagnostics, Inc.","HIV 1/2, Bioline 3.0 Kit, Lancets, Capillary pipets, Alcohol swabs included, 25 Tests","HIV 1/2, Bioline 3.0 Kit, Lancets, Capillary pipets, Alcohol swabs included",Bioline,N/A,Test kit,25,10000,200000,20,0.8,"Standard Diagnostics, Korea",Yes,3336,25165.3,320
1502,107-RW-T01,Pre-PQ Process,SCMS-13900,ASN-990,Rwanda,PMO - US,Direct Drop,EXW,Air,Pre-PQ Process,11/12/07,28-Jan-08,28-Jan-08,28-Jan-08,ARV,Adult,ASPEN PHARMACARE,"Tenofovir Disoproxil Fumarate 300mg [Viread], tablets, 30 Tabs",Tenofovir Disoproxil Fumarate,Viread,300mg,Tablet,30,1609,27353,17,0.57,"Aspen-OSD, Port Elizabeth, SA",Yes,157,7922.24,43.76
1512,116-ZA-T01,Pre-PQ Process,SCMS-14050,ASN-1251,South Africa,PMO - US,Direct Drop,DDP,N/A,Pre-PQ Process,11/12/07,29-Jan-08,29-Jan-08,29-Jan-08,ARV,Pediatric,"JSI R&T INSTITUTE, INC.","Lopinavir/Ritonavir 80/20mg/ml [Kaletra], oral solution, cool, Bottle 5 x 60 ml",Lopinavir/Ritonavir,Kaletra,80/20mg/ml,Oral solution,300,30,1447.8,48.26,0.16,ABBVIE (Abbott) Logis. UK,No,Weight Captured Separately,Freight Included in Commodity Cost,2.32
1513,116-ZA-T01,Pre-PQ Process,SCMS-14050,ASN-1251,South Africa,PMO - US,Direct Drop,DDP,N/A,Pre-PQ Process,11/12/07,29-Jan-08,29-Jan-08,29-Jan-08,ARV,Adult,"JSI R&T INSTITUTE, INC.","Didanosine EC 400mg [Videx EC], delayed-release capsules, Blister 3 x 10 Caps",Didanosine EC,Videx EC,400mg,Delayed-release capsules - blister,30,100,2850,28.5,0.95,"BMS Meymac, France",No,Weight Captured Separately,Freight Included in Commodity Cost,4.56
1519,108-VN-T01,Pre-PQ Process,SCMS-14170,ASN-1439,Vietnam,PMO - US,Direct Drop,FCA,Air,Pre-PQ Process,11/21/07,28-Mar-08,28-Mar-08,28-Mar-08,ARV,Adult,ABBVIE LOGISTICS (FORMERLY ABBOTT LOGISTICS BV),"Ritonavir 100mg [Norvir], capsules, cool, 4 x 84 Caps",Ritonavir,Norvir,100mg,Capsule,336,100,18333,183.33,0.55,ABBVIE (Abbott) Logis. UK,Yes,337,2535.4,29.33
1527,102-NG-T01,Pre-PQ Process,SCMS-14640,ASN-1167,Nigeria,PMO - US,Direct Drop,EXW,Air,Pre-PQ Process,11/30/07,21-Jan-08,21-Jan-08,21-Jan-08,HRDT,HIV test,"CHEMBIO DIAGNOSTIC SYSTEMS, INC.","HIV 1/2, Stat-Pak HIV, Kit, 20 Tests","HIV 1/2, Stat-Pak HIV, Kit",Stat-Pak,N/A,Test kit,20,10000,270000,27,1.35,Chembio Diagnostics Sys. Inc.,Yes,3336,28002.75,432
1529,107-RW-T01,Pre-PQ Process,SCMS-14750,ASN-1194,Rwanda,PMO - US,Direct Drop,CIP,Air,Pre-PQ Process,12/3/07,28-Jan-08,28-Jan-08,28-Jan-08,ARV,Adult,MYLAN LABORATORIES LTD (FORMERLY MATRIX LABORATORIES),"Abacavir 300mg, tablets, 60 Tabs",Abacavir,Generic,300mg,Tablet,60,1099,30222.5,27.5,0.46,Mylan (formerly Matrix) Nashik,Yes,113,1511.25,48.36
1530,108-VN-T01,Pre-PQ Process,SCMS-14760,ASN-1230,Vietnam,PMO - US,Direct Drop,EXW,Air,Pre-PQ Process,12/5/07,1-Feb-08,1-Feb-08,1-Feb-08,ARV,Adult,Aurobindo Pharma Limited,"Stavudine 20mg, capsules, 60 Caps",Stavudine,Generic,20mg,Capsule,60,1200,2100,1.75,0.03,"Aurobindo Unit III, India",Yes,125,2429.85,3.36
1531,100-KZ-T01,Pre-PQ Process,SCMS-14770,ASN-1061,Kazakhstan,PMO - US,Direct Drop,DDP,Air,Pre-PQ Process,11/30/07,27-Dec-07,27-Dec-07,27-Dec-07,HRDT,HIV test,Orasure Technologies Inc.,"HIV 1/2, OraQuick Advance HIV Rapid Antibody Kit, 100 Tests","HIV 1/2, OraQuick Advance HIV Rapid Antibody Kit",OraQuick,N/A,Test kit,100,50,17500,350,3.5,"Pacific Biotech, Thailand",Yes,Weight Captured Separately,Freight Included in Commodity Cost,28
1549,123-NG-T01,Pre-PQ Process,SCMS-15550,ASN-1197,Nigeria,PMO - US,Direct Drop,EXW,Air,Pre-PQ Process,Date Not Captured,5-Feb-08,5-Feb-08,5-Feb-08,HRDT,HIV test,"Orgenics, Ltd","HIV 1/2, Determine HIV Kit, without Lancets, 100 Tests","HIV 1/2, Determine HIV Kit, without Lancets",Determine,N/A,Test kit,100,650,51993.5,79.99,0.8,Inverness Japan,Yes,148,2577.27,83.19
1587,116-ZA-T01,Pre-PQ Process,SCMS-16600,ASN-1520,South Africa,PMO - US,Direct Drop,DDP,N/A,Pre-PQ Process,1/4/08,21-Jan-08,4-Jan-08,4-Jan-08,ARV,Adult,"JSI R&T INSTITUTE, INC.","Stavudine 20mg [Zerit], capsules, 60 Caps",Stavudine,Zerit,20mg,Capsule,60,100,573,5.73,0.1,"BMS Meymac, France",No,Weight Captured Separately,Freight Included in Commodity Cost,0.92
1593,102-BW-T01,Pre-PQ Process,SCMS-16730,ASN-1721,Botswana,PMO - US,Direct Drop,EXW,Air,Pre-PQ Process,2/4/08,3-Jul-08,3-Jul-08,3-Jul-08,HRDT,HIV test,"Trinity Biotech, Plc","HIV 1/2, Uni-Gold HIV Kit, 20 Tests","HIV 1/2, Uni-Gold HIV Kit",Uni-Gold,N/A,Test kit,20,450,14400,32,1.6,"Trinity Biotech, Plc",Yes,154,2496.62,23.04
1594,102-NG-T01,Pre-PQ Process,SCMS-16890,ASN-2014,Nigeria,PMO - US,Direct Drop,EXW,Air,Pre-PQ Process,1/29/08,19-Sep-08,16-Jul-08,16-Jul-08,HRDT,HIV test,"CHEMBIO DIAGNOSTIC SYSTEMS, INC.","HIV 1/2, Stat-Pak HIV, Kit, 20 Tests","HIV 1/2, Stat-Pak HIV, Kit",Stat-Pak,N/A,Test kit,20,10270,277290,27,1.35,Chembio Diagnostics Sys. Inc.,Yes,2907,18864.37,443.66
1618,111-MZ-T01,Pre-PQ Process,SCMS-17800,ASN-1368,Mozambique,PMO - US,Direct Drop,EXW,Air,Pre-PQ Process,2/19/08,27-Mar-08,27-Mar-08,27-Mar-08,HRDT,HIV test,"Trinity Biotech, Plc","HIV 1/2, Uni-Gold HIV Kit, 20 Tests","HIV 1/2, Uni-Gold HIV Kit",Uni-Gold,N/A,Test kit,20,9000,288000,32,1.6,"Trinity Biotech, Plc",Yes,9000,55746.59,460.8
1628,110-ZM-T01,Pre-PQ Process,SCMS-18030,ASN-1619,Zambia,PMO - US,Direct Drop,EXW,Air,Pre-PQ Process,2/25/08,14-May-08,14-May-08,14-May-08,HRDT,HIV test,"Trinity Biotech, Plc","HIV 1/2, Uni-Gold HIV Kit, 20 Tests","HIV 1/2, Uni-Gold HIV Kit",Uni-Gold,N/A,Test kit,20,6040,193280,32,1.6,"Trinity Biotech, Plc",Yes,2052,24689,309.25
1634,110-ZM-T01,Pre-PQ Process,SCMS-18240,ASN-1789,Zambia,PMO - US,Direct Drop,EXW,Air,Pre-PQ Process,2/29/08,6-Jun-08,30-May-08,30-May-08,HRDT,HIV test - Ancillary,"Orgenics, Ltd","HIV, Lancet, Safety, for HIV Test kits, 100 Pcs","HIV, Lancet, Safety, for HIV Test kits, 100 Pcs",Generic,N/A,Test kit - Ancillary,100,4300,43,0.01,0,Inverness Japan,Yes,284,Freight Included in Commodity Cost,0.07
1637,104-CI-T01,Pre-PQ Process,SCMS-18320,ASN-3465,Côte d'Ivoire,PMO - US,Direct Drop,EXW,Air,Pre-PQ Process,2/27/08,4-Mar-09,4-Mar-09,4-Mar-09,HRDT,HIV test,"CHEMBIO DIAGNOSTIC SYSTEMS, INC.","HIV 1/2, Stat-Pak HIV, Kit, 20 Tests","HIV 1/2, Stat-Pak HIV, Kit",Stat-Pak,N/A,Test kit,20,289,7803,27,1.35,Chembio Diagnostics Sys. Inc.,Yes,79,1104.69,15.29
1638,111-MZ-T01,Pre-PQ Process,SCMS-18340,ASN-1746,Mozambique,PMO - US,Direct Drop,EXW,Air,Pre-PQ Process,2/27/08,9-Jul-08,4-Jul-08,4-Jul-08,HRDT,HIV test,"Orgenics, Ltd","HIV 1/2, Determine HIV Kit, without Lancets, 100 Tests","HIV 1/2, Determine HIV Kit, without Lancets",Determine,N/A,Test kit,100,3000,215970,71.99,0.72,Inverness Japan,Yes,682,5298.9,345.55
1643,104-CI-T01,Pre-PQ Process,SCMS-18420,ASN-1469,Côte d'Ivoire,PMO - US,Direct Drop,EXW,Air,Pre-PQ Process,2/28/08,8-Apr-08,4-Apr-08,4-Apr-08,HRDT,HIV test - Ancillary,"Orgenics, Ltd","HIV, Lancet, Safety, for HIV Test kits, 100 Pcs","HIV, Lancet, Safety, for HIV Test kits, 100 Pcs",Generic,N/A,Test kit - Ancillary,100,70,0.7,0.01,0,Inverness Japan,Yes,Weight Captured Separately,Invoiced Separately,0
1644,104-CI-T01,Pre-PQ Process,SCMS-18450,ASN-1934,Côte d'Ivoire,PMO - US,Direct Drop,EXW,Air,Pre-PQ Process,2/28/08,22-Jul-08,22-Jul-08,22-Jul-08,HRDT,HIV test,"Orgenics, Ltd","HIV 1/2, Determine HIV Kit, without Lancets, 100 Tests","HIV 1/2, Determine HIV Kit, without Lancets",Determine,N/A,Test kit,100,1116,78120,70,0.7,Inverness Japan,Yes,255,5175.72,124.99
1645,104-CI-T01,Pre-PQ Process,SCMS-18470,ASN-2887,Côte d'Ivoire,PMO - US,Direct Drop,EXW,Air,Pre-PQ Process,2/29/08,19-Dec-08,19-Dec-08,19-Dec-08,HRDT,HIV test,"Orgenics, Ltd","HIV 1/2, Determine HIV Kit, without Lancets, 100 Tests","HIV 1/2, Determine HIV Kit, without Lancets",Determine,N/A,Test kit,100,1116,78120,70,0.7,Inverness Japan,Yes,256,7118.12,153.12
1646,102-GY-T01,Pre-PQ Process,SCMS-18490,ASN-1612,Guyana,PMO - US,Direct Drop,EXW,Air,Pre-PQ Process,2/28/08,6-May-08,6-May-08,6-May-08,HRDT,HIV test,"Trinity Biotech, Plc","HIV 1/2, Uni-Gold HIV Kit, 20 Tests","HIV 1/2, Uni-Gold HIV Kit",Uni-Gold,N/A,Test kit,20,832,26624,32,1.6,"Trinity Biotech, Plc",Yes,832,3740.04,42.6
1647,102-GY-T01,Pre-PQ Process,SCMS-18500,ASN-2100,Guyana,PMO - US,Direct Drop,EXW,Air,Pre-PQ Process,2/28/08,28-Jul-08,28-Jul-08,28-Jul-08,HRDT,HIV test,"Orgenics, Ltd","HIV 1/2, Determine HIV Kit, without Lancets, 100 Tests","HIV 1/2, Determine HIV Kit, without Lancets",Determine,N/A,Test kit,100,213,15333.87,71.99,0.72,Inverness Japan,Yes,49,959.46,24.53
1648,102-BW-T01,Pre-PQ Process,SCMS-18550,ASN-1448,Botswana,PMO - US,Direct Drop,EXW,Air,Pre-PQ Process,Date Not Captured,11-Apr-08,11-Apr-08,11-Apr-08,HRDT,HIV test,Orasure Technologies Inc.,"HIV 1/2, OraQuick Advance HIV Rapid Antibody Kit, 100 Tests","HIV 1/2, OraQuick Advance HIV Rapid Antibody Kit",OraQuick,N/A,Test kit,100,10,3500,350,3.5,"Pacific Biotech, Thailand",Yes,39,604,5.6
1660,113-ZW-T01,Pre-PQ Process,SCMS-18870,ASN-2435,Zimbabwe,PMO - US,Direct Drop,EXW,Air,Pre-PQ Process,3/17/08,17-Nov-08,21-Oct-08,21-Oct-08,HRDT,HIV test - Ancillary,"Orgenics, Ltd","HIV, Lancet, Safety, for HIV Test kits, 100 Pcs","HIV, Lancet, Safety, for HIV Test kits, 100 Pcs",Generic,N/A,Test kit - Ancillary,100,1634,16.34,0.01,0,Inverness Japan,Yes,Weight Captured Separately,Invoiced Separately,0.03
1673,116-ZA-T01,Pre-PQ Process,SCMS-19800,ASN-1665,South Africa,PMO - US,Direct Drop,DDP,Truck,Pre-PQ Process,2/20/08,24-Apr-08,24-Apr-08,24-Apr-08,ARV,Adult,S. BUYS WHOLESALER,"Lopinavir/Ritonavir 133.3/33.3mg [Kaletra], capsules, cool, 2 x 90 Caps",Lopinavir/Ritonavir,Kaletra,133.3/33.3mg,Capsule,180,400,15760,39.4,0.22,ABBVIE (Abbott) Logis. UK,No,Weight Captured Separately,Freight Included in Commodity Cost,25.22
1674,116-ZA-T01,Pre-PQ Process,SCMS-19800,ASN-1665,South Africa,PMO - US,Direct Drop,DDP,Truck,Pre-PQ Process,2/20/08,24-Apr-08,24-Apr-08,24-Apr-08,ARV,Pediatric,S. BUYS WHOLESALER,"Ritonavir 80mg/ml [Norvir], oral solution, cool, Bottle, 90 ml",Ritonavir,Norvir,80mg/ml,Oral solution,90,6,47.28,7.88,0.09,ABBVIE (Abbott) France,No,Weight Captured Separately,Freight Included in Commodity Cost,0.08
1675,116-ZA-T01,Pre-PQ Process,SCMS-19800,ASN-1665,South Africa,PMO - US,Direct Drop,DDP,Truck,Pre-PQ Process,2/20/08,24-Apr-08,24-Apr-08,24-Apr-08,ARV,Adult,S. BUYS WHOLESALER,"Tenofovir Disoproxil Fumarate 300mg [Viread], tablets, 30 Tabs",Tenofovir Disoproxil Fumarate,Viread,300mg,Tablet,30,500,10925,21.85,0.73,"Aspen-OSD, Port Elizabeth, SA",No,Weight Captured Separately,Freight Included in Commodity Cost,17.48
1691,108-VN-T01,Pre-PQ Process,SCMS-20180,ASN-1860,Vietnam,PMO - US,Direct Drop,EXW,Air,Pre-PQ Process,3/31/08,7-Jul-08,20-Jun-08,20-Jun-08,ARV,Adult,Aurobindo Pharma Limited,"Lamivudine 150mg, tablets, 60 Tabs",Lamivudine,Generic,150mg,Tablet,60,10080,29232,2.9,0.05,"Aurobindo Unit III, India",Yes,507,4159.45,46.77
1693,108-VN-T01,Pre-PQ Process,SCMS-20340,ASN-1754,Vietnam,PMO - US,Direct Drop,EXW,Air,Pre-PQ Process,3/31/08,1-Jun-08,1-Jun-08,1-Jun-08,ARV,Adult,MYLAN LABORATORIES LTD (FORMERLY MATRIX LABORATORIES),"Efavirenz 600mg, tablets, 30 Tabs",Efavirenz,Generic,600mg,Tablet,30,6720,77145.6,11.48,0.38,Mylan (formerly Matrix) Nashik,Yes,522,3796.05,123.43
1719,104-CI-T01,Pre-PQ Process,SCMS-21270,ASN-1668,Côte d'Ivoire,PMO - US,Direct Drop,EXW,Air,Pre-PQ Process,4/7/08,9-May-08,9-May-08,9-May-08,HRDT,HIV test - Ancillary,"Orgenics, Ltd","HIV, Lancet, Safety, for HIV Test kits, 100 Pcs","HIV, Lancet, Safety, for HIV Test kits, 100 Pcs",Generic,N/A,Test kit - Ancillary,100,250,2.5,0.01,0,Inverness Japan,Yes,17,Freight Included in Commodity Cost,0
1722,116-ZA-T01,Pre-PQ Process,SCMS-21460,ASN-1667,South Africa,PMO - US,Direct Drop,DDP,N/A,Pre-PQ Process,4/4/08,25-Apr-08,7-Apr-08,7-Apr-08,ARV,Adult,S. BUYS WHOLESALER,"Efavirenz 600mg, tablets, 30 Tabs",Efavirenz,Generic,600mg,Tablet,30,300,4614,15.38,0.51,"Cipla, Goa, India",No,Weight Captured Separately,Freight Included in Commodity Cost,7.38
1723,116-ZA-T01,Pre-PQ Process,SCMS-21460,ASN-2291,South Africa,PMO - US,Direct Drop,DDP,N/A,Pre-PQ Process,4/4/08,25-Apr-08,25-Apr-08,25-Apr-08,ARV,Adult,S. BUYS WHOLESALER,"Zidovudine 300mg [Retrovir], tablets, 60 Tabs",Zidovudine,Retrovir,300mg,Tablet,60,300,4155,13.85,0.23,GSK Aranda,Yes,Weight Captured Separately,Freight Included in Commodity Cost,6.65
1724,116-ZA-T01,Pre-PQ Process,SCMS-21460,ASN-1667,South Africa,PMO - US,Direct Drop,DDP,N/A,Pre-PQ Process,4/4/08,25-Apr-08,7-Apr-08,7-Apr-08,ARV,Adult,S. BUYS WHOLESALER,"Didanosine EC 250mg [Videx EC], delayed-release capsules, Blister 3 x 10 Caps",Didanosine EC,Videx EC,250mg,Delayed-release capsules - blister,30,100,1849,18.49,0.62,"BMS Meymac, France",No,Weight Captured Separately,Freight Included in Commodity Cost,2.96
1730,102-NG-T01,Pre-PQ Process,SCMS-21580,ASN-1797,Nigeria,PMO - US,Direct Drop,EXW,Air,Pre-PQ Process,Date Not Captured,28-May-08,28-May-08,28-May-08,HRDT,HIV test - Ancillary,"Orgenics, Ltd","HIV, Lancet, Safety, for HIV Test kits, 100 Pcs","HIV, Lancet, Safety, for HIV Test kits, 100 Pcs",Generic,N/A,Test kit - Ancillary,100,1130,11.3,0.01,0,Inverness Japan,Yes,Weight Captured Separately,Invoiced Separately,0.02
1797,108-VN-T01,Pre-PQ Process,SCMS-23370,ASN-2523,Vietnam,PMO - US,Direct Drop,CIP,Air,Pre-PQ Process,5/13/08,3-Oct-08,3-Oct-08,3-Oct-08,ARV,Pediatric,BRISTOL-MYERS SQUIBB,"Didanosine 25mg [Videx], chewable tablets, 60 Tabs",Didanosine,Videx,25mg,Chewable/dispersible tablet,60,400,2800,7,0.12,"BMS Meymac, France",Yes,81,3013.09,4.48
1798,108-VN-T01,Pre-PQ Process,SCMS-23470,ASN-2244,Vietnam,PMO - US,Direct Drop,EXW,Air,Pre-PQ Process,5/13/08,19-Aug-08,19-Aug-08,19-Aug-08,ARV,Adult,STRIDES ARCOLAB LIMITED,"Stavudine 30mg, capsules, 60 Caps",Stavudine,Generic,30mg,Capsule,60,10780,15631,1.45,0.02,"Strides, Bangalore, India.",Yes,502,7575.6,25.01
1801,116-ZA-T01,Pre-PQ Process,SCMS-23500,ASN-2293,South Africa,PMO - US,Direct Drop,DDP,Truck,Pre-PQ Process,Date Not Captured,20-Aug-08,8-May-08,8-May-08,ARV,Adult,S. BUYS WHOLESALER,"Lopinavir/Ritonavir 133.3/33.3mg [Kaletra], capsules, cool, 2 x 90 Caps",Lopinavir/Ritonavir,Kaletra,133.3/33.3mg,Capsule,180,670,24783.3,36.99,0.21,ABBVIE (Abbott) Logis. UK,No,Weight Captured Separately,Freight Included in Commodity Cost,39.65
1802,116-ZA-T01,Pre-PQ Process,SCMS-23500,ASN-2296,South Africa,PMO - US,Direct Drop,DDP,Truck,Pre-PQ Process,Date Not Captured,20-Aug-08,21-May-08,21-May-08,ARV,Adult,S. BUYS WHOLESALER,"Lamivudine 150mg [Epivir], tablets, 60 Tabs",Lamivudine,Epivir,150mg,Tablet,60,2000,11060,5.53,0.09,GSK Cape Town Factory (South Africa),Yes,Weight Captured Separately,Freight Included in Commodity Cost,17.7
1803,116-ZA-T01,Pre-PQ Process,SCMS-23500,ASN-2300,South Africa,PMO - US,Direct Drop,DDP,Truck,Pre-PQ Process,Date Not Captured,20-Aug-08,14-May-08,14-May-08,ARV,Adult,S. BUYS WHOLESALER,"Zidovudine 300mg [Retrovir], tablets, 60 Tabs",Zidovudine,Retrovir,300mg,Tablet,60,1000,16630,16.63,0.28,GSK Aranda,Yes,Weight Captured Separately,Freight Included in Commodity Cost,26.61
1804,116-ZA-T01,Pre-PQ Process,SCMS-23500,ASN-2293,South Africa,PMO - US,Direct Drop,DDP,Truck,Pre-PQ Process,Date Not Captured,20-Aug-08,8-May-08,8-May-08,ARV,Pediatric,S. BUYS WHOLESALER,"Nevirapine 10mg/ml [Viramune], oral suspension, Bottle, 240 ml",Nevirapine,Viramune,10mg/ml,Oral suspension,240,30,435.9,14.53,0.06,"BI, Ingelheim, Germany",No,Weight Captured Separately,Freight Included in Commodity Cost,0.7
1820,106-HT-T01,Pre-PQ Process,SCMS-23980,ASN-2640,Haiti,PMO - US,Direct Drop,EXW,Air,Pre-PQ Process,5/23/08,27-Oct-08,27-Oct-08,27-Oct-08,HRDT,HIV test,"Orgenics, Ltd","HIV 1/2, Determine HIV Kit, without Lancets, 100 Tests","HIV 1/2, Determine HIV Kit, without Lancets",Determine,N/A,Test kit,100,1123,78610,70,0.7,Inverness Japan,Yes,257,2851.72,154.08
1861,107-RW-T01,Pre-PQ Process,SCMS-25090,ASN-2256,Rwanda,PMO - US,Direct Drop,EXW,Air,Pre-PQ Process,6/12/08,16-Aug-08,16-Aug-08,16-Aug-08,HRDT,HIV test,"Trinity Biotech, Plc","HIV 1/2, Capillus HIV Kit, 100 Tests","HIV 1/2, Capillus HIV Kit",Capillus,N/A,Test kit,100,340,47260,139,1.39,"Trinity Biotech, Plc",Yes,234,5446.06,75.62
1888,107-RW-T01,Pre-PQ Process,SCMS-25520,ASN-2079,Rwanda,PMO - US,Direct Drop,CIP,Air,Pre-PQ Process,6/13/08,23-Jul-08,22-Jul-08,22-Jul-08,ARV,Adult,Aurobindo Pharma Limited,"Lamivudine/Nevirapine/Zidovudine 150/200/300mg, tablets, 60 Tabs",Lamivudine/Nevirapine/Zidovudine,Generic,150/300/200mg,Tablet - FDC,60,47879,569281.31,11.89,0.2,"Aurobindo Unit III, India",Yes,5311,30408.04,910.85
1889,107-RW-T01,Pre-PQ Process,SCMS-25520,ASN-2080,Rwanda,PMO - US,Direct Drop,CIP,Air,Pre-PQ Process,6/13/08,23-Jul-08,23-Jul-08,23-Jul-08,ARV,Adult,Aurobindo Pharma Limited,"Lamivudine/Nevirapine/Zidovudine 150/200/300mg, tablets, 60 Tabs",Lamivudine/Nevirapine/Zidovudine,Generic,150/300/200mg,Tablet - FDC,60,61021,725539.69,11.89,0.2,"Aurobindo Unit III, India",Yes,6768,38120.96,1160.86
1905,108-VN-T01,Pre-PQ Process,SCMS-26180,ASN-2274,Vietnam,PMO - US,Direct Drop,EXW,Air,Pre-PQ Process,7/1/08,19-Sep-08,19-Sep-08,19-Sep-08,ARV,Adult,Aurobindo Pharma Limited,"Lamivudine/Zidovudine 150/300mg, tablets, 60 Tabs",Lamivudine/Zidovudine,Generic,150/300mg,Tablet - FDC,60,4300,37023,8.61,0.14,"Aurobindo Unit III, India",No,See ASN-2274 (ID#:610),See ASN-2274 (ID#:610),59.24
1919,108-VN-T01,Pre-PQ Process,SCMS-26190,ASN-2562,Vietnam,PMO - US,Direct Drop,EXW,Air,Pre-PQ Process,7/3/08,3-Oct-08,3-Oct-08,3-Oct-08,ARV,Adult,Aurobindo Pharma Limited,"Stavudine 30mg, capsules, 60 Caps",Stavudine,Generic,30mg,Capsule,60,18030,26143.5,1.45,0.02,"Aurobindo Unit III, India",Yes,1114,5822.44,41.83
1926,116-ZA-T01,Pre-PQ Process,SCMS-26820,ASN-2487,South Africa,PMO - US,Direct Drop,DDP,Truck,Pre-PQ Process,Date Not Captured,10-Jul-08,14-Jul-08,14-Jul-08,ARV,Adult,S. BUYS WHOLESALER,"Zidovudine 300mg [Retrovir], tablets, 60 Tabs",Zidovudine,Retrovir,300mg,Tablet,60,50,663.5,13.27,0.22,GSK Aranda,Yes,Weight Captured Separately,Freight Included in Commodity Cost,1.06
1927,116-ZA-T01,Pre-PQ Process,SCMS-26820,ASN-2488,South Africa,PMO - US,Direct Drop,DDP,Truck,Pre-PQ Process,Date Not Captured,10-Jul-08,8-Jul-08,8-Jul-08,ARV,Pediatric,S. BUYS WHOLESALER,"Efavirenz 50mg [Stocrin/Sustiva], capsule, 30 Caps",Efavirenz,Stocrin/Sustiva,50mg,Capsule,30,250,715,2.86,0.1,"MSD Midrand, J'burg, SA",No,Weight Captured Separately,Freight Included in Commodity Cost,1.14
1928,116-ZA-T01,Pre-PQ Process,SCMS-26820,ASN-2488,South Africa,PMO - US,Direct Drop,DDP,Truck,Pre-PQ Process,Date Not Captured,10-Jul-08,8-Jul-08,8-Jul-08,ARV,Adult,S. BUYS WHOLESALER,"Didanosine EC 250mg [Videx EC], delayed-release capsules, Blister 3 x 10 Caps",Didanosine EC,Videx EC,250mg,Delayed-release capsules - blister,30,60,1096.2,18.27,0.61,"BMS Meymac, France",No,Weight Captured Separately,Freight Included in Commodity Cost,1.75
1929,116-ZA-T01,Pre-PQ Process,SCMS-26820,ASN-2488,South Africa,PMO - US,Direct Drop,DDP,Truck,Pre-PQ Process,Date Not Captured,10-Jul-08,8-Jul-08,8-Jul-08,ARV,Pediatric,S. BUYS WHOLESALER,"Didanosine 2g [Videx], powder for oral solution 10mg/ml, reconstitute to 200 ml",Didanosine,Videx,2g,Powder for oral solution,200,12,150.48,12.54,0.06,"BMS Meymac, France",No,Weight Captured Separately,Freight Included in Commodity Cost,0.24
1939,110-ZM-T01,Pre-PQ Process,SCMS-27010,ASN-2448,Zambia,PMO - US,Direct Drop,EXW,Air,Pre-PQ Process,8/21/08,22-Sep-08,22-Sep-08,22-Sep-08,HRDT,HIV test - Ancillary,"Orgenics, Ltd","HIV, Lancet, Safety, for HIV Test kits, 100 Pcs","HIV, Lancet, Safety, for HIV Test kits, 100 Pcs",Generic,N/A,Test kit - Ancillary,100,3000,30,0.01,0,Inverness Japan,Yes,889,7303.52,0.05
1940,102-GY-T01,Pre-PQ Process,SCMS-27030,ASN-2638,Guyana,PMO - US,Direct Drop,EXW,Air,Pre-PQ Process,8/21/08,29-Oct-08,29-Oct-08,29-Oct-08,HRDT,HIV test,"Orgenics, Ltd","HIV 1/2, Determine HIV Kit, without Lancets, 100 Tests","HIV 1/2, Determine HIV Kit, without Lancets",Determine,N/A,Test kit,100,213,15333.87,71.99,0.72,Inverness Japan,Yes,49,1047.39,30.05
1941,133-NG-T01,Pre-PQ Process,SCMS-27060,ASN-2438,Nigeria,PMO - US,Direct Drop,EXW,Air,Pre-PQ Process,7/18/08,15-Oct-08,15-Oct-08,15-Oct-08,HRDT,HIV test - Ancillary,"Orgenics, Ltd","HIV, Lancet, Safety, for HIV Test kits, 100 Pcs","HIV, Lancet, Safety, for HIV Test kits, 100 Pcs",Generic,N/A,Test kit - Ancillary,100,6502,65.02,0.01,0,Inverness Japan,Yes,1927,24870.05,0.1
1942,133-NG-T01,Pre-PQ Process,SCMS-27070,ASN-2352,Nigeria,PMO - US,Direct Drop,EXW,Air,Pre-PQ Process,8/21/08,12-Sep-08,12-Sep-08,12-Sep-08,HRDT,HIV test,"Orgenics, Ltd","HIV 1/2, Determine HIV Kit, without Lancets, 100 Tests","HIV 1/2, Determine HIV Kit, without Lancets",Determine,N/A,Test kit,100,6875,549931.25,79.99,0.8,Inverness Japan,Yes,1566,19992.75,879.89
1954,108-VN-T01,Pre-PQ Process,SCMS-27290,ASN-2854,Vietnam,PMO - US,Direct Drop,FCA,Air,Pre-PQ Process,7/24/08,2-Dec-08,2-Dec-08,2-Dec-08,ARV,Adult,ABBVIE LOGISTICS (FORMERLY ABBOTT LOGISTICS BV),"Lopinavir/Ritonavir 200/50mg [Aluvia], tablets, 120 Tabs",Lopinavir/Ritonavir,Aluvia,200/50mg,Tablet,120,434,35674.8,82.2,0.68,ABBVIE Ludwigshafen Germany,Yes,113,2709.98,69.92
1955,108-VN-T01,Pre-PQ Process,SCMS-27310,ASN-2809,Vietnam,PMO - US,Direct Drop,EXW,Air,Pre-PQ Process,7/24/08,24-Nov-08,24-Nov-08,24-Nov-08,ARV,Adult,Aurobindo Pharma Limited,"Lamivudine/Nevirapine/Zidovudine 150/200/300mg, tablets, 60 Tabs",Lamivudine/Nevirapine/Zidovudine,Generic,150/300/200mg,Tablet - FDC,60,1100,12540,11.4,0.19,"Aurobindo Unit III, India",Yes,159,2568.6,24.58
1956,108-VN-T01,Pre-PQ Process,SCMS-27350,ASN-2766,Vietnam,PMO - US,Direct Drop,EXW,Air,Pre-PQ Process,7/24/08,25-Nov-08,25-Nov-08,25-Nov-08,ARV,Adult,MYLAN LABORATORIES LTD (FORMERLY MATRIX LABORATORIES),"Efavirenz 600mg, tablets, 30 Tabs",Efavirenz,Generic,600mg,Tablet,30,8400,85596,10.19,0.34,Mylan (formerly Matrix) Nashik,Yes,613,3247.73,167.77
1957,108-VN-T01,Pre-PQ Process,SCMS-27380,ASN-2873,Vietnam,PMO - US,Direct Drop,EXW,Air,Pre-PQ Process,7/24/08,3-Dec-08,3-Dec-08,3-Dec-08,ARV,Adult,CIPLA LIMITED,"Lamivudine/Nevirapine/Stavudine 150/200/30mg, tablets, 60 Tabs",Lamivudine/Nevirapine/Stavudine,Generic,150/200/30mg,Tablet - FDC,60,3648,26448,7.25,0.12,"Cipla, Goa, India",Yes,323,2335.19,51.84
1971,102-GY-T01,Pre-PQ Process,SCMS-27680,ASN-2910,Guyana,PMO - US,Direct Drop,EXW,Air,Pre-PQ Process,7/28/08,15-Dec-08,15-Dec-08,15-Dec-08,MRDT,Malaria,ZEPHYR BIOMEDICALS,"Malaria Paramax-3 Kit, 25 Tests",Malaria Paramax-3 Kit,Paramax,N/A,Test kit,25,108,4050,37.5,1.5,Not Applicable,Yes,34,648.27,7.94
1972,117-ET-T01,Pre-PQ Process,SCMS-27800,ASN-2592,Ethiopia,PMO - US,Direct Drop,EXW,Air,Pre-PQ Process,7/30/08,3-Nov-08,13-Oct-08,13-Oct-08,HRDT,HIV test,"CHEMBIO DIAGNOSTIC SYSTEMS, INC.","HIV 1/2, Stat-Pak HIV, Kit, 20 Tests","HIV 1/2, Stat-Pak HIV, Kit",Stat-Pak,N/A,Test kit,20,5958,160866,27,1.35,Chembio Diagnostics Sys. Inc.,Yes,2147,11066.17,257.39
1973,117-ET-T01,Pre-PQ Process,SCMS-27800,ASN-2747,Ethiopia,PMO - US,Direct Drop,EXW,Air,Pre-PQ Process,7/30/08,3-Nov-08,3-Nov-08,3-Nov-08,HRDT,HIV test,"CHEMBIO DIAGNOSTIC SYSTEMS, INC.","HIV 1/2, Stat-Pak HIV, Kit, 20 Tests","HIV 1/2, Stat-Pak HIV, Kit",Stat-Pak,N/A,Test kit,20,3982,107514,27,1.35,Chembio Diagnostics Sys. Inc.,Yes,1445,7303.25,210.73
2008,117-ET-T01,Pre-PQ Process,SCMS-28710,ASN-2576,Ethiopia,PMO - US,Direct Drop,EXW,Air,Pre-PQ Process,8/22/08,7-Oct-08,7-Oct-08,7-Oct-08,HRDT,HIV test,"SHANGHAI KEHUA BIOENGINEERING CO.,LTD.  (KHB)","HIV 1/2, SKB Colloidal Gold, Diagnostic Kit, Antibody, 50 Tests","HIV 1/2, Colloidal Gold, Diagnostic Kit, Antibody",Colloidal Gold,N/A,Test kit,1,6998,160954,23,23,"KHB Test Kit Facility, Shanghai China",Yes,5057,44347.71,257.53
2014,116-ZA-T01,Pre-PQ Process,SCMS-28830,ASN-2503,South Africa,PMO - US,Direct Drop,DDP,Truck,Pre-PQ Process,Date Not Captured,25-Aug-08,14-Aug-08,14-Aug-08,ARV,Adult,S. BUYS WHOLESALER,"Tenofovir Disoproxil Fumarate 300mg [Viread], tablets, 30 Tabs",Tenofovir Disoproxil Fumarate,Viread,300mg,Tablet,30,300,7080,23.6,0.79,"Aspen-OSD, Port Elizabeth, SA",Yes,Weight Captured Separately,Freight Included in Commodity Cost,11.33
2015,116-ZA-T01,Pre-PQ Process,SCMS-28830,ASN-2503,South Africa,PMO - US,Direct Drop,DDP,Truck,Pre-PQ Process,Date Not Captured,25-Aug-08,14-Aug-08,14-Aug-08,ARV,Pediatric,S. BUYS WHOLESALER,"Nevirapine 10mg/ml [Viramune], oral suspension, Bottle, 240 ml",Nevirapine,Viramune,10mg/ml,Oral suspension,240,40,557.6,13.94,0.06,"BI, Ingelheim, Germany",No,Weight Captured Separately,Freight Included in Commodity Cost,0.89
2146,117-ET-T01,Pre-PQ Process,SCMS-32630,ASN-3155,Ethiopia,PMO - US,Direct Drop,EXW,Air,Pre-PQ Process,10/27/08,26-Jan-09,20-Jan-09,20-Jan-09,HRDT,HIV test,"SHANGHAI KEHUA BIOENGINEERING CO.,LTD.  (KHB)","HIV 1/2, SKB Colloidal Gold, Diagnostic Kit, Antibody, 50 Tests","HIV 1/2, Colloidal Gold, Diagnostic Kit, Antibody",Colloidal Gold,N/A,Test kit,1,3470,79810,23,23,"KHB Test Kit Facility, Shanghai China",Yes,2509,19882.25,156.43
2147,117-ET-T01,Pre-PQ Process,SCMS-32640,ASN-2935,Ethiopia,PMO - US,Direct Drop,EXW,Air,Pre-PQ Process,10/27/08,3-Dec-08,3-Dec-08,3-Dec-08,HRDT,HIV test,"SHANGHAI KEHUA BIOENGINEERING CO.,LTD.  (KHB)","HIV 1/2, SKB Colloidal Gold, Diagnostic Kit, Antibody, 50 Tests","HIV 1/2, Colloidal Gold, Diagnostic Kit, Antibody",Colloidal Gold,N/A,Test kit,1,3510,80730,23,23,"KHB Test Kit Facility, Shanghai China",Yes,2535,22433.91,158.23
2148,113-ZW-T01,Pre-PQ Process,SCMS-32660,ASN-3228,Zimbabwe,PMO - US,Direct Drop,CIP,Air,Pre-PQ Process,10/28/08,3-Feb-09,3-Feb-09,3-Feb-09,HRDT,HIV test,BIOLYTICAL LABORATORIES INC.,"#109440**HIV 1/2, INSTI HIV Antibody Individual POC, 1 Test","HIV 1/2, INSTI HIV Antibody Individual POC, 1 Test",INSTi,N/A,Test kit,1,5000,12706.65,2.54,2.54,bioLytical Laboratories,Yes,Weight Captured Separately,Freight Included in Commodity Cost,24.91
2153,108-VN-T01,Pre-PQ Process,SCMS-33070,ASN-2888,Vietnam,PMO - US,Direct Drop,EXW,Air,Pre-PQ Process,11/3/08,27-Nov-08,27-Nov-08,27-Nov-08,ARV,Adult,Aurobindo Pharma Limited,"Nevirapine 200mg, tablets, 60 Tabs",Nevirapine,Generic,200mg,Tablet,60,6000,17400,2.9,0.05,"Aurobindo Unit III, India",Yes,581,2653.27,34.1
2156,116-ZA-T01,Pre-PQ Process,SCMS-33320,ASN-3553,South Africa,PMO - US,Direct Drop,DDP,Truck,Pre-PQ Process,Date Not Captured,17-May-09,9-Oct-08,9-Oct-08,ARV,Adult,S. BUYS WHOLESALER,"Efavirenz 600mg, tablets, 30 Tabs",Efavirenz,Generic,600mg,Tablet,30,1300,20410,15.7,0.52,"Cipla, Goa, India",No,Weight Captured Separately,Freight Included in Commodity Cost,40
2157,116-ZA-T01,Pre-PQ Process,SCMS-33320,ASN-3553,South Africa,PMO - US,Direct Drop,DDP,Truck,Pre-PQ Process,Date Not Captured,17-May-09,9-Oct-08,9-Oct-08,ARV,Pediatric,S. BUYS WHOLESALER,"Zidovudine 10mg/ml [Retrovir], oral solution, Bottle, 200 ml",Zidovudine,Retrovir,10mg/ml,Oral solution,200,120,733.2,6.11,0.03,GSK Mississauga (Canada),No,Weight Captured Separately,Freight Included in Commodity Cost,1.44
2158,116-ZA-T01,Pre-PQ Process,SCMS-33320,ASN-3553,South Africa,PMO - US,Direct Drop,DDP,Truck,Pre-PQ Process,Date Not Captured,17-May-09,9-Oct-08,9-Oct-08,ARV,Adult,S. BUYS WHOLESALER,"Saquinavir 200mg [Invirase], capsules, 270 Caps",Saquinavir,Invirase,200mg,Capsule,270,6,424.08,70.68,0.26,Roche Basel,No,Weight Captured Separately,Freight Included in Commodity Cost,0.83
2159,116-ZA-T01,Pre-PQ Process,SCMS-33320,ASN-3553,South Africa,PMO - US,Direct Drop,DDP,Truck,Pre-PQ Process,Date Not Captured,17-May-09,9-Oct-08,9-Oct-08,ARV,Pediatric,S. BUYS WHOLESALER,"Nevirapine 10mg/ml [Viramune], oral suspension, Bottle, 240 ml",Nevirapine,Viramune,10mg/ml,Oral suspension,240,40,540.4,13.51,0.06,"BI, Ingelheim, Germany",No,Weight Captured Separately,Freight Included in Commodity Cost,1.06
2171,133-NG-T01,Pre-PQ Process,SCMS-33820,ASN-3665,Nigeria,PMO - US,Direct Drop,EXW,Air,Pre-PQ Process,11/20/08,8-Apr-09,8-Apr-09,8-Apr-09,HRDT,HIV test,"Orgenics, Ltd","HIV 1/2, Determine Complete HIV Kit, 100 Tests","HIV 1/2, Determine Complete HIV Kit",Determine,N/A,Test kit,100,5751,460080,80,0.8,Inverness Japan,Yes,1723,22451.67,901.76
2173,141-NA-T01,Pre-PQ Process,SCMS-33850,ASN-3110,Namibia,PMO - US,Direct Drop,EXW,Air,Pre-PQ Process,11/20/08,27-Jan-09,27-Jan-09,27-Jan-09,HRDT,HIV test,INVERNESS MEDICAL INNOVATIONS SOUTH AFRICA (PTY) LTD,"HIV 1/2, Clearview Complete Kit, 25 Tests","HIV 1/2, Clearview Complete Kit",Clearview,N/A,Test kit,25,3,225,75,3,Inverness USA,Yes,3,963.34,0.44
2257,102-GY-T01,Pre-PQ Process,SCMS-36540,ASN-3166,Guyana,PMO - US,Direct Drop,EXW,Air,Pre-PQ Process,12/23/08,25-Feb-09,27-Jan-09,27-Jan-09,HRDT,HIV test,"CHEMBIO DIAGNOSTIC SYSTEMS, INC.","HIV 1/2, Stat-Pak HIV, Kit, 20 Tests","HIV 1/2, Stat-Pak HIV, Kit",Stat-Pak,N/A,Test kit,20,100,2700,27,1.35,Chembio Diagnostics Sys. Inc.,Yes,28,692.38,5.29
2295,119-NA-T01,Pre-PQ Process,SCMS-37060,ASN-3303,Namibia,PMO - US,Direct Drop,EXW,Air,Pre-PQ Process,1/13/09,2-Mar-09,2-Mar-09,2-Mar-09,HRDT,HIV test,"Trinity Biotech, Plc","HIV 1/2, Uni-Gold HIV Kit, 20 Tests","HIV 1/2, Uni-Gold HIV Kit",Uni-Gold,N/A,Test kit,20,68,2176,32,1.6,"Trinity Biotech, Plc",Yes,22,1003.52,4.26
2297,108-VN-T01,Pre-PQ Process,SCMS-37160,ASN-3561,Vietnam,PMO - US,Direct Drop,EXW,Air,Pre-PQ Process,1/16/09,7-Apr-09,7-Apr-09,7-Apr-09,ARV,Adult,Aurobindo Pharma Limited,"Lamivudine 150mg, tablets, 60 Tabs",Lamivudine,Generic,150mg,Tablet,60,9000,21600,2.4,0.04,"Aurobindo Unit III, India",Yes,2228,9809.7,42.34
2298,108-VN-T01,Pre-PQ Process,SCMS-37170,ASN-3562,Vietnam,PMO - US,Direct Drop,EXW,Air,Pre-PQ Process,1/16/09,10-Apr-09,10-Apr-09,10-Apr-09,ARV,Adult,Aurobindo Pharma Limited,"Lamivudine/Nevirapine/Zidovudine 150/200/300mg, tablets, 60 Tabs",Lamivudine/Nevirapine/Zidovudine,Generic,150/300/200mg,Tablet - FDC,60,700,7805,11.15,0.19,"Aurobindo Unit III, India",No,See ASN-3562 (ID#:960),See ASN-3562 (ID#:960),15.3
2305,131-NG-T01,Pre-PQ Process,SCMS-37370,ASN-3497,Nigeria,PMO - US,Direct Drop,CIP,Air,Pre-PQ Process,2/3/09,8-Apr-09,8-Apr-09,8-Apr-09,ARV,Adult,MERCK SHARP & DOHME IDEA GMBH (FORMALLY MERCK SHARP & DOHME B.V.),"Efavirenz/Emtricitabine/Tenofovir Disoproxil Fumarate 600/200/300mg [Atripla], tablets, 30 Tabs",Efavirenz/Emtricitabine/Tenofovir Disoproxil Fumarate,Atripla,600/200/300mg,Tablet - FDC,30,25000,1260000,50.4,1.68,"MSD, Haarlem, NL",Yes,2067,7933.38,2469.6
2328,106-HT-T01,Pre-PQ Process,SCMS-38160,ASN-3457,Haiti,PMO - US,Direct Drop,EXW,Air,Pre-PQ Process,2/3/09,16-Mar-09,16-Mar-09,16-Mar-09,HRDT,HIV test,"Orgenics, Ltd","HIV 1/2, Determine HIV Kit, without Lancets, 100 Tests","HIV 1/2, Determine HIV Kit, without Lancets",Determine,N/A,Test kit,100,1680,117600,70,0.7,Inverness Japan,Yes,382,3241.06,230.5
2399,106-HT-T01,Pre-PQ Process,SCMS-39970,ASN-3628,Haiti,PMO - US,Direct Drop,EXW,Air,Pre-PQ Process,3/6/09,2-Apr-09,2-Apr-09,2-Apr-09,ARV,Pediatric,Aurobindo Pharma Limited,"Zidovudine 100mg, capsules, 100 Caps",Zidovudine,Generic,100mg,Capsule,100,2100,10500,5,0.05,"Aurobindo Unit III, India",Yes,187,1903.54,20.58
2417,111-MZ-T01,Pre-PQ Process,SCMS-40370,ASN-3857,Mozambique,PMO - US,Direct Drop,EXW,Air,Pre-PQ Process,3/11/09,26-May-09,26-May-09,26-May-09,HRDT,HIV test,"Orgenics, Ltd","HIV 1/2, Determine Complete HIV Kit, 100 Tests","HIV 1/2, Determine Complete HIV Kit",Determine,N/A,Test kit,100,9000,648000,72,0.72,Inverness Japan,Yes,2655,25052.69,1270.08
2429,116-ZA-T01,Pre-PQ Process,SCMS-40780,ASN-3607,South Africa,PMO - US,Direct Drop,DDP,Air,Pre-PQ Process,Date Not Captured,17-Mar-09,28-Nov-08,28-Nov-08,ARV,Pediatric,S. BUYS WHOLESALER,"Efavirenz 200mg, capsule, 90 Caps",Efavirenz,Generic,200mg,Capsule,90,176,3359.84,19.09,0.21,"Aurobindo Unit III, India",Yes,Weight Captured Separately,Freight Included in Commodity Cost,6.59
2430,116-ZA-T01,Pre-PQ Process,SCMS-40790,ASN-3575,South Africa,PMO - US,Direct Drop,DDP,Air,Pre-PQ Process,Date Not Captured,24-Mar-09,1-Dec-08,1-Dec-08,ARV,Adult,S. BUYS WHOLESALER,"Nevirapine 200mg, tablets, 60 Tabs",Nevirapine,Generic,200mg,Tablet,60,5017,24583.3,4.9,0.08,"Aurobindo Unit III, India",Yes,Weight Captured Separately,Freight Included in Commodity Cost,48.18
2431,116-ZA-T01,Pre-PQ Process,SCMS-40810,ASN-3634,South Africa,PMO - US,Direct Drop,DDP,Air,Pre-PQ Process,Date Not Captured,31-Mar-09,2-Dec-08,2-Dec-08,ARV,Pediatric,S. BUYS WHOLESALER,"Zidovudine 10mg/ml, oral solution, Bottle, 240 ml",Zidovudine,Generic,10mg/ml,Oral solution,240,929,3390.85,3.65,0.02,"Aurobindo Unit III, India",No,Weight Captured Separately,Freight Included in Commodity Cost,6.65
2432,116-ZA-T01,Pre-PQ Process,SCMS-40860,ASN-3581,South Africa,PMO - US,Direct Drop,DDP,Air,Pre-PQ Process,Date Not Captured,23-Jun-09,29-Jan-09,29-Jan-09,ARV,Adult,S. BUYS WHOLESALER,"Lamivudine 150mg, tablets, 60 Tabs",Lamivudine,Generic,150mg,Tablet,60,6700,36582,5.46,0.09,"Aurobindo Unit III, India",Yes,Weight Captured Separately,Freight Included in Commodity Cost,71.7
2436,116-ZA-T01,Pre-PQ Process,SCMS-41070,ASN-3625,South Africa,PMO - US,Direct Drop,DDP,Air,Pre-PQ Process,Date Not Captured,12-May-09,30-Dec-08,30-Dec-08,ARV,Adult,S. BUYS WHOLESALER,"Zidovudine 300mg [Retrovir], tablets, 60 Tabs",Zidovudine,Retrovir,300mg,Tablet,60,1350,19062,14.12,0.24,GSK Aranda,No,Weight Captured Separately,Freight Included in Commodity Cost,37.36
2437,116-ZA-T01,Pre-PQ Process,SCMS-41080,ASN-3638,South Africa,PMO - US,Direct Drop,DDP,Air,Pre-PQ Process,Date Not Captured,26-May-09,22-Jan-09,22-Jan-09,ARV,Adult,S. BUYS WHOLESALER,"Efavirenz 600mg, tablets, 30 Tabs",Efavirenz,Generic,600mg,Tablet,30,1120,16307.2,14.56,0.49,"Cipla, Goa, India",Yes,Weight Captured Separately,Freight Included in Commodity Cost,31.96
2438,116-ZA-T01,Pre-PQ Process,SCMS-41140,ASN-3752,South Africa,PMO - US,Direct Drop,DDP,Air,Pre-PQ Process,Date Not Captured,31-Mar-09,21-Nov-08,21-Nov-08,ARV,Adult,S. BUYS WHOLESALER,"Stavudine 20mg [Zerit], capsules, 60 Caps",Stavudine,Zerit,20mg,Capsule,60,100,371,3.71,0.06,"BMS Meymac, France",No,Weight Captured Separately,Freight Included in Commodity Cost,0.73
2439,116-ZA-T01,Pre-PQ Process,SCMS-41190,ASN-3732,South Africa,PMO - US,Direct Drop,DDP,Air,Pre-PQ Process,Date Not Captured,30-Mar-09,21-Jan-09,21-Jan-09,ARV,Adult,S. BUYS WHOLESALER,"Stavudine 30mg, capsules, 60 Caps",Stavudine,Generic,30mg,Capsule,60,1000,2920,2.92,0.05,"Aurobindo Unit III, India",Yes,Weight Captured Separately,Freight Included in Commodity Cost,5.72
2440,116-ZA-T01,Pre-PQ Process,SCMS-41190,ASN-3732,South Africa,PMO - US,Direct Drop,DDP,Air,Pre-PQ Process,Date Not Captured,30-Mar-09,21-Jan-09,21-Jan-09,ARV,Adult,S. BUYS WHOLESALER,"Nevirapine 200mg [Viramune], tablets, 60 Tabs",Nevirapine,Viramune,200mg,Tablet,60,260,4035.2,15.52,0.26,"Boehringer Ing., Koropi, GR",No,Weight Captured Separately,Freight Included in Commodity Cost,7.91
2441,114-UG-T01,Pre-PQ Process,SCMS-41240,ASN-3904,Uganda,PMO - US,Direct Drop,CIP,Air,Pre-PQ Process,3/19/09,4-May-09,4-May-09,4-May-09,ARV,Adult,BRISTOL-MYERS SQUIBB,"Didanosine EC 250mg [Videx EC], delayed-release capsules, Blister 3 x 10 Caps",Didanosine EC,Videx EC,250mg,Delayed-release capsules - blister,30,60,1100.4,18.34,0.61,"BMS Meymac, France",Yes,3000,428.91,2.16
2447,116-ZA-T01,Pre-PQ Process,SCMS-41450,ASN-4362,South Africa,PMO - US,Direct Drop,DDP,Truck,Pre-PQ Process,3/18/09,17-Apr-09,17-Apr-09,17-Apr-09,ARV,Pediatric,S. BUYS WHOLESALER,"Efavirenz 200mg [Stocrin/Sustiva], capsule, 90 Caps",Efavirenz,Stocrin/Sustiva,200mg,Capsule,90,5000,160900,32.18,0.36,"MSD Midrand, J'burg, SA",Yes,Weight Captured Separately,Freight Included in Commodity Cost,315.36
2450,116-ZA-T01,Pre-PQ Process,SCMS-41584,ASN-4385,South Africa,PMO - US,Direct Drop,DDP,Air,Pre-PQ Process,3/27/09,25-Jun-09,20-Apr-09,20-Apr-09,ARV,Pediatric,S. BUYS WHOLESALER,"Zidovudine 10mg/ml [Retrovir], solution for IV infusion injection, Vial 5 x 20 ml",Zidovudine,Retrovir,10mg/ml,Injection,5,166,2265.9,13.65,2.73,GSK Ware (UK),No,Weight Captured Separately,Freight Included in Commodity Cost,4.44
2451,116-ZA-T01,Pre-PQ Process,SCMS-41584,ASN-4385,South Africa,PMO - US,Direct Drop,DDP,Air,Pre-PQ Process,3/27/09,25-Jun-09,20-Apr-09,20-Apr-09,ARV,Pediatric,S. BUYS WHOLESALER,"Didanosine 50mg [Videx], chewable tablets, 60 Tabs",Didanosine,Videx,50mg,Chewable/dispersible tablet,60,1500,15150,10.1,0.17,"BMS Meymac, France",No,Weight Captured Separately,Freight Included in Commodity Cost,29.69
2463,107-RW-T01,Pre-PQ Process,SCMS-30312,ASN-3851,Rwanda,PMO - US,Direct Drop,CIP,Air,Pre-PQ Process,10/21/08,20-Apr-09,20-Apr-09,20-Apr-09,ARV,Adult,CIPLA LIMITED,"Lamivudine/Zidovudine 150/300mg, tablets, 60 Tabs",Lamivudine/Zidovudine,Generic,150/300mg,Tablet - FDC,60,7840,71344,9.1,0.15,"Cipla, Goa, India",Yes,719,853.88,139.83
2474,116-ZA-T01,Pre-PQ Process,SCMS-47420,ASN-4280,South Africa,PMO - US,Direct Drop,DDP,Air,Pre-PQ Process,4/2/09,31-Jul-09,20-Apr-09,20-Apr-09,ARV,Pediatric,S. BUYS WHOLESALER,"Lopinavir/Ritonavir 80/20mg/ml [Kaletra], oral solution, cool, Bottle 5 x 60 ml",Lopinavir/Ritonavir,Kaletra,80/20mg/ml,Oral solution,300,40,1440,36,0.12,ABBVIE (Abbott) Logis. UK,Yes,Weight Captured Separately,Freight Included in Commodity Cost,2.82
2475,116-ZA-T01,Pre-PQ Process,SCMS-47360,ASN-4286,South Africa,PMO - US,Direct Drop,DDP,Truck,Pre-PQ Process,4/2/09,31-Jul-09,4-May-09,4-May-09,ARV,Pediatric,S. BUYS WHOLESALER,"Ritonavir 80mg/ml [Norvir], oral solution, cool, Bottle, 90 ml",Ritonavir,Norvir,80mg/ml,Oral solution,90,6,43.2,7.2,0.08,ABBVIE (Abbott) France,Yes,Weight Captured Separately,Freight Included in Commodity Cost,0.08
2476,116-ZA-T01,Pre-PQ Process,SCMS-42250,ASN-4612,South Africa,PMO - US,Direct Drop,DDP,Truck,Pre-PQ Process,4/2/09,31-Jul-09,8-Jun-09,8-Jun-09,ARV,Pediatric,S. BUYS WHOLESALER,"Ritonavir 80mg/ml [Norvir], oral solution, cool, Bottle, 90 ml",Ritonavir,Norvir,80mg/ml,Oral solution,90,6,43.2,7.2,0.08,ABBVIE (Abbott) France,Yes,Weight Captured Separately,Freight Included in Commodity Cost,0.08
2477,102-GY-T01,Pre-PQ Process,SCMS-42290,ASN-3987,Guyana,PMO - US,Direct Drop,EXW,Air,Pre-PQ Process,3/31/09,5-Jun-09,5-Jun-09,5-Jun-09,HRDT,HIV test,"Orgenics, Ltd","HIV 1/2, Determine Complete HIV Kit, 100 Tests","HIV 1/2, Determine Complete HIV Kit",Determine,N/A,Test kit,100,425,38250,90,0.9,Inverness Japan,Yes,130,1859.79,74.97
2478,102-GY-T01,Pre-PQ Process,SCMS-42320,ASN-4291,Guyana,PMO - US,Direct Drop,EXW,Air,Pre-PQ Process,3/30/09,1-Jul-09,1-Jul-09,1-Jul-09,HRDT,HIV test,"Orgenics, Ltd","HIV 1/2, Determine Complete HIV Kit, 100 Tests","HIV 1/2, Determine Complete HIV Kit",Determine,N/A,Test kit,100,276,24840,90,0.9,Inverness Japan,Yes,87,1205.7,48.69
2481,116-ZA-T01,Pre-PQ Process,SCMS-47500,ASN-4332,South Africa,PMO - US,Direct Drop,DDP,Truck,Pre-PQ Process,4/2/09,15-May-09,23-Apr-09,23-Apr-09,ARV,Adult,S. BUYS WHOLESALER,"Stavudine 20mg [Zerit], capsules, 60 Caps",Stavudine,Zerit,20mg,Capsule,60,76,300.2,3.95,0.07,"BMS Meymac, France",No,See ASN-4332 (ID#:1115),See ASN-4332 (ID#:1115),0.59
2499,112-NG-T01,Pre-PQ Process,SCMS-42830,ASN-3984,Nigeria,PMO - US,Direct Drop,FCA,Air,Pre-PQ Process,4/1/09,20-May-09,20-May-09,20-May-09,ARV,Adult,ABBVIE LOGISTICS (FORMERLY ABBOTT LOGISTICS BV),"Lopinavir/Ritonavir 200/50mg [Aluvia], tablets, 120 Tabs",Lopinavir/Ritonavir,Aluvia,200/50mg,Tablet,120,73,3000.3,41.1,0.34,ABBVIE Ludwigshafen Germany,Yes,69,1332.43,5.88
2502,102-KE-T01,Pre-PQ Process,SCMS-42970,ASN-4098,Kenya,PMO - US,Direct Drop,EXW,Air,Pre-PQ Process,4/4/09,18-Jun-09,18-Jun-09,18-Jun-09,HRDT,HIV test,"Trinity Biotech, Plc","HIV 1/2, Uni-Gold HIV Kit, 20 Tests","HIV 1/2, Uni-Gold HIV Kit",Uni-Gold,N/A,Test kit,20,5,160,32,1.6,"Trinity Biotech, Plc",Yes,2,12561.4,0.31
2503,102-KE-T01,Pre-PQ Process,SCMS-42970,ASN-4099,Kenya,PMO - US,Direct Drop,EXW,Air,Pre-PQ Process,4/4/09,18-Jun-09,18-Jun-09,18-Jun-09,HRDT,HIV test,"Trinity Biotech, Plc","HIV 1/2, Uni-Gold HIV Kit, 20 Tests","HIV 1/2, Uni-Gold HIV Kit",Uni-Gold,N/A,Test kit,20,4995,159840,32,1.6,"Trinity Biotech, Plc",Yes,4995,275,313.29
2506,123-NG-T01,Pre-PQ Process,SCMS-36892,ASN-4206,Nigeria,PMO - US,Direct Drop,FCA,Air,Pre-PQ Process,4/7/09,14-Jul-09,14-Jul-09,14-Jul-09,ARV,Adult,ABBVIE LOGISTICS (FORMERLY ABBOTT LOGISTICS BV),"Lopinavir/Ritonavir 200/50mg [Aluvia], tablets, 120 Tabs",Lopinavir/Ritonavir,Aluvia,200/50mg,Tablet,120,2040,83844,41.1,0.34,ABBVIE Ludwigshafen Germany,Yes,309,3777.93,164.33
2536,107-RW-T01,Pre-PQ Process,SCMS-43880,ASN-4462,Rwanda,PMO - US,Direct Drop,CIP,Air,Pre-PQ Process,4/15/09,20-Jul-09,20-Jul-09,20-Jul-09,ARV,Adult,MYLAN LABORATORIES LTD (FORMERLY MATRIX LABORATORIES),"Lamivudine/Nevirapine/Zidovudine 150/200/300mg, tablets, 60 Tabs",Lamivudine/Nevirapine/Zidovudine,Generic,150/300/200mg,Tablet - FDC,60,26932,317528.28,11.79,0.2,Mylan (formerly Matrix) Nashik,Yes,3393,30661.5,622.36
2539,104-CI-T01,Pre-PQ Process,SCMS-44120,ASN-4289,Côte d'Ivoire,PMO - US,Direct Drop,EXW,Air,Pre-PQ Process,4/15/09,10-Jun-09,15-Jul-09,15-Jul-09,HRDT,HIV test,BIO-RAD LABORATORIES (FRANCE),"#108853** HIV, Genie II HIV-1/HIV-2 Kit, 40 Tests","HIV, Genie II HIV-1/HIV-2 Kit",Genie,N/A,Test kit,40,1000,110000,110,2.75,Bio-Rad Laboratories,Yes,1073,8114.11,215.6
2558,119-NA-T01,Pre-PQ Process,SCMS-44960,ASN-4186,Namibia,PMO - US,Direct Drop,EXW,Air,Pre-PQ Process,4/27/09,15-Jun-09,15-Jun-09,15-Jun-09,HRDT,HIV test,"Orgenics, Ltd","HIV 1/2, Determine HIV Kit, without Lancets, 100 Tests","HIV 1/2, Determine HIV Kit, without Lancets",Determine,N/A,Test kit,100,800,56000,70,0.7,Inverness Japan,Yes,195,2008.54,109.76
2559,108-VN-T01,Pre-PQ Process,SCMS-44980,ASN-4094,Vietnam,PMO - US,Direct Drop,EXW,Air,Pre-PQ Process,4/29/09,8-Jun-09,8-Jun-09,8-Jun-09,ARV,Adult,Aurobindo Pharma Limited,"Didanosine 250mg, delayed-release capsules, 30 Caps",Didanosine,Generic,250mg,Delayed-release capsules,30,150,1950,13,0.43,"Aurobindo Unit III, India",Yes,30,4111.71,3.82
2562,104-CI-T01,Pre-PQ Process,SCMS-45110,ASN-4046,Côte d'Ivoire,PMO - US,Direct Drop,EXW,Air,Pre-PQ Process,4/29/09,9-Jun-09,9-Jun-09,9-Jun-09,HRDT,HIV test,BIO-RAD LABORATORIES (FRANCE),"#108853** HIV, Genie II HIV-1/HIV-2 Kit, 40 Tests","HIV, Genie II HIV-1/HIV-2 Kit",Genie,N/A,Test kit,40,140,15400,110,2.75,Bio-Rad Laboratories,Yes,158,4318.21,30.18
2571,119-NA-T01,Pre-PQ Process,SCMS-45620,ASN-4511,Namibia,PMO - US,Direct Drop,EXW,Air,Pre-PQ Process,5/8/09,18-Aug-09,18-Aug-09,18-Aug-09,ARV,Pediatric,CIPLA LIMITED,"Lamivudine/Stavudine 30/6mg, dispersible tablets, 60 Tabs",Lamivudine/Stavudine,Generic,30/6mg,Chewable/dispersible tablet - FDC,60,2000,3800,1.9,0.03,"Cipla, Goa, India",Yes,251,1484.75,7.45
2588,108-VN-T01,Pre-PQ Process,SCMS-46560,ASN-4709,Vietnam,PMO - US,Direct Drop,CIP,Air,Pre-PQ Process,5/27/09,19-Aug-09,19-Aug-09,19-Aug-09,ARV,Pediatric,BRISTOL-MYERS SQUIBB,"Didanosine 25mg [Videx], chewable tablets, 60 Tabs",Didanosine,Videx,25mg,Chewable/dispersible tablet,60,120,840,7,0.12,"BMS Meymac, France",Yes,Weight Captured Separately,Freight Included in Commodity Cost,1.65
2601,116-ZA-T01,Pre-PQ Process,SCMS-47051,ASN-4837,South Africa,PMO - US,Direct Drop,DDP,Truck,Pre-PQ Process,6/5/09,12-Oct-09,3-Aug-09,3-Aug-09,ARV,Adult,S. BUYS WHOLESALER,"Didanosine EC 400mg [Videx EC], delayed-release capsules, Blister 3 x 10 Caps",Didanosine EC,Videx EC,400mg,Delayed-release capsules - blister,30,20,438,21.9,0.73,"BMS Meymac, France",Yes,Weight Captured Separately,Freight Included in Commodity Cost,0.86
2602,116-ZA-T01,Pre-PQ Process,SCMS-47090,ASN-4820,South Africa,PMO - US,Direct Drop,DDP,Truck,Pre-PQ Process,6/5/09,21-Jul-09,21-Jul-09,21-Jul-09,ARV,Adult,S. BUYS WHOLESALER,"Stavudine 20mg [Zerit], capsules, 60 Caps",Stavudine,Zerit,20mg,Capsule,60,320,1475.2,4.61,0.08,"BMS Meymac, France",Yes,Weight Captured Separately,Freight Included in Commodity Cost,2.89
2603,110-ZM-T01,Pre-PQ Process,SCMS-42641,ASN-5221,Zambia,PMO - US,Direct Drop,EXW,Air,Pre-PQ Process,6/6/09,11-Nov-09,29-Oct-09,29-Oct-09,HRDT,HIV test,"Orgenics, Ltd","HIV 1/2, Determine Complete HIV Kit, 100 Tests","HIV 1/2, Determine Complete HIV Kit",Determine,N/A,Test kit,100,2000,144000,72,0.72,Inverness Japan,Yes,590,5962.58,310.46
2632,105-GY-T01,Pre-PQ Process,SCMS-48690,ASN-4600,Guyana,PMO - US,Direct Drop,CIP,Air,Pre-PQ Process,7/15/09,7-Aug-09,7-Aug-09,7-Aug-09,ARV,Adult,ABBOTT LABORATORIES (PUERTO RICO),"Lopinavir/Ritonavir 200/50mg [Aluvia], tablets, 120 Tabs",Lopinavir/Ritonavir,Aluvia,200/50mg,Tablet,120,2733,224625.27,82.19,0.68,ABBVIE Ludwigshafen Germany,Yes,589,314,440.27
2647,104-CI-T01,Pre-PQ Process,SCMS-28,ASN-16,Côte d'Ivoire,PMO - US,Direct Drop,EXW,Air,Pre-PQ Process,Date Not Captured,6-Sep-06,6-Sep-06,6-Sep-06,HRDT,HIV test,BIO-RAD LABORATORIES (FRANCE),"#108853** HIV, Genie II HIV-1/HIV-2 Kit, 40 Tests","HIV, Genie II HIV-1/HIV-2 Kit",Genie,N/A,Test kit,40,100,7535,75.35,1.88,Bio-Rad Laboratories,Yes,107,1845.74,
2654,106-HT-T01,Pre-PQ Process,SCMS-73,ASN-59,Haiti,PMO - US,Direct Drop,EXW,Air,Pre-PQ Process,Date Not Captured,9-Oct-06,9-Oct-06,9-Oct-06,HRDT,HIV test,"Trinity Biotech, Plc","HIV 1/2, Capillus HIV Kit, 100 Tests","HIV 1/2, Capillus HIV Kit",Capillus,N/A,Test kit,100,45,7875,175,1.75,Not Applicable,Yes,29,854.34,
2655,108-VN-T01,Pre-PQ Process,SCMS-80,ASN-49,Vietnam,PMO - US,Direct Drop,EXW,Air,Pre-PQ Process,Date Not Captured,1-Sep-06,1-Sep-06,1-Sep-06,ARV,Adult,"GILEAD SCIENCES IRELAND, INC.","Tenofovir Disoproxil Fumarate 300mg [Viread], tablets, 30 Tabs",Tenofovir Disoproxil Fumarate,Viread,300mg,Tablet,30,1000,17000,17,0.57,Gilead(Nycomed) Oranienburg DE,Yes,61,7682.69,
2656,108-VN-T01,Pre-PQ Process,SCMS-81,ASN-55,Vietnam,PMO - US,Direct Drop,EXW,Air,Pre-PQ Process,Date Not Captured,11-Aug-06,11-Aug-06,11-Aug-06,ARV,Adult,Aurobindo Pharma Limited,"Nevirapine 200mg, tablets, 60 Tabs",Nevirapine,Generic,200mg,Tablet,60,35000,152250,4.35,0.07,"Aurobindo Unit III, India",No,See ASN-55 (ID#:16),See ASN-55 (ID#:16),
2657,108-VN-T01,Pre-PQ Process,SCMS-81,ASN-55,Vietnam,PMO - US,Direct Drop,EXW,Air,Pre-PQ Process,Date Not Captured,11-Aug-06,11-Aug-06,11-Aug-06,ARV,Adult,Aurobindo Pharma Limited,"Lamivudine/Zidovudine 150/300mg, tablets, 60 Tabs",Lamivudine/Zidovudine,Generic,150/300mg,Tablet - FDC,60,20000,338000,16.9,0.28,"Aurobindo Unit III, India",No,See ASN-55 (ID#:16),See ASN-55 (ID#:16),
2661,112-NG-T01,Pre-PQ Process,SCMS-87,ASN-57,Nigeria,PMO - US,Direct Drop,EXW,Air,Pre-PQ Process,Date Not Captured,28-Sep-06,28-Sep-06,28-Sep-06,ARV,Pediatric,Aurobindo Pharma Limited,"Lamivudine 10mg/ml, oral solution, Bottle, 240 ml",Lamivudine,Generic,10mg/ml,Oral solution,240,416,1809.6,4.35,0.02,"Aurobindo Unit III, India",No,See ASN-57 (ID#:23),See ASN-57 (ID#:23),
2662,112-NG-T01,Pre-PQ Process,SCMS-87,ASN-57,Nigeria,PMO - US,Direct Drop,EXW,Air,Pre-PQ Process,Date Not Captured,28-Sep-06,28-Sep-06,28-Sep-06,ARV,Adult,Aurobindo Pharma Limited,"Lamivudine 150mg, tablets, 60 Tabs",Lamivudine,Generic,150mg,Tablet,60,486,2041.2,4.2,0.07,"Aurobindo Unit III, India",No,See ASN-57 (ID#:23),See ASN-57 (ID#:23),
2680,110-ZM-T01,Pre-PQ Process,SCMS-137,ASN-95,Zambia,PMO - US,Direct Drop,EXW,Air,Pre-PQ Process,Date Not Captured,29-Jan-07,29-Jan-07,29-Jan-07,ARV,Pediatric,Aurobindo Pharma Limited,"Abacavir 20mg/ml, oral solution, Bottle, 240 ml",Abacavir,Generic,20mg/ml,Oral solution,240,906,19071.3,21.05,0.09,"Aurobindo Unit III, India",Yes,316,3850.8,
2681,110-ZM-T01,Pre-PQ Process,SCMS-138,ASN-86,Zambia,PMO - US,Direct Drop,EXW,Air,Pre-PQ Process,Date Not Captured,13-Nov-06,13-Nov-06,13-Nov-06,ARV,Adult,Aurobindo Pharma Limited,"Lamivudine/Zidovudine 150/300mg, tablets, 60 Tabs",Lamivudine/Zidovudine,Generic,150/300mg,Tablet - FDC,60,38780,432009.2,11.14,0.19,"Aurobindo Unit III, India",Yes,3217,14364.29,
2683,112-NG-T01,Pre-PQ Process,SCMS-156,ASN-93,Nigeria,PMO - US,Direct Drop,EXW,Air,Pre-PQ Process,Date Not Captured,7-Dec-06,7-Dec-06,7-Dec-06,ARV,Adult,Aurobindo Pharma Limited,"Nevirapine 200mg, tablets, 60 Tabs",Nevirapine,Generic,200mg,Tablet,60,4632,16906.8,3.65,0.06,"Aurobindo Unit III, India",No,See ASN-93 (ID#:1281),See ASN-93 (ID#:1281),
2684,112-NG-T01,Pre-PQ Process,SCMS-156,ASN-93,Nigeria,PMO - US,Direct Drop,EXW,Air,Pre-PQ Process,Date Not Captured,7-Dec-06,7-Dec-06,7-Dec-06,ARV,Adult,Aurobindo Pharma Limited,"Stavudine 40mg, capsules, 60 Caps",Stavudine,Generic,40mg,Capsule,60,166,356.9,2.15,0.04,"Aurobindo Unit III, India",No,See ASN-93 (ID#:1281),See ASN-93 (ID#:1281),
2685,110-ZM-T01,Pre-PQ Process,SCMS-163,ASN-123,Zambia,PMO - US,Direct Drop,EXW,Air,Pre-PQ Process,Date Not Captured,20-Dec-06,20-Dec-06,20-Dec-06,ARV,Adult,Aurobindo Pharma Limited,"Efavirenz 600mg, tablets, 30 Tabs",Efavirenz,Generic,600mg,Tablet,30,60784,1018132,16.75,0.56,"Aurobindo Unit III, India",Yes,11179,49824.57,
2686,108-VN-T01,Pre-PQ Process,SCMS-168,ASN-276,Vietnam,PMO - US,Direct Drop,EXW,Air,Pre-PQ Process,11/14/06,14-Mar-07,14-Mar-07,14-Mar-07,ARV,Pediatric,Aurobindo Pharma Limited,"Zidovudine 10mg/ml, oral solution, Bottle, 240 ml",Zidovudine,Generic,10mg/ml,Oral solution,240,1000,5050,5.05,0.02,"Aurobindo Unit III, India",Yes,3822,25124.12,
2687,108-VN-T01,Pre-PQ Process,SCMS-169,ASN-272,Vietnam,PMO - US,Direct Drop,EXW,Air,Pre-PQ Process,11/15/06,14-Mar-07,14-Mar-07,14-Mar-07,ARV,Pediatric,CIPLA LIMITED,"Lamivudine 10mg/ml, oral solution, Bottle, 240 ml",Lamivudine,Generic,10mg/ml,Oral solution,240,1000,2440,2.44,0.01,"Cipla, Goa, India",No,See ASN-272 (ID#:1282),See ASN-272 (ID#:1282),
2705,106-HT-T01,Pre-PQ Process,SCMS-276,ASN-194,Haiti,PMO - US,Direct Drop,EXW,Air,Pre-PQ Process,Date Not Captured,7-Feb-07,7-Feb-07,7-Feb-07,HRDT,HIV test,Orasure Technologies Inc.,"HIV 1/2, OraQuick Advance HIV Rapid Antibody Kit, 100 Tests","HIV 1/2, OraQuick Advance HIV Rapid Antibody Kit",OraQuick,N/A,Test kit,100,25,10000,400,4,"Pacific Biotech, Thailand",Yes,60,1498.02,
2708,108-VN-T01,Pre-PQ Process,SCMS-313,ASN-542,Vietnam,PMO - US,Direct Drop,EXW,Air,Pre-PQ Process,2/7/07,9-Jul-07,9-Jul-07,9-Jul-07,ARV,Adult,CIPLA LIMITED,"Lamivudine/Nevirapine/Stavudine 150/200/30mg, tablets, 60 Tabs",Lamivudine/Nevirapine/Stavudine,Generic,150/200/30mg,Tablet - FDC,60,25000,187500,7.5,0.12,"Cipla, Goa, India",Yes,2336,21150.56,300
2721,110-ZM-T01,Pre-PQ Process,SCMS-416,ASN-465,Zambia,PMO - US,Direct Drop,CIP,Air,Pre-PQ Process,3/8/07,6-Jun-07,6-Jun-07,6-Jun-07,ARV,Pediatric,BRISTOL-MYERS SQUIBB,"Didanosine 100mg [Videx],chewable tablets, 60 Tabs",Didanosine,Videx,100mg,Chewable/dispersible tablet,60,5408,68952,12.75,0.21,"BMS Meymac, France",Yes,1072,Freight Included in Commodity Cost,
2733,104-CI-T01,Pre-PQ Process,SCMS-593,ASN-452,Côte d'Ivoire,PMO - US,Direct Drop,EXW,Air,Pre-PQ Process,5/1/07,28-Jun-07,28-Jun-07,28-Jun-07,HRDT,HIV test,Orasure Technologies Inc.,"HIV 1/2, OraQuick Advance HIV Rapid Antibody Kit, 100 Tests","HIV 1/2, OraQuick Advance HIV Rapid Antibody Kit",OraQuick,N/A,Test kit,100,50,20000,400,4,"Pacific Biotech, Thailand",Yes,120,3004.62,
2740,102-NG-T01,Pre-PQ Process,SCMS-687,ASN-544,Nigeria,PMO - US,Direct Drop,EXW,Air,Pre-PQ Process,6/8/07,10-Jul-07,10-Jul-07,10-Jul-07,HRDT,HIV test,"CHEMBIO DIAGNOSTIC SYSTEMS, INC.","HIV 1/2, Stat-Pak HIV, Kit, 20 Tests","HIV 1/2, Stat-Pak HIV, Kit",Stat-Pak,N/A,Test kit,20,10000,270000,27,1.35,Chembio Diagnostics Sys. Inc.,Yes,3045,28118.58,432
2741,102-NG-T01,Pre-PQ Process,SCMS-687,ASN-587,Nigeria,PMO - US,Direct Drop,EXW,Air,Pre-PQ Process,6/8/07,10-Jul-07,3-Aug-07,3-Aug-07,HRDT,HIV test,"CHEMBIO DIAGNOSTIC SYSTEMS, INC.","HIV 1/2, Stat-Pak HIV, Kit, 20 Tests","HIV 1/2, Stat-Pak HIV, Kit",Stat-Pak,N/A,Test kit,20,11500,310500,27,1.35,Chembio Diagnostics Sys. Inc.,Yes,3276,43664.71,496.8
2756,102-NG-T01,Pre-PQ Process,SCMS-599,ASN-522,Nigeria,PMO - US,Direct Drop,EXW,Air,Pre-PQ Process,6/21/07,4-Jul-07,4-Jul-07,4-Jul-07,HRDT,HIV test,"CHEMBIO DIAGNOSTIC SYSTEMS, INC.","HIV 1/2, Stat-Pak HIV, Kit, 20 Tests","HIV 1/2, Stat-Pak HIV, Kit",Stat-Pak,N/A,Test kit,20,8000,216000,27,1.35,Chembio Diagnostics Sys. Inc.,Yes,2603,22838.29,345.6
2765,108-VN-T01,Pre-PQ Process,SCMS-749,ASN-737,Vietnam,PMO - US,Direct Drop,EXW,Air,Pre-PQ Process,7/3/07,2-Oct-07,2-Oct-07,2-Oct-07,ARV,Adult,Aurobindo Pharma Limited,"Efavirenz 600mg, tablets, 30 Tabs",Efavirenz,Generic,600mg,Tablet,30,22500,277425,12.33,0.41,"Aurobindo Unit III, India",Yes,2895,18045.24,443.88
2766,108-VN-T01,Pre-PQ Process,SCMS-749,ASN-744,Vietnam,PMO - US,Direct Drop,EXW,Air,Pre-PQ Process,7/3/07,2-Oct-07,2-Oct-07,2-Oct-07,ARV,Pediatric,Aurobindo Pharma Limited,"Lamivudine 10mg/ml, oral solution, Bottle, 240 ml",Lamivudine,Generic,10mg/ml,Oral solution,240,500,950,1.9,0.01,"Aurobindo Unit III, India",No,See ASN-744 (ID#:1356),See ASN-744 (ID#:1356),1.52
2767,108-VN-T01,Pre-PQ Process,SCMS-752,ASN-884,Vietnam,PMO - US,Direct Drop,CIP,Air,Pre-PQ Process,7/3/07,8-Nov-07,8-Nov-07,8-Nov-07,ARV,Pediatric,BRISTOL-MYERS SQUIBB,"Didanosine 25mg [Videx], chewable tablets, 60 Tabs",Didanosine,Videx,25mg,Chewable/dispersible tablet,60,800,5600,7,0.12,"BMS Meymac, France",Yes,161,2514.05,8.96
2785,108-VN-T01,Pre-PQ Process,SCMS-10060,ASN-639,Vietnam,PMO - US,Direct Drop,FCA,Air,Pre-PQ Process,7/20/07,10-Sep-07,10-Sep-07,10-Sep-07,ARV,Pediatric,ABBVIE LOGISTICS (FORMERLY ABBOTT LOGISTICS BV),"Lopinavir/Ritonavir 80/20mg/ml [Kaletra], oral solution, cool, Bottle 5 x 60 ml",Lopinavir/Ritonavir,Kaletra,80/20mg/ml,Oral solution,300,200,16440,82.2,0.27,ABBVIE (Abbott) Logis. UK,Yes,340,2326.1,26.3
2794,109-TZ-T01,Pre-PQ Process,SCMS-10310,ASN-893,Tanzania,PMO - US,Direct Drop,EXW,Air,Pre-PQ Process,Date Not Captured,19-Dec-07,19-Dec-07,19-Dec-07,HRDT,HIV test,"Standard Diagnostics, Inc.","HIV 1/2, Bioline 3.0 Kit, Lancets, Capillary pipets, Alcohol swabs included, 25 Tests","HIV 1/2, Bioline 3.0 Kit, Lancets, Capillary pipets, Alcohol swabs included",Bioline,N/A,Test kit,25,10000,200000,20,0.8,"Standard Diagnostics, Korea",Yes,3336,27791.62,320
2795,109-TZ-T01,Pre-PQ Process,SCMS-10320,ASN-1114,Tanzania,PMO - US,Direct Drop,EXW,Air,Pre-PQ Process,8/15/07,22-Jan-08,22-Jan-08,22-Jan-08,HRDT,HIV test,"Standard Diagnostics, Inc.","HIV 1/2, Bioline 3.0 Kit, Lancets, Capillary pipets, Alcohol swabs included, 25 Tests","HIV 1/2, Bioline 3.0 Kit, Lancets, Capillary pipets, Alcohol swabs included",Bioline,N/A,Test kit,25,5000,100000,20,0.8,"Standard Diagnostics, Korea",Yes,1456,14505.37,160
2796,119-NA-T01,Pre-PQ Process,SCMS-10360,ASN-658,Namibia,PMO - US,Direct Drop,EXW,Air,Pre-PQ Process,7/31/07,29-Aug-07,29-Aug-07,29-Aug-07,HRDT,HIV test,"Orgenics, Ltd","HIV 1/2, Clearview Complete Kit, 25 Tests","HIV 1/2, Clearview Complete Kit",Clearview,N/A,Test kit,25,150,11250,75,3,Not Applicable,Yes,Weight Captured Separately,Invoiced Separately,18
2808,117-ET-T01,Pre-PQ Process,SCMS-11071,ASN-1039,Ethiopia,PMO - US,Direct Drop,EXW,Air,Pre-PQ Process,10/3/07,20-Nov-07,24-Dec-07,24-Dec-07,ARV,Adult,Aurobindo Pharma Limited,"Stavudine 30mg, capsules, 60 Caps",Stavudine,Generic,30mg,Capsule,60,35065,54350.75,1.55,0.03,"Aurobindo Unit III, India",Yes,2318,6755.81,86.96
2823,102-GY-T01,Pre-PQ Process,SCMS-11670,ASN-967,Guyana,PMO - US,Direct Drop,EXW,Air,Pre-PQ Process,8/28/07,3-Dec-07,3-Dec-07,3-Dec-07,HRDT,HIV test,"Trinity Biotech, Plc","HIV 1/2, Uni-Gold HIV Kit, 20 Tests","HIV 1/2, Uni-Gold HIV Kit",Uni-Gold,N/A,Test kit,20,2220,71040,32,1.6,"Trinity Biotech, Plc",Yes,732,6524.19,113.66
2892,114-UG-T01,Pre-PQ Process,SCMS-13510,ASN-1483,Uganda,PMO - US,Direct Drop,CIP,Air,Pre-PQ Process,10/3/07,31-Mar-08,31-Mar-08,31-Mar-08,ARV,Adult,BRISTOL-MYERS SQUIBB,"Didanosine EC 400mg [Videx EC], delayed-release capsules, Blister 3 x 10 Caps",Didanosine EC,Videx EC,400mg,Delayed-release capsules - blister,30,140,3313.8,23.67,0.79,"BMS Meymac, France",Yes,6,Freight Included in Commodity Cost,5.3
2921,116-ZA-T01,Pre-PQ Process,SCMS-14050,ASN-1251,South Africa,PMO - US,Direct Drop,DDP,N/A,Pre-PQ Process,11/12/07,29-Jan-08,29-Jan-08,29-Jan-08,ARV,Pediatric,"JSI R&T INSTITUTE, INC.","Lamivudine 10mg/ml [Epivir], oral solution, Bottle, 240 ml",Lamivudine,Epivir,10mg/ml,Oral solution,240,500,3630,7.26,0.03,GSK Mississauga (Canada),No,Weight Captured Separately,Freight Included in Commodity Cost,5.81
2922,116-ZA-T01,Pre-PQ Process,SCMS-14050,ASN-1251,South Africa,PMO - US,Direct Drop,DDP,N/A,Pre-PQ Process,11/12/07,29-Jan-08,29-Jan-08,29-Jan-08,ARV,Adult,"JSI R&T INSTITUTE, INC.","Tenofovir Disoproxil Fumarate 300mg [Viread], tablets, 30 Tabs",Tenofovir Disoproxil Fumarate,Viread,300mg,Tablet,30,20,535.2,26.76,0.89,"Aspen-OSD, Port Elizabeth, SA",No,Weight Captured Separately,Freight Included in Commodity Cost,0.86
2923,116-ZA-T01,Pre-PQ Process,SCMS-14050,ASN-1251,South Africa,PMO - US,Direct Drop,DDP,N/A,Pre-PQ Process,11/12/07,29-Jan-08,29-Jan-08,29-Jan-08,ARV,Adult,"JSI R&T INSTITUTE, INC.","Emtricitabine/Tenofovir Disoproxil Fumarate 200/300mg [Truvada], tablets, 30 Tabs",Emtricitabine/Tenofovir Disoproxil Fumarate,Truvada,300/200mg,Tablet - FDC,30,10,443,44.3,1.48,"Aspen-OSD, Port Elizabeth, SA",No,Weight Captured Separately,Freight Included in Commodity Cost,0.71
2927,107-RW-T01,Pre-PQ Process,SCMS-14140,ASN-1028,Rwanda,PMO - US,Direct Drop,EXW,Air,Pre-PQ Process,11/16/07,10-Jan-08,10-Jan-08,10-Jan-08,HRDT,HIV test,"Trinity Biotech, Plc","HIV 1/2, Uni-Gold HIV Kit, 20 Tests","HIV 1/2, Uni-Gold HIV Kit",Uni-Gold,N/A,Test kit,20,4500,144000,32,1.6,"Trinity Biotech, Plc",Yes,2300,38425.29,230.4
2947,108-VN-T01,Pre-PQ Process,SCMS-14930,ASN-1231,Vietnam,PMO - US,Direct Drop,EXW,Air,Pre-PQ Process,12/5/07,22-Jan-08,22-Jan-08,22-Jan-08,ARV,Adult,Aurobindo Pharma Limited,"Stavudine 15mg, capsules, 60 Caps",Stavudine,Generic,15mg,Capsule,60,400,600,1.5,0.02,"Aurobindo Unit III, India",Yes,83,2426.05,0.96
2960,100-HT-T01,Pre-PQ Process,SCMS-15460,ASN-2258,Haiti,PMO - US,Direct Drop,EXW,Air,Pre-PQ Process,Date Not Captured,22-Aug-08,22-Aug-08,22-Aug-08,HRDT,HIV test,"Trinity Biotech, Plc","HIV 1/2, Capillus HIV Kit, 100 Tests","HIV 1/2, Capillus HIV Kit",Capillus,N/A,Test kit,100,2,278,139,1.39,"Trinity Biotech, Plc",Yes,Weight Captured Separately,Invoiced Separately,0.44
2965,100-HT-T01,Pre-PQ Process,SCMS-15880,ASN-1301,Haiti,PMO - US,Direct Drop,EXW,Air,Pre-PQ Process,1/3/08,27-Feb-08,18-Feb-08,18-Feb-08,HRDT,HIV test,"Trinity Biotech, Plc","HIV 1/2, Capillus HIV Kit, 100 Tests","HIV 1/2, Capillus HIV Kit",Capillus,N/A,Test kit,100,4,556,139,1.39,"Trinity Biotech, Plc",Yes,Weight Captured Separately,Invoiced Separately,0.89
2993,116-ZA-T01,Pre-PQ Process,SCMS-16600,ASN-1520,South Africa,PMO - US,Direct Drop,DDP,N/A,Pre-PQ Process,1/4/08,21-Jan-08,4-Jan-08,4-Jan-08,ARV,Pediatric,"JSI R&T INSTITUTE, INC.","Efavirenz 50mg [Stocrin/Sustiva], capsule, 30 Caps",Efavirenz,Stocrin/Sustiva,50mg,Capsule,30,200,696,3.48,0.12,"MSD Midrand, J'burg, SA",No,Weight Captured Separately,Freight Included in Commodity Cost,1.11
2994,116-ZA-T01,Pre-PQ Process,SCMS-16600,ASN-1520,South Africa,PMO - US,Direct Drop,DDP,N/A,Pre-PQ Process,1/4/08,21-Jan-08,4-Jan-08,4-Jan-08,ARV,Adult,"JSI R&T INSTITUTE, INC.","Efavirenz 600mg [Stocrin/Sustiva], tablets, 30 Tabs",Efavirenz,Stocrin/Sustiva,600mg,Tablet,30,1200,23808,19.84,0.66,"MSD Midrand, J'burg, SA",No,Weight Captured Separately,Freight Included in Commodity Cost,38.09
2995,116-ZA-T01,Pre-PQ Process,SCMS-16600,ASN-1520,South Africa,PMO - US,Direct Drop,DDP,N/A,Pre-PQ Process,1/4/08,21-Jan-08,4-Jan-08,4-Jan-08,ARV,Adult,"JSI R&T INSTITUTE, INC.","Emtricitabine/Tenofovir Disoproxil Fumarate 200/300mg [Truvada], tablets, 30 Tabs",Emtricitabine/Tenofovir Disoproxil Fumarate,Truvada,300/200mg,Tablet - FDC,30,30,1271.1,42.37,1.41,"Aspen-OSD, Port Elizabeth, SA",No,Weight Captured Separately,Freight Included in Commodity Cost,2.03
2996,116-ZA-T01,Pre-PQ Process,SCMS-16600,ASN-1520,South Africa,PMO - US,Direct Drop,DDP,N/A,Pre-PQ Process,1/4/08,21-Jan-08,4-Jan-08,4-Jan-08,ARV,Adult,"JSI R&T INSTITUTE, INC.","Ritonavir 100mg [Norvir], capsules, cool, 84 Caps",Ritonavir,Norvir,100mg,Capsule,84,3,32.31,10.77,0.13,ABBVIE (Abbott) Logis. UK,No,Weight Captured Separately,Freight Included in Commodity Cost,0.05
3007,104-CI-T01,Pre-PQ Process,SCMS-16740,ASN-1492,Côte d'Ivoire,PMO - US,Direct Drop,CIP,Air,Pre-PQ Process,1/24/08,8-Apr-08,8-Apr-08,8-Apr-08,ARV,Pediatric,BRISTOL-MYERS SQUIBB,"Didanosine 25mg [Videx], chewable tablets, 60 Tabs",Didanosine,Videx,25mg,Chewable/dispersible tablet,60,546,3822,7,0.12,"BMS Meymac, France",Yes,108,Freight Included in Commodity Cost,6.12
3008,102-NG-T01,Pre-PQ Process,SCMS-16890,ASN-2359,Nigeria,PMO - US,Direct Drop,EXW,Air,Pre-PQ Process,1/29/08,19-Sep-08,19-Sep-08,19-Sep-08,HRDT,HIV test,"CHEMBIO DIAGNOSTIC SYSTEMS, INC.","HIV 1/2, Stat-Pak HIV, Kit, 20 Tests","HIV 1/2, Stat-Pak HIV, Kit",Stat-Pak,N/A,Test kit,20,9048,244296,27,1.35,Chembio Diagnostics Sys. Inc.,Yes,2985,20635.3,390.87
3009,102-NG-T01,Pre-PQ Process,SCMS-16900,ASN-1381,Nigeria,PMO - US,Direct Drop,EXW,Air,Pre-PQ Process,1/29/08,12-Mar-08,10-Mar-08,10-Mar-08,HRDT,HIV test,"Orgenics, Ltd","HIV 1/2, Determine HIV Kit, without Lancets, 100 Tests","HIV 1/2, Determine HIV Kit, without Lancets",Determine,N/A,Test kit,100,3000,239970,79.99,0.8,Inverness Japan,Yes,861,12770.05,383.95
3010,102-NG-T01,Pre-PQ Process,SCMS-16900,ASN-1411,Nigeria,PMO - US,Direct Drop,EXW,Air,Pre-PQ Process,1/29/08,12-Mar-08,12-Mar-08,12-Mar-08,HRDT,HIV test,"Orgenics, Ltd","HIV 1/2, Determine HIV Kit, without Lancets, 100 Tests","HIV 1/2, Determine HIV Kit, without Lancets",Determine,N/A,Test kit,100,3199,255888.01,79.99,0.8,Inverness Japan,Yes,550,8213.59,409.42
3026,116-ZA-T01,Pre-PQ Process,SCMS-17630,ASN-1532,South Africa,PMO - US,Direct Drop,DDP,Truck,Pre-PQ Process,1/21/08,5-Feb-08,21-Jan-08,21-Jan-08,ARV,Adult,"JSI R&T INSTITUTE, INC.","Didanosine EC 250mg [Videx EC], delayed-release capsules, Blister 3 x 10 Caps",Didanosine EC,Videx EC,250mg,Delayed-release capsules - blister,30,400,8416,21.04,0.7,"BMS Meymac, France",Yes,Weight Captured Separately,Freight Included in Commodity Cost,13.47
3037,117-ET-T01,Pre-PQ Process,SCMS-17940,ASN-1405,Ethiopia,PMO - US,Direct Drop,CIP,Air,Pre-PQ Process,2/20/08,27-Feb-08,27-Feb-08,27-Feb-08,HRDT,HIV test,SUB-SAHARAN BIOMEDICAL P.L.C.,"HIV 1/2, Determine Complete HIV Kit, 100 Tests","HIV 1/2, Determine Complete HIV Kit",Determine,N/A,Test kit,100,805,62967.1,78.22,0.78,Inverness Japan,Yes,Weight Captured Separately,Freight Included in Commodity Cost,100.75
3039,111-MZ-T01,Pre-PQ Process,SCMS-18060,ASN-1651,Mozambique,PMO - US,Direct Drop,EXW,Air,Pre-PQ Process,2/25/08,13-Jun-08,13-Jun-08,13-Jun-08,HRDT,HIV test - Ancillary,"Orgenics, Ltd","HIV, Lancet, Safety, for HIV Test kits, 100 Pcs","HIV, Lancet, Safety, for HIV Test kits, 100 Pcs",Generic,N/A,Test kit - Ancillary,100,4200,42,0.01,0,Inverness Japan,Yes,Weight Captured Separately,Invoiced Separately,0.07
3040,110-ZM-T01,Pre-PQ Process,SCMS-18070,ASN-1576,Zambia,PMO - US,Direct Drop,EXW,Air,Pre-PQ Process,2/25/08,22-Apr-08,5-May-08,5-May-08,HRDT,HIV test,"Orgenics, Ltd","HIV 1/2, Determine HIV Kit, without Lancets, 100 Tests","HIV 1/2, Determine HIV Kit, without Lancets",Determine,N/A,Test kit,100,2000,143980,71.99,0.72,Inverness Japan,Yes,455,4113.16,230.37
3049,104-CI-T01,Pre-PQ Process,SCMS-18420,ASN-1468,Côte d'Ivoire,PMO - US,Direct Drop,EXW,Air,Pre-PQ Process,2/28/08,8-Apr-08,8-Apr-08,8-Apr-08,HRDT,HIV test,"Orgenics, Ltd","HIV 1/2, Determine HIV Kit, without Lancets, 100 Tests","HIV 1/2, Determine HIV Kit, without Lancets",Determine,N/A,Test kit,100,70,5039.3,71.99,0.72,Inverness Japan,Yes,16,515.48,8.06
3050,104-CI-T01,Pre-PQ Process,SCMS-18440,ASN-1563,Côte d'Ivoire,PMO - US,Direct Drop,EXW,Air,Pre-PQ Process,2/28/08,25-Apr-08,25-Apr-08,25-Apr-08,HRDT,HIV test,"Orgenics, Ltd","HIV 1/2, Determine HIV Kit, without Lancets, 100 Tests","HIV 1/2, Determine HIV Kit, without Lancets",Determine,N/A,Test kit,100,1116,78120,70,0.7,Inverness Japan,Yes,255,5303.05,124.99
3055,114-UG-T01,Pre-PQ Process,SCMS-18750,ASN-1611,Uganda,PMO - US,Direct Drop,EXW,Air,Pre-PQ Process,3/11/08,22-May-08,22-May-08,22-May-08,HRDT,HIV test,"Orgenics, Ltd","HIV 1/2, Determine HIV Kit, without Lancets, 100 Tests","HIV 1/2, Determine HIV Kit, without Lancets",Determine,N/A,Test kit,100,850,61191.5,71.99,0.72,Inverness Japan,Yes,194,2642.45,97.91
3080,116-ZA-T01,Pre-PQ Process,SCMS-19800,ASN-1664,South Africa,PMO - US,Direct Drop,DDP,Truck,Pre-PQ Process,2/20/08,24-Apr-08,29-Feb-08,29-Feb-08,ARV,Pediatric,S. BUYS WHOLESALER,"Efavirenz 200mg [Stocrin/Sustiva], capsule, 90 Caps",Efavirenz,Stocrin/Sustiva,200mg,Capsule,90,20,563,28.15,0.31,"MSD Midrand, J'burg, SA",Yes,Weight Captured Separately,Freight Included in Commodity Cost,0.9
3081,116-ZA-T01,Pre-PQ Process,SCMS-19800,ASN-1665,South Africa,PMO - US,Direct Drop,DDP,Truck,Pre-PQ Process,2/20/08,24-Apr-08,24-Apr-08,24-Apr-08,ARV,Adult,S. BUYS WHOLESALER,"Efavirenz 600mg, tablets, 30 Tabs",Efavirenz,Generic,600mg,Tablet,30,2500,37500,15,0.5,"Cipla, Goa, India",No,Weight Captured Separately,Freight Included in Commodity Cost,60
3094,108-VN-T01,Pre-PQ Process,SCMS-20181,ASN-2023,Vietnam,PMO - US,Direct Drop,EXW,Air,Pre-PQ Process,3/31/08,7-Jul-08,7-Jul-08,7-Jul-08,ARV,Adult,Aurobindo Pharma Limited,"Abacavir 300mg, tablets, 60 Tabs",Abacavir,Generic,300mg,Tablet,60,520,13000,25,0.42,"Aurobindo Unit III, India",Yes,137,5260.46,20.8
3096,108-VN-T01,Pre-PQ Process,SCMS-20430,ASN-1887,Vietnam,PMO - US,Direct Drop,EXW,Air,Pre-PQ Process,3/31/08,17-Jun-08,17-Jun-08,17-Jun-08,ARV,Adult,STRIDES ARCOLAB LIMITED,"Stavudine 30mg, capsules, 60 Caps",Stavudine,Generic,30mg,Capsule,60,2576,3889.76,1.51,0.03,"Strides, Bangalore, India.",Yes,121,2789.74,6.22
3097,108-VN-T01,Pre-PQ Process,SCMS-20450,ASN-1888,Vietnam,PMO - US,Direct Drop,EXW,Air,Pre-PQ Process,3/31/08,20-Jun-08,20-Jun-08,20-Jun-08,ARV,Adult,STRIDES ARCOLAB LIMITED,"Stavudine 30mg, capsules, 60 Caps",Stavudine,Generic,30mg,Capsule,60,2464,3720.64,1.51,0.03,"Strides, Bangalore, India.",Yes,114,2879.96,5.95
3152,102-BW-T01,Pre-PQ Process,SCMS-22730,ASN-1956,Botswana,PMO - US,Direct Drop,EXW,Air,Pre-PQ Process,4/28/08,31-Jul-08,31-Jul-08,31-Jul-08,HRDT,HIV test,"Orgenics, Ltd","HIV 1/2, Determine HIV Kit, without Lancets, 100 Tests","HIV 1/2, Determine HIV Kit, without Lancets",Determine,N/A,Test kit,100,100,7199,71.99,0.72,Inverness Japan,Yes,25,641.04,11.52
3153,102-BW-T01,Pre-PQ Process,SCMS-22730,ASN-1939,Botswana,PMO - US,Direct Drop,EXW,Air,Pre-PQ Process,4/28/08,31-Jul-08,7-Jul-08,7-Jul-08,HRDT,HIV test - Ancillary,"Orgenics, Ltd","HIV, Lancet, Safety, for HIV Test kits, 100 Pcs","HIV, Lancet, Safety, for HIV Test kits, 100 Pcs",Generic,N/A,Test kit - Ancillary,100,100,1,0.01,0,Inverness Japan,Yes,Weight Captured Separately,Invoiced Separately,0
3154,102-BW-T01,Pre-PQ Process,SCMS-22770,ASN-2234,Botswana,PMO - US,Direct Drop,EXW,Air,Pre-PQ Process,4/28/08,20-Jan-09,3-Sep-08,3-Sep-08,HRDT,HIV test,"Orgenics, Ltd","HIV 1/2, Determine HIV Kit, without Lancets, 100 Tests","HIV 1/2, Determine HIV Kit, without Lancets",Determine,N/A,Test kit,100,100,7199,71.99,0.72,Inverness Japan,Yes,25,1038.39,11.52
3159,117-ET-T01,Pre-PQ Process,SCMS-22810,ASN-2096,Ethiopia,PMO - US,Direct Drop,DDP,Air,Pre-PQ Process,4/28/08,1-Jul-08,1-Jul-08,1-Jul-08,HRDT,HIV test,SETEMA LIMITED PLC,"HIV 1/2, Stat-Pak HIV, Kit, 20 Tests","HIV 1/2, Stat-Pak HIV, Kit",Stat-Pak,N/A,Test kit,20,81,3798.09,46.89,2.34,Chembio Diagnostics Sys. Inc.,Yes,Weight Captured Separately,Freight Included in Commodity Cost,6.08
3191,116-ZA-T01,Pre-PQ Process,SCMS-23500,ASN-2300,South Africa,PMO - US,Direct Drop,DDP,Truck,Pre-PQ Process,Date Not Captured,20-Aug-08,14-May-08,14-May-08,ARV,Adult,S. BUYS WHOLESALER,"Ritonavir 100mg [Norvir], capsules, cool, 84 Caps",Ritonavir,Norvir,100mg,Capsule,84,4,38.88,9.72,0.12,ABBVIE (Abbott) Logis. UK,No,Weight Captured Separately,Freight Included in Commodity Cost,0.06
3192,116-ZA-T01,Pre-PQ Process,SCMS-23500,ASN-2293,South Africa,PMO - US,Direct Drop,DDP,Truck,Pre-PQ Process,Date Not Captured,20-Aug-08,8-May-08,8-May-08,ARV,Adult,S. BUYS WHOLESALER,"Nevirapine 200mg, tablets, 60 Tabs",Nevirapine,Generic,200mg,Tablet,60,150,3166.5,21.11,0.35,"Cipla, Goa, India",No,Weight Captured Separately,Freight Included in Commodity Cost,5.07
3193,116-ZA-T01,Pre-PQ Process,SCMS-23500,ASN-2293,South Africa,PMO - US,Direct Drop,DDP,Truck,Pre-PQ Process,Date Not Captured,20-Aug-08,8-May-08,8-May-08,ARV,Adult,S. BUYS WHOLESALER,"Stavudine 30mg [Zerit], capsules, 60 Caps",Stavudine,Zerit,30mg,Capsule,60,1350,6979.5,5.17,0.09,"BMS Meymac, France",No,Weight Captured Separately,Freight Included in Commodity Cost,11.17
3202,106-HT-T01,Pre-PQ Process,SCMS-24060,ASN-2800,Haiti,PMO - US,Direct Drop,EXW,Air,Pre-PQ Process,5/23/08,17-Nov-08,17-Nov-08,17-Nov-08,HRDT,HIV test,"Orgenics, Ltd","HIV 1/2, Determine HIV Kit, without Lancets, 100 Tests","HIV 1/2, Determine HIV Kit, without Lancets",Determine,N/A,Test kit,100,1123,78610,70,0.7,Inverness Japan,Yes,257,2873.56,154.08
3245,110-ZM-T01,Pre-PQ Process,SCMS-25790,ASN-2399,Zambia,PMO - US,Direct Drop,EXW,Air,Pre-PQ Process,6/20/08,26-Sep-08,26-Sep-08,26-Sep-08,HRDT,HIV test,"Trinity Biotech, Plc","HIV 1/2, Uni-Gold HIV Kit, 20 Tests","HIV 1/2, Uni-Gold HIV Kit",Uni-Gold,N/A,Test kit,20,9000,288000,32,1.6,"Trinity Biotech, Plc",Yes,3000,34902.96,460.8
3261,108-VN-T01,Pre-PQ Process,SCMS-26380,ASN-2338,Vietnam,PMO - US,Direct Drop,EXW,Air,Pre-PQ Process,7/1/08,20-Sep-08,20-Sep-08,20-Sep-08,ARV,Adult,MYLAN LABORATORIES LTD (FORMERLY MATRIX LABORATORIES),"Tenofovir Disoproxil Fumarate 300mg, tablets, 30 Tabs",Tenofovir Disoproxil Fumarate,Generic,300mg,Tablet,30,2016,24917.76,12.36,0.41,Mylan (formerly Matrix) Nashik,Yes,120,5921.97,39.87
3282,116-ZA-T01,Pre-PQ Process,SCMS-26820,ASN-2488,South Africa,PMO - US,Direct Drop,DDP,Truck,Pre-PQ Process,Date Not Captured,10-Jul-08,8-Jul-08,8-Jul-08,ARV,Adult,S. BUYS WHOLESALER,"Efavirenz 600mg, tablets, 30 Tabs",Efavirenz,Generic,600mg,Tablet,30,1000,16190,16.19,0.54,"Cipla, Goa, India",No,Weight Captured Separately,Freight Included in Commodity Cost,25.9
3292,133-NG-T01,Pre-PQ Process,SCMS-27050,ASN-2572,Nigeria,PMO - US,Direct Drop,EXW,Air,Pre-PQ Process,7/18/08,7-Nov-08,21-Oct-08,21-Oct-08,HRDT,HIV test,"CHEMBIO DIAGNOSTIC SYSTEMS, INC.","HIV 1/2, Stat-Pak HIV, Kit, 20 Tests","HIV 1/2, Stat-Pak HIV, Kit",Stat-Pak,N/A,Test kit,20,12315,332505,27,1.35,Chembio Diagnostics Sys. Inc.,Yes,3508,29954.15,532.01
3294,114-UG-T01,Pre-PQ Process,SCMS-27190,ASN-2391,Uganda,PMO - US,Direct Drop,CIP,Air,Pre-PQ Process,7/18/08,9-Sep-08,9-Sep-08,9-Sep-08,ARV,Adult,BRISTOL-MYERS SQUIBB,"Didanosine EC 400mg [Videx EC], delayed-release capsules, Blister 3 x 10 Caps",Didanosine EC,Videx EC,400mg,Delayed-release capsules - blister,30,50,1183.5,23.67,0.79,"BMS Meymac, France",Yes,2,330,1.89
3302,108-VN-T01,Pre-PQ Process,SCMS-27370,ASN-2806,Vietnam,PMO - US,Direct Drop,EXW,Air,Pre-PQ Process,7/24/08,29-Nov-08,29-Nov-08,29-Nov-08,ARV,Adult,CIPLA LIMITED,"Lamivudine/Nevirapine/Stavudine 150/200/30mg, tablets, 60 Tabs",Lamivudine/Nevirapine/Stavudine,Generic,150/200/30mg,Tablet - FDC,60,1440,10440,7.25,0.12,"Cipla, Goa, India",Yes,128,2147.61,20.46
3313,110-ZM-T01,Pre-PQ Process,SCMS-27790,ASN-2641,Zambia,PMO - US,Direct Drop,EXW,Air,Pre-PQ Process,7/31/08,20-Oct-08,20-Oct-08,20-Oct-08,HRDT,HIV test - Ancillary,"Orgenics, Ltd","HIV, Lancet, Safety, for HIV Test kits, 100 Pcs","HIV, Lancet, Safety, for HIV Test kits, 100 Pcs",Generic,N/A,Test kit - Ancillary,100,4500,45,0.01,0,Inverness Japan,No,See ASN-2641 (ID#:670),See ASN-2641 (ID#:670),0.09
3354,117-ET-T01,Pre-PQ Process,SCMS-28690,ASN-2840,Ethiopia,PMO - US,Direct Drop,EXW,Air,Pre-PQ Process,8/22/08,17-Nov-08,17-Nov-08,17-Nov-08,HRDT,HIV test,"SHANGHAI KEHUA BIOENGINEERING CO.,LTD.  (KHB)","HIV 1/2, SKB Colloidal Gold, Diagnostic Kit, Antibody, 50 Tests","HIV 1/2, Colloidal Gold, Diagnostic Kit, Antibody",Colloidal Gold,N/A,Test kit,1,6998,160954,23,23,"KHB Test Kit Facility, Shanghai China",Yes,4913,46117.09,315.47
3357,116-ZA-T01,Pre-PQ Process,SCMS-28830,ASN-2502,South Africa,PMO - US,Direct Drop,DDP,Truck,Pre-PQ Process,Date Not Captured,25-Aug-08,18-Aug-08,18-Aug-08,ARV,Pediatric,S. BUYS WHOLESALER,"Zidovudine 10mg/ml [Retrovir], oral solution, Bottle, 200 ml",Zidovudine,Retrovir,10mg/ml,Oral solution,200,60,360.6,6.01,0.03,GSK Mississauga (Canada),Yes,Weight Captured Separately,Freight Included in Commodity Cost,0.58
3358,116-ZA-T01,Pre-PQ Process,SCMS-28830,ASN-2503,South Africa,PMO - US,Direct Drop,DDP,Truck,Pre-PQ Process,Date Not Captured,25-Aug-08,14-Aug-08,14-Aug-08,ARV,Adult,S. BUYS WHOLESALER,"Stavudine 40mg [Zerit], capsules, 60 Caps",Stavudine,Zerit,40mg,Capsule,60,130,644.8,4.96,0.08,"BMS Meymac, France",No,Weight Captured Separately,Freight Included in Commodity Cost,1.03
3359,116-ZA-T01,Pre-PQ Process,SCMS-28830,ASN-2502,South Africa,PMO - US,Direct Drop,DDP,Truck,Pre-PQ Process,Date Not Captured,25-Aug-08,18-Aug-08,18-Aug-08,ARV,Adult,S. BUYS WHOLESALER,"Abacavir 300mg [Ziagen], tablets, Blister 6 x 10 Tabs",Abacavir,Ziagen,300mg,Tablet - blister,60,40,1337.2,33.43,0.56,GSK Ware (UK),No,Weight Captured Separately,Freight Included in Commodity Cost,2.14
3360,119-NA-T01,Pre-PQ Process,SCMS-28850,ASN-2513,Namibia,PMO - US,Direct Drop,EXW,Air,Pre-PQ Process,8/26/08,25-Sep-08,25-Sep-08,25-Sep-08,HRDT,HIV test,"Orgenics, Ltd","HIV 1/2, Clearview Complete Kit, 25 Tests","HIV 1/2, Clearview Complete Kit",Clearview,N/A,Test kit,25,1,75,75,3,Inverness Japan,Yes,Weight Captured Separately,Invoiced Separately,0.12
3375,104-CI-T01,Pre-PQ Process,SCMS-29340,ASN-2921,Côte d'Ivoire,PMO - US,Direct Drop,EXW,Air,Pre-PQ Process,9/3/08,23-Jan-09,23-Jan-09,23-Jan-09,ACT,ACT,IDA FOUNDATION,"Artesunate+Amodiaquine 50+153mg, tablets, co-blister 6+6 Tabs",Artesunate+Amodiaquine,Generic,50+153mg,Tablet - FDC + co-blister,12,50000,19500,0.39,0.03,Ipca Dadra/Nagar Haveli IN,No,See ASN-2921 (ID#:719),See ASN-2921 (ID#:719),38.22
3378,111-MZ-T01,Pre-PQ Process,SCMS-29460,ASN-3047,Mozambique,PMO - US,Direct Drop,FCA,Air,Pre-PQ Process,8/29/08,17-Feb-09,17-Feb-09,17-Feb-09,HRDT,HIV test,Abbott GmbH & Co. KG,"HIV 1/2, Determine Complete HIV Kit, 100 Tests","HIV 1/2, Determine Complete HIV Kit",Determine,N/A,Test kit,100,1000,80000,80,0.8,ABBVIE GmbH & Co.KG Wiesbaden,Yes,337,3499.18,156.8
3386,111-MZ-T01,Pre-PQ Process,SCMS-29440,ASN-2403,Mozambique,PMO - US,Direct Drop,EXW,Air,Pre-PQ Process,8/29/08,3-Oct-08,3-Oct-08,3-Oct-08,HRDT,HIV test,"Orgenics, Ltd","HIV 1/2, Determine HIV Kit, without Lancets, 100 Tests","HIV 1/2, Determine HIV Kit, without Lancets",Determine,N/A,Test kit,100,1000,71990,71.99,0.72,Inverness Japan,Yes,296,2648.82,115.18
3419,104-CI-T01,Pre-PQ Process,SCMS-30420,ASN-2992,Côte d'Ivoire,PMO - US,Direct Drop,EXW,Air,Pre-PQ Process,9/18/08,12-Dec-08,12-Dec-08,12-Dec-08,HRDT,HIV test,BIO-RAD LABORATORIES (FRANCE),"#108853** HIV, Genie II HIV-1/HIV-2 Kit, 40 Tests","HIV, Genie II HIV-1/HIV-2 Kit",Genie,N/A,Test kit,40,862,65512,76,1.9,Bio-Rad Laboratories,Yes,963,25080.52,128.4
3421,131-NG-T01,Pre-PQ Process,SCMS-26482,ASN-2589,Nigeria,PMO - US,Direct Drop,CIP,Air,Pre-PQ Process,9/17/08,10-Oct-08,10-Oct-08,10-Oct-08,ARV,Adult,MERCK SHARP & DOHME IDEA GMBH (FORMALLY MERCK SHARP & DOHME B.V.),"Efavirenz/Emtricitabine/Tenofovir Disoproxil Fumarate 600/200/300mg [Atripla], tablets, 30 Tabs",Efavirenz/Emtricitabine/Tenofovir Disoproxil Fumarate,Atripla,600/200/300mg,Tablet - FDC,30,5900,297360,50.4,1.68,"MSD, Haarlem, NL",Yes,493,1727.2,475.78
3441,110-ZM-T01,Pre-PQ Process,SCMS-31390,ASN-3508,Zambia,PMO - US,Direct Drop,EXW,Air,Pre-PQ Process,10/2/08,18-Mar-09,18-Mar-09,18-Mar-09,HRDT,HIV test,"Orgenics, Ltd","HIV 1/2, Determine HIV Kit, without Lancets, 100 Tests","HIV 1/2, Determine HIV Kit, without Lancets",Determine,N/A,Test kit,100,5500,395945,71.99,0.72,Inverness Japan,Yes,1624,12646.15,776.05
3456,108-VN-T01,Pre-PQ Process,SCMS-31730,ASN-3313,Vietnam,PMO - US,Direct Drop,EXW,Air,Pre-PQ Process,10/21/08,23-Feb-09,23-Feb-09,23-Feb-09,ARV,Adult,Aurobindo Pharma Limited,"Lamivudine 150mg, tablets, 60 Tabs",Lamivudine,Generic,150mg,Tablet,60,6156,14774.4,2.4,0.04,"Aurobindo Unit III, India",Yes,1044,3854.23,28.96
3457,119-NA-T01,Pre-PQ Process,SCMS-31810,ASN-3192,Namibia,PMO - US,Direct Drop,EXW,Air,Pre-PQ Process,10/14/08,22-Jan-09,22-Jan-09,22-Jan-09,HRDT,HIV test,"Orgenics, Ltd","HIV 1/2, Determine Complete HIV Kit, 100 Tests","HIV 1/2, Determine Complete HIV Kit",Determine,N/A,Test kit,100,150,10800,72,0.72,Inverness Japan,Yes,46,2946.64,21.17
3470,114-UG-T01,Pre-PQ Process,SCMS-32250,ASN-3001,Uganda,PMO - US,Direct Drop,CIP,Air,Pre-PQ Process,10/17/08,9-Dec-08,9-Dec-08,9-Dec-08,ARV,Adult,BRISTOL-MYERS SQUIBB,"Didanosine EC 250mg [Videx EC], delayed-release capsules, Blister 3 x 10 Caps",Didanosine EC,Videx EC,250mg,Delayed-release capsules - blister,30,50,917,18.34,0.61,"BMS Meymac, France",Yes,2,378,1.8
3479,117-ET-T01,Pre-PQ Process,SCMS-32630,ASN-3156,Ethiopia,PMO - US,Direct Drop,EXW,Air,Pre-PQ Process,10/27/08,26-Jan-09,20-Jan-09,20-Jan-09,HRDT,HIV test,"SHANGHAI KEHUA BIOENGINEERING CO.,LTD.  (KHB)","HIV 1/2, SKB Colloidal Gold, Diagnostic Kit, Antibody, 50 Tests","HIV 1/2, Colloidal Gold, Diagnostic Kit, Antibody",Colloidal Gold,N/A,Test kit,1,3510,80730,23,23,"KHB Test Kit Facility, Shanghai China",Yes,2535,20083.74,158.23
3490,116-ZA-T01,Pre-PQ Process,SCMS-33320,ASN-3553,South Africa,PMO - US,Direct Drop,DDP,Truck,Pre-PQ Process,Date Not Captured,17-May-09,9-Oct-08,9-Oct-08,ARV,Adult,S. BUYS WHOLESALER,"Stavudine 30mg [Zerit], capsules, 60 Caps",Stavudine,Zerit,30mg,Capsule,60,1200,5772,4.81,0.08,"BMS Meymac, France",No,Weight Captured Separately,Freight Included in Commodity Cost,11.31
3499,109-TZ-T01,Pre-PQ Process,SCMS-33700,ASN-3080,Tanzania,PMO - US,Direct Drop,EXW,Air,Pre-PQ Process,11/14/08,19-Jan-09,19-Jan-09,19-Jan-09,HRDT,HIV test,"Trinity Biotech, Plc","HIV 1/2, Uni-Gold HIV Kit, 20 Tests","HIV 1/2, Uni-Gold HIV Kit",Uni-Gold,N/A,Test kit,20,839,26848,32,1.6,"Trinity Biotech, Plc",Yes,284,3261.37,52.62
3507,133-NG-T01,Pre-PQ Process,SCMS-33830,ASN-3231,Nigeria,PMO - US,Direct Drop,EXW,Air,Pre-PQ Process,11/20/08,5-Feb-09,5-Feb-09,5-Feb-09,HRDT,HIV test,"Orgenics, Ltd","HIV 1/2, Determine Complete HIV Kit, 100 Tests","HIV 1/2, Determine Complete HIV Kit",Determine,N/A,Test kit,100,5259,420720,80,0.8,Inverness Japan,Yes,1584,22775.45,824.61
3508,141-NA-T01,Pre-PQ Process,SCMS-33850,ASN-3110,Namibia,PMO - US,Direct Drop,EXW,Air,Pre-PQ Process,11/20/08,27-Jan-09,27-Jan-09,27-Jan-09,HRDT,HIV test,INVERNESS MEDICAL INNOVATIONS SOUTH AFRICA (PTY) LTD,"HIV 1/2, Determine HIV Kit, without Lancets, 100 Tests","HIV 1/2, Determine HIV Kit, without Lancets",Determine,N/A,Test kit,100,7,490,70,0.7,Inverness Japan,No,See ASN-3110 (ID#:2173),See ASN-3110 (ID#:2173),0.96
3551,102-GY-T01,Pre-PQ Process,SCMS-35560,ASN-3481,Guyana,PMO - US,Direct Drop,EXW,Air,Pre-PQ Process,12/10/08,17-Mar-09,13-Mar-09,13-Mar-09,HRDT,HIV test,"Trinity Biotech, Plc","HIV 1/2, Uni-Gold HIV Kit, 20 Tests","HIV 1/2, Uni-Gold HIV Kit",Uni-Gold,N/A,Test kit,20,1062,33984,32,1.6,"Trinity Biotech, Plc",Yes,355,4457.29,66.61
3552,102-GY-T01,Pre-PQ Process,SCMS-35570,ASN-3511,Guyana,PMO - US,Direct Drop,EXW,Air,Pre-PQ Process,12/11/08,17-Mar-09,17-Mar-09,17-Mar-09,HRDT,HIV test,"Orgenics, Ltd","HIV 1/2, Determine Complete HIV Kit, 100 Tests","HIV 1/2, Determine Complete HIV Kit",Determine,N/A,Test kit,100,213,15336,72,0.72,Inverness Japan,Yes,64,1083.36,30.06
3615,108-VN-T01,Pre-PQ Process,SCMS-37210,ASN-3631,Vietnam,PMO - US,Direct Drop,EXW,Air,Pre-PQ Process,1/16/09,11-Apr-09,11-Apr-09,11-Apr-09,ARV,Adult,MYLAN LABORATORIES LTD (FORMERLY MATRIX LABORATORIES),"Zidovudine 300mg, tablets, 60 Tabs",Zidovudine,Generic,300mg,Tablet,60,336,2520,7.5,0.12,Mylan (formerly Matrix) Nashik,Yes,18,2525.73,4.94
3616,108-VN-T01,Pre-PQ Process,SCMS-37160,ASN-3561,Vietnam,PMO - US,Direct Drop,EXW,Air,Pre-PQ Process,1/16/09,7-Apr-09,7-Apr-09,7-Apr-09,ARV,Adult,Aurobindo Pharma Limited,"Lamivudine/Nevirapine/Zidovudine 150/200/300mg, tablets, 60 Tabs",Lamivudine/Nevirapine/Zidovudine,Generic,150/300/200mg,Tablet - FDC,60,300,3345,11.15,0.19,"Aurobindo Unit III, India",No,See ASN-3561 (ID#:2297),See ASN-3561 (ID#:2297),6.56
3674,107-RW-T01,Pre-PQ Process,SCMS-38690,ASN-3633,Rwanda,PMO - US,Direct Drop,EXW,Air,Pre-PQ Process,2/18/09,1-Apr-09,1-Apr-09,1-Apr-09,HRDT,HIV test,"Orgenics, Ltd","HIV 1/2, Determine HIV Kit, without Lancets, 100 Tests","HIV 1/2, Determine HIV Kit, without Lancets",Determine,N/A,Test kit,100,386,27020,70,0.7,Inverness Japan,Yes,88,3936.25,52.96
3718,106-HT-T01,Pre-PQ Process,SCMS-40000,ASN-3675,Haiti,PMO - US,Direct Drop,CIP,Air,Pre-PQ Process,3/6/09,31-Mar-09,31-Mar-09,31-Mar-09,ARV,Pediatric,BRISTOL-MYERS SQUIBB,"Didanosine 25mg [Videx], chewable tablets, 60 Tabs",Didanosine,Videx,25mg,Chewable/dispersible tablet,60,80,560,7,0.12,"BMS Meymac, France",No,See ASN-3675 (ID#:1046),See ASN-3675 (ID#:1046),1.1
3719,106-HT-T01,Pre-PQ Process,SCMS-40030,ASN-3749,Haiti,PMO - US,Direct Drop,FCA,Air,Pre-PQ Process,3/6/09,15-Apr-09,15-Apr-09,15-Apr-09,ARV,Adult,ABBVIE LOGISTICS (FORMERLY ABBOTT LOGISTICS BV),"Lopinavir/Ritonavir 200/50mg [Aluvia], tablets, 120 Tabs",Lopinavir/Ritonavir,Aluvia,200/50mg,Tablet,120,1470,60417,41.1,0.34,ABBVIE Ludwigshafen Germany,Yes,362,2490.67,118.42
3735,116-ZA-T01,Pre-PQ Process,SCMS-40780,ASN-3607,South Africa,PMO - US,Direct Drop,DDP,Air,Pre-PQ Process,Date Not Captured,17-Mar-09,28-Nov-08,28-Nov-08,ARV,Adult,S. BUYS WHOLESALER,"Stavudine 15mg [Zerit], capsules, 60 Caps",Stavudine,Zerit,15mg,Capsule,60,1000,3970,3.97,0.07,"BMS Meymac, France",No,Weight Captured Separately,Freight Included in Commodity Cost,7.78
3736,116-ZA-T01,Pre-PQ Process,SCMS-40780,ASN-3607,South Africa,PMO - US,Direct Drop,DDP,Air,Pre-PQ Process,Date Not Captured,17-Mar-09,28-Nov-08,28-Nov-08,ARV,Adult,S. BUYS WHOLESALER,"Stavudine 30mg, capsules, 60 Caps",Stavudine,Generic,30mg,Capsule,60,3675,9371.25,2.55,0.04,"Aurobindo Unit III, India",No,Weight Captured Separately,Freight Included in Commodity Cost,18.37
3737,116-ZA-T01,Pre-PQ Process,SCMS-40790,ASN-3575,South Africa,PMO - US,Direct Drop,DDP,Air,Pre-PQ Process,Date Not Captured,24-Mar-09,1-Dec-08,1-Dec-08,ARV,Pediatric,S. BUYS WHOLESALER,"Efavirenz 200mg, capsule, 90 Caps",Efavirenz,Generic,200mg,Capsule,90,824,15515.92,18.83,0.21,"Aurobindo Unit III, India",No,Weight Captured Separately,Freight Included in Commodity Cost,30.41
3738,116-ZA-T01,Pre-PQ Process,SCMS-40820,ASN-3609,South Africa,PMO - US,Direct Drop,DDP,Air,Pre-PQ Process,Date Not Captured,14-Apr-09,4-Dec-08,4-Dec-08,ARV,Adult,S. BUYS WHOLESALER,"Nevirapine 200mg [Viramune], tablets, 60 Tabs",Nevirapine,Viramune,200mg,Tablet,60,10560,163046.4,15.44,0.26,"Boehringer Ing., Koropi, GR",Yes,Weight Captured Separately,Freight Included in Commodity Cost,319.57
3739,116-ZA-T01,Pre-PQ Process,SCMS-40890,ASN-3585,South Africa,PMO - US,Direct Drop,DDP,Air,Pre-PQ Process,Date Not Captured,19-May-09,2-Jan-09,2-Jan-09,ARV,Adult,S. BUYS WHOLESALER,"Lamivudine 150mg [Epivir], tablets, 60 Tabs",Lamivudine,Epivir,150mg,Tablet,60,10000,56800,5.68,0.09,GSK Cape Town Factory (South Africa),Yes,Weight Captured Separately,Freight Included in Commodity Cost,111.33
3743,116-ZA-T01,Pre-PQ Process,SCMS-41040,ASN-3623,South Africa,PMO - US,Direct Drop,DDP,Air,Pre-PQ Process,Date Not Captured,7-Apr-09,3-Dec-08,3-Dec-08,ARV,Adult,S. BUYS WHOLESALER,"Nevirapine 200mg [Viramune], tablets, 60 Tabs",Nevirapine,Viramune,200mg,Tablet,60,1560,23649.6,15.16,0.25,"Boehringer Ing., Koropi, GR",No,Weight Captured Separately,Freight Included in Commodity Cost,46.35
3745,116-ZA-T01,Pre-PQ Process,SCMS-41050,ASN-3635,South Africa,PMO - US,Direct Drop,DDP,Air,Pre-PQ Process,Date Not Captured,21-Apr-09,5-Dec-08,5-Dec-08,ARV,Pediatric,S. BUYS WHOLESALER,"Efavirenz 50mg [Stocrin/Sustiva], capsule, 30 Caps",Efavirenz,Stocrin/Sustiva,50mg,Capsule,30,360,849.6,2.36,0.08,"MSD Midrand, J'burg, SA",Yes,Weight Captured Separately,4230.75,1.67
3746,116-ZA-T01,Pre-PQ Process,SCMS-41080,ASN-3637,South Africa,PMO - US,Direct Drop,DDP,Air,Pre-PQ Process,Date Not Captured,26-May-09,22-Jan-09,22-Jan-09,ARV,Pediatric,S. BUYS WHOLESALER,"Stavudine 1mg/ml, powder for oral solution, 200 ml",Stavudine,Generic,1mg/ml,Oral solution,200,3000,5970,1.99,0.01,"Aurobindo Unit III, India",Yes,Weight Captured Separately,Freight Included in Commodity Cost,11.7
3747,116-ZA-T01,Pre-PQ Process,SCMS-41100,ASN-4018,South Africa,PMO - US,Direct Drop,DDP,Air,Pre-PQ Process,3/13/09,17-Jun-09,3-Apr-09,3-Apr-09,ARV,Adult,S. BUYS WHOLESALER,"Zidovudine 300mg, tablets, 60 Tabs",Zidovudine,Generic,300mg,Tablet,60,1977,23091.36,11.68,0.19,"Aurobindo Unit III, India",Yes,Weight Captured Separately,Freight Included in Commodity Cost,45.26
3748,116-ZA-T01,Pre-PQ Process,SCMS-41100,ASN-4670,South Africa,PMO - US,Direct Drop,DDP,Air,Pre-PQ Process,3/13/09,17-Jun-09,17-Apr-09,17-Apr-09,ARV,Adult,S. BUYS WHOLESALER,"Efavirenz 600mg, tablets, 30 Tabs",Efavirenz,Generic,600mg,Tablet,30,282,4314.6,15.3,0.51,"Aurobindo Unit III, India",Yes,Weight Captured Separately,Freight Included in Commodity Cost,8.46
3749,116-ZA-T01,Pre-PQ Process,SCMS-41140,ASN-3752,South Africa,PMO - US,Direct Drop,DDP,Air,Pre-PQ Process,Date Not Captured,31-Mar-09,21-Nov-08,21-Nov-08,ARV,Pediatric,S. BUYS WHOLESALER,"Nevirapine 10mg/ml [Viramune], oral suspension, Bottle, 240 ml",Nevirapine,Viramune,10mg/ml,Oral suspension,240,30,312.6,10.42,0.04,"BI, Ingelheim, Germany",No,Weight Captured Separately,Freight Included in Commodity Cost,0.61
3751,116-ZA-T01,Pre-PQ Process,SCMS-41190,ASN-3732,South Africa,PMO - US,Direct Drop,DDP,Air,Pre-PQ Process,Date Not Captured,30-Mar-09,21-Jan-09,21-Jan-09,ARV,Adult,S. BUYS WHOLESALER,"Didanosine EC 400mg [Videx EC], delayed-release capsules, Blister 3 x 10 Caps",Didanosine EC,Videx EC,400mg,Delayed-release capsules - blister,30,60,1095,18.25,0.61,"BMS Meymac, France",No,Weight Captured Separately,Freight Included in Commodity Cost,2.15
3752,116-ZA-T01,Pre-PQ Process,SCMS-41190,ASN-3732,South Africa,PMO - US,Direct Drop,DDP,Air,Pre-PQ Process,Date Not Captured,30-Mar-09,21-Jan-09,21-Jan-09,ARV,Pediatric,S. BUYS WHOLESALER,"Zidovudine 10mg/ml [Retrovir], solution for IV infusion injection, Vial 5 x 20 ml",Zidovudine,Retrovir,10mg/ml,Injection,5,10,125.1,12.51,2.5,GSK Ware (UK),No,Weight Captured Separately,Freight Included in Commodity Cost,0.25
3753,116-ZA-T01,Pre-PQ Process,SCMS-41210,ASN-3737,South Africa,PMO - US,Direct Drop,DDP,Air,Pre-PQ Process,Date Not Captured,30-Mar-09,23-Jan-09,23-Jan-09,ARV,Adult,S. BUYS WHOLESALER,"Saquinavir 200mg [Invirase], capsules, 270 Caps",Saquinavir,Invirase,200mg,Capsule,270,2,114.9,57.45,0.21,Roche Basel,Yes,Weight Captured Separately,Freight Included in Commodity Cost,0.23
3754,116-ZA-T01,Pre-PQ Process,SCMS-41220,ASN-3739,South Africa,PMO - US,Direct Drop,DDP,Air,Pre-PQ Process,Date Not Captured,30-Mar-09,23-Jan-09,23-Jan-09,ARV,Adult,S. BUYS WHOLESALER,"Ritonavir 100mg [Norvir], capsules, cool, 84 Caps",Ritonavir,Norvir,100mg,Capsule,84,20,147,7.35,0.09,ABBVIE (Abbott) Logis. UK,Yes,Weight Captured Separately,Freight Included in Commodity Cost,0.29
3763,116-ZA-T01,Pre-PQ Process,SCMS-41461,ASN-4360,South Africa,PMO - US,Direct Drop,DDP,Air,Pre-PQ Process,3/18/09,25-Jun-09,20-Apr-09,20-Apr-09,ARV,Pediatric,S. BUYS WHOLESALER,"Zidovudine 10mg/ml [Retrovir], solution for IV infusion injection, Vial 5 x 20 ml",Zidovudine,Retrovir,10mg/ml,Injection,5,334,4559.1,13.65,2.73,GSK Ware (UK),Yes,Weight Captured Separately,Freight Included in Commodity Cost,8.94
3767,116-ZA-T01,Pre-PQ Process,SCMS-41582,ASN-4304,South Africa,PMO - US,Direct Drop,DDP,Air,Pre-PQ Process,3/27/09,25-Jun-09,8-Apr-09,8-Apr-09,ARV,Adult,S. BUYS WHOLESALER,"Efavirenz 600mg, tablets, 30 Tabs",Efavirenz,Generic,600mg,Tablet,30,3500,44170,12.62,0.42,"Aurobindo Unit III, India",Yes,Weight Captured Separately,Freight Included in Commodity Cost,86.57
3768,116-ZA-T01,Pre-PQ Process,SCMS-41582,ASN-4304,South Africa,PMO - US,Direct Drop,DDP,Air,Pre-PQ Process,3/27/09,25-Jun-09,8-Apr-09,8-Apr-09,ARV,Pediatric,S. BUYS WHOLESALER,"Efavirenz 200mg, capsule, 90 Caps",Efavirenz,Generic,200mg,Capsule,90,2000,43360,21.68,0.24,"Aurobindo Unit III, India",No,Weight Captured Separately,Freight Included in Commodity Cost,84.99
3769,116-ZA-T01,Pre-PQ Process,SCMS-41583,ASN-4339,South Africa,PMO - US,Direct Drop,DDP,Air,Pre-PQ Process,3/27/09,25-Jun-09,9-Apr-09,9-Apr-09,ARV,Adult,S. BUYS WHOLESALER,"Lopinavir/Ritonavir 200/50mg [Aluvia], tablets, 120 Tabs",Lopinavir/Ritonavir,Aluvia,200/50mg,Tablet,120,1400,49532,35.38,0.29,ABBVIE Ludwigshafen Germany,Yes,Weight Captured Separately,Freight Included in Commodity Cost,97.08
3770,116-ZA-T01,Pre-PQ Process,SCMS-41583,ASN-4339,South Africa,PMO - US,Direct Drop,DDP,Air,Pre-PQ Process,3/27/09,25-Jun-09,9-Apr-09,9-Apr-09,ARV,Adult,S. BUYS WHOLESALER,"Stavudine 15mg [Zerit], capsules, 60 Caps",Stavudine,Zerit,15mg,Capsule,60,1800,7110,3.95,0.07,"BMS Meymac, France",No,Weight Captured Separately,Freight Included in Commodity Cost,13.94
3771,116-ZA-T01,Pre-PQ Process,SCMS-41585,ASN-4386,South Africa,PMO - US,Direct Drop,DDP,Air,Pre-PQ Process,3/27/09,25-Jun-09,21-Apr-09,21-Apr-09,ARV,Pediatric,S. BUYS WHOLESALER,"Zidovudine 100mg [Retrovir], capsules, 100 Caps",Zidovudine,Retrovir,100mg,Capsule,100,800,9888,12.36,0.12,GSK Crawley,Yes,Weight Captured Separately,Freight Included in Commodity Cost,19.38
3772,116-ZA-T01,Pre-PQ Process,SCMS-41580,ASN-4603,South Africa,PMO - US,Direct Drop,DDP,Truck,Pre-PQ Process,3/27/09,25-Jun-09,5-Jun-09,5-Jun-09,ARV,Adult,S. BUYS WHOLESALER,"Lamivudine 150mg, tablets, 60 Tabs",Lamivudine,Generic,150mg,Tablet,60,36,254.88,7.08,0.12,"Aurobindo Unit III, India",Yes,Weight Captured Separately,Freight Included in Commodity Cost,0.5
3781,144-BW-T01,Pre-PQ Process,SCMS-41880,ASN-4323,Botswana,PMO - US,Direct Drop,EXW,Air,Pre-PQ Process,3/25/09,10-Jul-09,10-Jul-09,10-Jul-09,HRDT,HIV test,Orasure Technologies Inc.,"HIV 1/2, OraQuick Advance HIV Rapid Antibody Kit, 100 Tests","HIV 1/2, OraQuick Advance HIV Rapid Antibody Kit",OraQuick,N/A,Test kit,100,20,7000,350,3.5,"Pacific Biotech, Thailand",Yes,48,684.42,13.72
3787,116-ZA-T01,Pre-PQ Process,SCMS-47350,ASN-4287,South Africa,PMO - US,Direct Drop,DDP,Truck,Pre-PQ Process,4/2/09,15-May-09,4-May-09,4-May-09,ARV,Pediatric,S. BUYS WHOLESALER,"Zidovudine 100mg [Retrovir], capsules, 100 Caps",Zidovudine,Retrovir,100mg,Capsule,100,30,371.1,12.37,0.12,GSK Crawley,Yes,Weight Captured Separately,Freight Included in Commodity Cost,0.73
3808,102-KE-T01,Pre-PQ Process,SCMS-42961,ASN-4648,Kenya,PMO - US,Direct Drop,EXW,Air,Pre-PQ Process,5/14/09,7-Aug-09,28-Aug-09,28-Aug-09,HRDT,HIV test,"Orgenics, Ltd","HIV 1/2, Determine Complete HIV Kit, 100 Tests","HIV 1/2, Determine Complete HIV Kit",Determine,N/A,Test kit,100,7500,600000,80,0.8,Inverness Japan,Yes,2215,17974.65,1176
3828,107-RW-T01,Pre-PQ Process,SCMS-43870,ASN-4687,Rwanda,PMO - US,Direct Drop,CIP,Air,Pre-PQ Process,4/15/09,21-Sep-09,21-Sep-09,21-Sep-09,ARV,Adult,MYLAN LABORATORIES LTD (FORMERLY MATRIX LABORATORIES),"Lamivudine/Nevirapine/Zidovudine 150/200/300mg, tablets, 60 Tabs",Lamivudine/Nevirapine/Zidovudine,Generic,150/300/200mg,Tablet - FDC,60,54432,641753.28,11.79,0.2,Mylan (formerly Matrix) Nashik,Yes,7278,61925.7,1257.84
3839,139-NA-T01,Pre-PQ Process,SCMS-44720,ASN-4047,Namibia,PMO - US,Direct Drop,EXW,Air,Pre-PQ Process,4/20/09,20-May-09,20-May-09,20-May-09,HRDT,HIV test,"Orgenics, Ltd","HIV 1/2, Determine HIV Kit, without Lancets, 100 Tests","HIV 1/2, Determine HIV Kit, without Lancets",Determine,N/A,Test kit,100,180,12600,70,0.7,Inverness Japan,Yes,43,2760.11,24.7
3840,104-CI-T01,Pre-PQ Process,SCMS-44820,ASN-4594,Côte d'Ivoire,PMO - US,Direct Drop,CIP,Air,Pre-PQ Process,4/24/09,11-Aug-09,11-Aug-09,11-Aug-09,ARV,Adult,GLAXOSMITHKLINE EXPORT LIMITED,"Abacavir/Lamivudine/Zidovudine 300/150/300mg [Trizivir], tablets, 60 Tabs",Abacavir/Lamivudine/Zidovudine,Trizivir,300/150/300mg,Tablet - FDC,60,2048,109998.08,53.71,0.9,GSK Ware (UK),Yes,Weight Captured Separately,Freight Included in Commodity Cost,215.6
3846,108-VN-T01,Pre-PQ Process,SCMS-45000,ASN-4371,Vietnam,PMO - US,Direct Drop,EXW,Air,Pre-PQ Process,4/29/09,21-Jul-09,21-Jul-09,21-Jul-09,ARV,Adult,CIPLA LIMITED,"Lamivudine/Nevirapine/Stavudine 150/200/30mg, tablets, 60 Tabs",Lamivudine/Nevirapine/Stavudine,Generic,150/200/30mg,Tablet - FDC,60,35616,240408,6.75,0.11,"Cipla, Goa, India",Yes,3479,10048.1,471.2
3848,108-VN-T01,Pre-PQ Process,SCMS-45020,ASN-4403,Vietnam,PMO - US,Direct Drop,EXW,Air,Pre-PQ Process,4/29/09,3-Aug-09,3-Aug-09,3-Aug-09,ARV,Adult,MYLAN LABORATORIES LTD (FORMERLY MATRIX LABORATORIES),"Efavirenz 600mg, tablets, 30 Tabs",Efavirenz,Generic,600mg,Tablet,30,6552,42588,6.5,0.22,Mylan (formerly Matrix) Nashik,Yes,524,4453.71,83.47
3851,108-VN-T01,Pre-PQ Process,SCMS-45070,ASN-4419,Vietnam,PMO - US,Direct Drop,EXW,Air,Pre-PQ Process,4/29/09,10-Jul-09,10-Jul-09,10-Jul-09,ARV,Adult,Aurobindo Pharma Limited,"Stavudine 30mg, capsules, 60 Caps",Stavudine,Generic,30mg,Capsule,60,15960,23142,1.45,0.02,"Aurobindo Unit III, India",Yes,1815,9931.49,45.36
3852,108-VN-T01,Pre-PQ Process,SCMS-45070,ASN-4419,Vietnam,PMO - US,Direct Drop,EXW,Air,Pre-PQ Process,4/29/09,10-Jul-09,10-Jul-09,10-Jul-09,ARV,Adult,Aurobindo Pharma Limited,"Lamivudine/Nevirapine/Zidovudine 150/200/300mg, tablets, 60 Tabs",Lamivudine/Nevirapine/Zidovudine,Generic,150/300/200mg,Tablet - FDC,60,3500,39025,11.15,0.19,"Aurobindo Unit III, India",No,See ASN-4419 (ID#:3851),See ASN-4419 (ID#:3851),76.49
3870,102-BW-T01,Pre-PQ Process,SCMS-46070,ASN-4144,Botswana,PMO - US,Direct Drop,EXW,Air,Pre-PQ Process,5/27/09,12-Jun-09,12-Jun-09,12-Jun-09,HRDT,HIV test,Orasure Technologies Inc.,"HIV 1/2, OraQuick Advance HIV Rapid Antibody Kit, 100 Tests","HIV 1/2, OraQuick Advance HIV Rapid Antibody Kit",OraQuick,N/A,Test kit,100,1,350,350,3.5,"Pacific Biotech, Thailand",Yes,3,597.43,0.69
3880,108-VN-T01,Pre-PQ Process,SCMS-46540,ASN-4487,Vietnam,PMO - US,Direct Drop,CIP,Air,Pre-PQ Process,5/27/09,23-Jul-09,23-Jul-09,23-Jul-09,ARV,Pediatric,BRISTOL-MYERS SQUIBB,"Didanosine 25mg [Videx], chewable tablets, 60 Tabs",Didanosine,Videx,25mg,Chewable/dispersible tablet,60,120,840,7,0.12,"BMS Meymac, France",Yes,Weight Captured Separately,Freight Included in Commodity Cost,1.65
3894,116-ZA-T01,Pre-PQ Process,SCMS-47050,ASN-4819,South Africa,PMO - US,Direct Drop,DDP,Truck,Pre-PQ Process,6/5/09,12-Oct-09,21-Jul-09,21-Jul-09,ARV,Adult,S. BUYS WHOLESALER,"Nevirapine 200mg [Viramune], tablets, 60 Tabs",Nevirapine,Viramune,200mg,Tablet,60,360,7041.6,19.56,0.33,"Boehringer Ing., Koropi, GR",Yes,Weight Captured Separately,Freight Included in Commodity Cost,13.8
3895,116-ZA-T01,Pre-PQ Process,SCMS-47050,ASN-4819,South Africa,PMO - US,Direct Drop,DDP,Truck,Pre-PQ Process,6/5/09,12-Oct-09,21-Jul-09,21-Jul-09,ARV,Adult,S. BUYS WHOLESALER,"Didanosine EC 250mg [Videx EC], delayed-release capsules, Blister 3 x 10 Caps",Didanosine EC,Videx EC,250mg,Delayed-release capsules - blister,30,40,678.8,16.97,0.57,"BMS Meymac, France",No,Weight Captured Separately,Freight Included in Commodity Cost,1.33
3896,116-ZA-T01,Pre-PQ Process,SCMS-47051,ASN-4836,South Africa,PMO - US,Direct Drop,DDP,Truck,Pre-PQ Process,6/5/09,12-Oct-09,28-Jul-09,28-Jul-09,ARV,Adult,S. BUYS WHOLESALER,"Zidovudine 300mg [Retrovir], tablets, 60 Tabs",Zidovudine,Retrovir,300mg,Tablet,60,200,3136,15.68,0.26,GSK Ware (UK),No,Weight Captured Separately,Freight Included in Commodity Cost,6.15
3897,116-ZA-T01,Pre-PQ Process,SCMS-47051,ASN-4836,South Africa,PMO - US,Direct Drop,DDP,Truck,Pre-PQ Process,6/5/09,12-Oct-09,28-Jul-09,28-Jul-09,ARV,Pediatric,S. BUYS WHOLESALER,"Nevirapine 10mg/ml, oral suspension, Bottle, 240 ml",Nevirapine,Generic,10mg/ml,Oral suspension,240,30,328.2,10.94,0.05,"Aurobindo Unit III, India",No,Weight Captured Separately,Freight Included in Commodity Cost,0.64
3898,116-ZA-T01,Pre-PQ Process,SCMS-47051,ASN-4836,South Africa,PMO - US,Direct Drop,DDP,Truck,Pre-PQ Process,6/5/09,12-Oct-09,28-Jul-09,28-Jul-09,ARV,Adult,S. BUYS WHOLESALER,"Saquinavir 200mg [Invirase], capsules, 270 Caps",Saquinavir,Invirase,200mg,Capsule,270,30,2298,76.6,0.28,Roche Basel,No,Weight Captured Separately,Freight Included in Commodity Cost,4.5
3899,116-ZA-T01,Pre-PQ Process,SCMS-47070,ASN-4940,South Africa,PMO - US,Direct Drop,DDP,Truck,Pre-PQ Process,6/5/09,8-Sep-09,31-Aug-09,31-Aug-09,ARV,Adult,S. BUYS WHOLESALER,"Tenofovir Disoproxil Fumarate 300mg [Viread], tablets, 30 Tabs",Tenofovir Disoproxil Fumarate,Viread,300mg,Tablet,30,300,7440,24.8,0.83,"Aspen-OSD, Port Elizabeth, SA",Yes,Weight Captured Separately,Freight Included in Commodity Cost,14.58
3926,100-CI-T01,Pre-PQ Process,SCMS-2,ASN-4,Côte d'Ivoire,PMO - US,Direct Drop,EXW,Air,Pre-PQ Process,Date Not Captured,10-May-06,10-May-06,10-May-06,HRDT,HIV test,OMEGA DIAGNOSTICS LTD,"HIV 1/2, Visitect Kit, 25 Tests","HIV 1/2, Visitect Kit",Visitect,N/A,Test kit,25,44,1375,31.25,1.25,"OMEGA Diagnostics, UK",Yes,15,633.73,
3955,114-UG-T01,Pre-PQ Process,SCMS-157,ASN-127,Uganda,PMO - US,Direct Drop,EXW,Air,Pre-PQ Process,Date Not Captured,21-Dec-06,21-Dec-06,21-Dec-06,ARV,Adult,Aurobindo Pharma Limited,"Lamivudine/Zidovudine 150/300mg, tablets, 60 Tabs",Lamivudine/Zidovudine,Generic,150/300mg,Tablet - FDC,60,5080,55880,11,0.18,"Aurobindo Unit III, India",Yes,1172,5595.44,
3956,108-VN-T01,Pre-PQ Process,SCMS-171,ASN-294,Vietnam,PMO - US,Direct Drop,FCA,Air,Pre-PQ Process,11/13/06,27-Mar-07,27-Mar-07,27-Mar-07,ARV,Adult,Hoffmann-La Roche ltd Basel,"Nelfinavir (as mesilate) 250mg [Viracept], tablets, 270 Tabs",Nelfinavir (as mesilate),Viracept,250mg,Tablet,270,200,32688,163.44,0.61,Roche Madrid,Yes,54,13981.96,
3970,107-RW-T01,Pre-PQ Process,SCMS-288,ASN-170,Rwanda,PMO - US,Direct Drop,EXW,Air,Pre-PQ Process,12/28/06,17-Jan-07,17-Jan-07,17-Jan-07,HRDT,HIV test,Premier Medical Corporation Ltd.,"HIV 1/2/O, First Response HIV 1-2.0, v.3.0 Cards Kit, 30 Tests","HIV 1/2/O, First Response HIV 1-2.0, v.3.0 Cards Kit",First Response,N/A,Test kit,30,2000,42000,21,0.7,Premier Med. Corp Ltd. India,Yes,600,5714.31,
3971,107-RW-T01,Pre-PQ Process,SCMS-290,ASN-191,Rwanda,PMO - US,Direct Drop,EXW,Air,Pre-PQ Process,12/29/06,25-Jan-07,9-Mar-07,9-Mar-07,HRDT,HIV test,"Trinity Biotech, Plc","HIV 1/2, Uni-Gold HIV Kit, 20 Tests","HIV 1/2, Uni-Gold HIV Kit",Uni-Gold,N/A,Test kit,20,500,20000,40,2,"Trinity Biotech, Plc",Yes,173,17928.53,
3972,110-ZM-T01,Pre-PQ Process,SCMS-291,ASN-161,Zambia,PMO - US,Direct Drop,EXW,Air,Pre-PQ Process,Date Not Captured,20-Nov-06,20-Nov-06,20-Nov-06,HRDT,HIV test,Abbott GmbH & Co. KG,"HIV 1/2, Determine Complete HIV Kit, 100 Tests","HIV 1/2, Determine Complete HIV Kit",Determine,N/A,Test kit,100,2500,200000,80,0.8,ABBVIE GmbH & Co.KG Wiesbaden,Yes,857354,5157.65,
3976,110-ZM-T01,Pre-PQ Process,SCMS-352,ASN-200,Zambia,PMO - US,Direct Drop,EXW,Air,Pre-PQ Process,Date Not Captured,20-Feb-07,20-Feb-07,20-Feb-07,HRDT,HIV test,"Standard Diagnostics, Inc.","HIV 1/2, Bioline 3.0 Kit, Lancets, Capillary pipets, Alcohol swabs included, 25 Tests","HIV 1/2, Bioline 3.0 Kit, Lancets, Capillary pipets, Alcohol swabs included",Bioline,N/A,Test kit,25,400,8000,20,0.8,"Standard Diagnostics, Korea",Yes,134,963.73,
3989,100-HT-T01,Pre-PQ Process,SCMS-540,ASN-362,Haiti,PMO - US,Direct Drop,EXW,Air,Pre-PQ Process,4/4/07,8-May-07,8-May-07,8-May-07,HRDT,HIV test,"Trinity Biotech, Plc","HIV 1/2, Capillus HIV Kit, 100 Tests","HIV 1/2, Capillus HIV Kit",Capillus,N/A,Test kit,100,125,17375,139,1.39,"Trinity Biotech, Plc",Yes,78,4702.79,
3992,102-NG-T01,Pre-PQ Process,SCMS-592,ASN-528,Nigeria,PMO - US,Direct Drop,EXW,Air,Pre-PQ Process,5/13/07,19-Jun-07,6-Aug-07,6-Aug-07,HRDT,HIV test,Abbott GmbH & Co. KG,"HIV 1/2, Determine Complete HIV Kit, 100 Tests","HIV 1/2, Determine Complete HIV Kit",Determine,N/A,Test kit,100,1500,120000,80,0.8,ABBVIE GmbH & Co.KG Wiesbaden,Yes,512,3906.29,192
4020,108-VN-T01,Pre-PQ Process,SCMS-749,ASN-737,Vietnam,PMO - US,Direct Drop,EXW,Air,Pre-PQ Process,7/3/07,2-Oct-07,2-Oct-07,2-Oct-07,ARV,Adult,Aurobindo Pharma Limited,"Abacavir 300mg, tablets, 60 Tabs",Abacavir,Generic,300mg,Tablet,60,1500,41475,27.65,0.46,"Aurobindo Unit III, India",No,See ASN-737 (ID#:2765),See ASN-737 (ID#:2765),66.36
4021,108-VN-T01,Pre-PQ Process,SCMS-762,ASN-634,Vietnam,PMO - US,Direct Drop,FCA,Air,Pre-PQ Process,7/4/07,10-Sep-07,10-Sep-07,10-Sep-07,ARV,Adult,ABBVIE LOGISTICS (FORMERLY ABBOTT LOGISTICS BV),"Lopinavir/Ritonavir 200/50mg [Aluvia], tablets, 120 Tabs",Lopinavir/Ritonavir,Aluvia,200/50mg,Tablet,120,1000,82190,82.19,0.68,ABBVIE Ludwigshafen Germany,Yes,226,2923.46,131.5
4023,102-GY-T01,Pre-PQ Process,SCMS-767,ASN-607,Guyana,PMO - US,Direct Drop,EXW,Air,Pre-PQ Process,7/25/07,9-Aug-07,9-Aug-07,9-Aug-07,HRDT,HIV test - Ancillary,"Orgenics, Ltd","HIV, Lancet, Safety, for HIV Test kits, 100 Pcs","HIV, Lancet, Safety, for HIV Test kits, 100 Pcs",Generic,N/A,Test kit - Ancillary,100,300,3,0.01,0,Inverness Japan,Yes,Weight Captured Separately,Invoiced Separately,0
4025,104-CI-T01,Pre-PQ Process,SCMS-785,ASN-652,Côte d'Ivoire,PMO - US,Direct Drop,CIP,Air,Pre-PQ Process,7/11/07,27-Aug-07,27-Aug-07,27-Aug-07,ARV,Adult,BRISTOL-MYERS SQUIBB,"Stavudine 20mg [Zerit], capsules, 60 Caps",Stavudine,Zerit,20mg,Capsule,60,1161,6548.04,5.64,0.09,"BMS Meymac, France",Yes,Weight Captured Separately,Freight Included in Commodity Cost,10.48
4044,109-TZ-T01,Pre-PQ Process,SCMS-10260,ASN-698,Tanzania,PMO - US,Direct Drop,EXW,Air,Pre-PQ Process,Date Not Captured,16-Oct-07,16-Oct-07,16-Oct-07,HRDT,HIV test,"Standard Diagnostics, Inc.","HIV 1/2, Bioline 3.0 Kit, Lancets, Capillary pipets, Alcohol swabs included, 25 Tests","HIV 1/2, Bioline 3.0 Kit, Lancets, Capillary pipets, Alcohol swabs included",Bioline,N/A,Test kit,25,10000,200000,20,0.8,"Standard Diagnostics, Korea",Yes,3338,28466.06,320
4045,109-TZ-T01,Pre-PQ Process,SCMS-10340,ASN-2700,Tanzania,PMO - US,Direct Drop,EXW,Air,Pre-PQ Process,9/17/08,19-Nov-08,19-Nov-08,19-Nov-08,HRDT,HIV test,"Standard Diagnostics, Inc.","HIV 1/2, Bioline 3.0 Kit, Lancets, Capillary pipets, Alcohol swabs included, 25 Tests","HIV 1/2, Bioline 3.0 Kit, Lancets, Capillary pipets, Alcohol swabs included",Bioline,N/A,Test kit,25,10000,200000,20,0.8,"Standard Diagnostics, Korea",Yes,3112,22856.02,392
4085,102-GY-T01,Pre-PQ Process,SCMS-11650,ASN-834,Guyana,PMO - US,Direct Drop,EXW,Air,Pre-PQ Process,8/28/07,21-Sep-07,21-Sep-07,21-Sep-07,HRDT,HIV test - Ancillary,"Orgenics, Ltd","HIV, Lancet, Safety, for HIV Test kits, 100 Pcs","HIV, Lancet, Safety, for HIV Test kits, 100 Pcs",Generic,N/A,Test kit - Ancillary,100,442,4.42,0.01,0,Inverness Japan,Yes,Weight Captured Separately,Invoiced Separately,0.01
4100,104-CI-T01,Pre-PQ Process,SCMS-12370,ASN-823,Côte d'Ivoire,PMO - US,Direct Drop,EXW,Air,Pre-PQ Process,9/18/07,25-Oct-07,25-Oct-07,25-Oct-07,HRDT,HIV test,"CHEMBIO DIAGNOSTIC SYSTEMS, INC.","HIV 1/2, Stat-Pak HIV, Kit, 20 Tests","HIV 1/2, Stat-Pak HIV, Kit",Stat-Pak,N/A,Test kit,20,250,6750,27,1.35,Chembio Diagnostics Sys. Inc.,Yes,68,1711.86,10.8
4189,116-ZA-T01,Pre-PQ Process,SCMS-14050,ASN-1251,South Africa,PMO - US,Direct Drop,DDP,N/A,Pre-PQ Process,11/12/07,29-Jan-08,29-Jan-08,29-Jan-08,ARV,Adult,"JSI R&T INSTITUTE, INC.","Zidovudine 300mg [Retrovir], tablets, 60 Tabs",Zidovudine,Retrovir,300mg,Tablet,60,800,15408,19.26,0.32,GSK Aranda,No,Weight Captured Separately,Freight Included in Commodity Cost,24.65
4190,116-ZA-T01,Pre-PQ Process,SCMS-14050,ASN-1252,South Africa,PMO - US,Direct Drop,DDP,N/A,Pre-PQ Process,11/12/07,29-Jan-08,24-Jan-07,24-Jan-08,ARV,Adult,"JSI R&T INSTITUTE, INC.","Stavudine 30mg [Zerit], capsules, 60 Caps",Stavudine,Zerit,30mg,Capsule,60,800,4792,5.99,0.1,"BMS Meymac, France",Yes,Weight Captured Separately,Freight Included in Commodity Cost,7.67
4192,107-RW-T01,Pre-PQ Process,SCMS-14140,ASN-1028,Rwanda,PMO - US,Direct Drop,EXW,Air,Pre-PQ Process,11/16/07,10-Jan-08,10-Jan-08,10-Jan-08,HRDT,HIV test,"Trinity Biotech, Plc","HIV 1/2, Uni-Gold HIV Kit, 20 Tests","HIV 1/2, Uni-Gold HIV Kit",Uni-Gold,N/A,Test kit,20,2450,78400,32,1.6,"Trinity Biotech, Plc",No,See ASN-1028 (ID#:2927),See ASN-1028 (ID#:2927),125.44
4193,107-RW-T01,Pre-PQ Process,SCMS-14221,ASN-1595,Rwanda,PMO - US,Direct Drop,CIP,Air,Pre-PQ Process,11/21/07,28-Apr-08,22-Apr-08,22-Apr-08,ARV,Adult,CIPLA LIMITED,"Lamivudine/Nevirapine/Stavudine 150/200/30mg, tablets, 60 Tabs",Lamivudine/Nevirapine/Stavudine,Generic,150/200/30mg,Tablet - FDC,60,38784,271488,7,0.12,"Cipla, Goa, India",Yes,4124,10500,434.38
4198,108-VN-T01,Pre-PQ Process,SCMS-14211,ASN-1341,Vietnam,PMO - US,Direct Drop,FCA,Air,Pre-PQ Process,12/6/07,22-Jan-08,7-Mar-08,7-Mar-08,ARV,Adult,ABBVIE LOGISTICS (FORMERLY ABBOTT LOGISTICS BV),"Lopinavir/Ritonavir 200/50mg [Aluvia], tablets, 120 Tabs",Lopinavir/Ritonavir,Aluvia,200/50mg,Tablet,120,2000,164400,82.2,0.68,ABBVIE Ludwigshafen Germany,Yes,513,5866.31,263.04
4215,108-VN-T01,Pre-PQ Process,SCMS-14930,ASN-1231,Vietnam,PMO - US,Direct Drop,EXW,Air,Pre-PQ Process,12/5/07,22-Jan-08,22-Jan-08,22-Jan-08,ARV,Adult,Aurobindo Pharma Limited,"Stavudine 20mg, capsules, 60 Caps",Stavudine,Generic,20mg,Capsule,60,800,1400,1.75,0.03,"Aurobindo Unit III, India",No,See ASN-1231 (ID#:2947),See ASN-1231 (ID#:2947),2.24
4257,116-ZA-T01,Pre-PQ Process,SCMS-16600,ASN-1520,South Africa,PMO - US,Direct Drop,DDP,N/A,Pre-PQ Process,1/4/08,21-Jan-08,4-Jan-08,4-Jan-08,ARV,Adult,"JSI R&T INSTITUTE, INC.","Nevirapine 200mg [Viramune], tablets, 60 Tabs",Nevirapine,Viramune,200mg,Tablet,60,100,2318,23.18,0.39,"BI, Ingelheim, Germany",No,Weight Captured Separately,Freight Included in Commodity Cost,3.71
4258,116-ZA-T01,Pre-PQ Process,SCMS-16600,ASN-1520,South Africa,PMO - US,Direct Drop,DDP,N/A,Pre-PQ Process,1/4/08,21-Jan-08,4-Jan-08,4-Jan-08,ARV,Adult,"JSI R&T INSTITUTE, INC.","Zidovudine 300mg [Retrovir], tablets, 60 Tabs",Zidovudine,Retrovir,300mg,Tablet,60,800,13960,17.45,0.29,GSK Aranda,No,Weight Captured Separately,Freight Included in Commodity Cost,22.34
4259,116-ZA-T01,Pre-PQ Process,SCMS-16600,ASN-1520,South Africa,PMO - US,Direct Drop,DDP,N/A,Pre-PQ Process,1/4/08,21-Jan-08,4-Jan-08,4-Jan-08,ARV,Pediatric,"JSI R&T INSTITUTE, INC.","Lamivudine 10mg/ml [Epivir], oral solution, Bottle, 240 ml",Lamivudine,Epivir,10mg/ml,Oral solution,240,300,2049,6.83,0.03,GSK Mississauga (Canada),No,Weight Captured Separately,Freight Included in Commodity Cost,3.28
4283,106-HT-T01,Pre-PQ Process,SCMS-17670,ASN-1519,Haiti,PMO - US,Direct Drop,FCA,Air,Pre-PQ Process,2/15/08,11-Apr-08,11-Apr-08,11-Apr-08,ARV,Pediatric,ABBVIE LOGISTICS (FORMERLY ABBOTT LOGISTICS BV),"Lopinavir/Ritonavir 100/25mg [Aluvia], tablets, 60 Tabs",Lopinavir/Ritonavir,Generic,100/25mg,Tablet,60,180,1850.4,10.28,0.17,ABBVIE Ludwigshafen Germany,Yes,31,910.86,2.96
4290,116-ZA-T01,Pre-PQ Process,SCMS-17720,ASN-1530,South Africa,PMO - US,Direct Drop,DDP,Truck,Pre-PQ Process,1/21/08,5-Feb-08,4-Feb-08,4-Feb-08,ARV,Adult,"JSI R&T INSTITUTE, INC.","Didanosine EC 400mg [Videx EC], delayed-release capsules, Blister 3 x 10 Caps",Didanosine EC,Videx EC,400mg,Delayed-release capsules - blister,30,800,21720,27.15,0.9,"BMS Meymac, France",Yes,Weight Captured Separately,Freight Included in Commodity Cost,34.75
4301,110-ZM-T01,Pre-PQ Process,SCMS-18240,ASN-1788,Zambia,PMO - US,Direct Drop,EXW,Air,Pre-PQ Process,2/29/08,6-Jun-08,6-Jun-08,6-Jun-08,HRDT,HIV test,"Orgenics, Ltd","HIV 1/2, Determine HIV Kit, without Lancets, 100 Tests","HIV 1/2, Determine HIV Kit, without Lancets",Determine,N/A,Test kit,100,4300,309557,71.99,0.72,Inverness Japan,Yes,979,8690.26,495.29
4302,104-CI-T01,Pre-PQ Process,SCMS-18280,ASN-1550,Côte d'Ivoire,PMO - US,Direct Drop,EXW,Air,Pre-PQ Process,2/27/08,14-Apr-08,17-Apr-08,17-Apr-08,HRDT,HIV test,BIO-RAD LABORATORIES (FRANCE),"#108853** HIV, Genie II HIV-1/HIV-2 Kit, 40 Tests","HIV, Genie II HIV-1/HIV-2 Kit",Genie,N/A,Test kit,40,476,36176,76,1.9,Bio-Rad Laboratories,Yes,522,6924.83,57.88
4303,107-RW-T01,Pre-PQ Process,SCMS-18350,ASN-1401,Rwanda,PMO - US,Direct Drop,EXW,Air,Pre-PQ Process,2/26/08,11-Jul-08,11-Jul-08,11-Jul-08,HRDT,HIV test,"Trinity Biotech, Plc","HIV 1/2, Uni-Gold HIV Kit, 20 Tests","HIV 1/2, Uni-Gold HIV Kit",Uni-Gold,N/A,Test kit,20,3150,100800,32,1.6,"Trinity Biotech, Plc",Yes,1080,15987.05,161.28
4311,104-CI-T01,Pre-PQ Process,SCMS-18460,ASN-2449,Côte d'Ivoire,PMO - US,Direct Drop,EXW,Air,Pre-PQ Process,2/29/08,26-Sep-08,26-Sep-08,26-Sep-08,HRDT,HIV test,"Orgenics, Ltd","HIV 1/2, Determine HIV Kit, without Lancets, 100 Tests","HIV 1/2, Determine HIV Kit, without Lancets",Determine,N/A,Test kit,100,1116,78120,70,0.7,Inverness Japan,Yes,256,4014.57,124.99
4312,102-GY-T01,Pre-PQ Process,SCMS-18510,ASN-2006,Guyana,PMO - US,Direct Drop,EXW,Air,Pre-PQ Process,2/28/08,21-Jul-08,21-Jul-08,21-Jul-08,HRDT,HIV test,"Trinity Biotech, Plc","HIV 1/2, Uni-Gold HIV Kit, 20 Tests","HIV 1/2, Uni-Gold HIV Kit",Uni-Gold,N/A,Test kit,20,1062,33984,32,1.6,"Trinity Biotech, Plc",Yes,362,4717.51,54.37
4321,102-BW-T01,Pre-PQ Process,SCMS-18730,ASN-1609,Botswana,PMO - US,Direct Drop,EXW,Air,Pre-PQ Process,3/11/08,23-Jun-08,23-Jun-08,23-Jun-08,HRDT,HIV test - Ancillary,"Orgenics, Ltd","HIV, Lancet, Safety, for HIV Test kits, 100 Pcs","HIV, Lancet, Safety, for HIV Test kits, 100 Pcs",Generic,N/A,Test kit - Ancillary,100,200,2,0.01,0,Inverness Japan,Yes,Weight Captured Separately,Invoiced Separately,0
4331,129-KG-T01,Pre-PQ Process,SCMS-19110,ASN-1801,Kyrgyzstan,PMO - US,Direct Drop,DDP,Air,Pre-PQ Process,3/18/08,14-Jun-08,14-Jun-08,14-Jun-08,HRDT,HIV test,"Orgenics, Ltd","HIV 1/2, DoubleCheck II Kit, 40 Tests","HIV 1/2, DoubleCheck II Kit",DoubleCheck,N/A,Test kit,40,500,39500,79,1.98,Not Applicable,Yes,Weight Captured Separately,Freight Included in Commodity Cost,63.2
4333,119-NA-T01,Pre-PQ Process,SCMS-19130,ASN-1787,Namibia,PMO - US,Direct Drop,EXW,Air,Pre-PQ Process,3/18/08,4-Jun-08,4-Jun-08,4-Jun-08,HRDT,HIV test - Ancillary,"Orgenics, Ltd","HIV, Lancet, Safety, for HIV Test kits, 100 Pcs","HIV, Lancet, Safety, for HIV Test kits, 100 Pcs",Generic,N/A,Test kit - Ancillary,100,142,1.42,0.01,0,Inverness Japan,Yes,Weight Captured Separately,Invoiced Separately,0
4347,116-ZA-T01,Pre-PQ Process,SCMS-19800,ASN-1665,South Africa,PMO - US,Direct Drop,DDP,Truck,Pre-PQ Process,2/20/08,24-Apr-08,24-Apr-08,24-Apr-08,ARV,Pediatric,S. BUYS WHOLESALER,"Lamivudine 10mg/ml [Epivir], oral solution, Bottle, 240 ml",Lamivudine,Epivir,10mg/ml,Oral solution,240,1000,6410,6.41,0.03,GSK Mississauga (Canada),No,Weight Captured Separately,Freight Included in Commodity Cost,10.26
4367,108-VN-T01,Pre-PQ Process,SCMS-20181,ASN-2023,Vietnam,PMO - US,Direct Drop,EXW,Air,Pre-PQ Process,3/31/08,7-Jul-08,7-Jul-08,7-Jul-08,ARV,Pediatric,Aurobindo Pharma Limited,"Didanosine 100mg, chewable/dispersible tablets, 60 Tabs",Didanosine,Generic,100mg,Chewable/dispersible tablet,60,408,3162,7.75,0.13,"Aurobindo Unit III, India",No,See ASN-2023 (ID#:3094),See ASN-2023 (ID#:3094),5.06
4368,108-VN-T01,Pre-PQ Process,SCMS-20390,ASN-2204,Vietnam,PMO - US,Direct Drop,EXW,Air,Pre-PQ Process,3/31/08,12-Aug-08,12-Aug-08,12-Aug-08,ARV,Adult,CIPLA LIMITED,"Lamivudine/Nevirapine/Stavudine 150/200/30mg, tablets, 60 Tabs",Lamivudine/Nevirapine/Stavudine,Generic,150/200/30mg,Tablet - FDC,60,10420,77108,7.4,0.12,"Cipla, Goa, India",Yes,1000,7526.06,123.37
4369,108-VN-T01,Pre-PQ Process,SCMS-20400,ASN-2205,Vietnam,PMO - US,Direct Drop,EXW,Air,Pre-PQ Process,3/31/08,19-Sep-08,19-Sep-08,19-Sep-08,ARV,Adult,CIPLA LIMITED,"Lamivudine/Nevirapine/Stavudine 150/200/30mg, tablets, 60 Tabs",Lamivudine/Nevirapine/Stavudine,Generic,150/200/30mg,Tablet - FDC,60,9600,71040,7.4,0.12,"Cipla, Goa, India",Yes,920,7265.05,113.66
4372,108-VN-T01,Pre-PQ Process,SCMS-20410,ASN-2050,Vietnam,PMO - US,Direct Drop,FCA,Air,Pre-PQ Process,3/31/08,16-Jul-08,16-Jul-08,16-Jul-08,ARV,Adult,ABBVIE LOGISTICS (FORMERLY ABBOTT LOGISTICS BV),"Lopinavir/Ritonavir 200/50mg [Aluvia], tablets, 120 Tabs",Lopinavir/Ritonavir,Aluvia,200/50mg,Tablet,120,1520,124944,82.2,0.68,ABBVIE Ludwigshafen Germany,Yes,385,4393.32,199.91
4373,108-VN-T01,Pre-PQ Process,SCMS-20420,ASN-2051,Vietnam,PMO - US,Direct Drop,FCA,Air,Pre-PQ Process,3/31/08,14-Jul-08,14-Jul-08,14-Jul-08,ARV,Adult,ABBVIE LOGISTICS (FORMERLY ABBOTT LOGISTICS BV),"Lopinavir/Ritonavir 200/50mg [Aluvia], tablets, 120 Tabs",Lopinavir/Ritonavir,Aluvia,200/50mg,Tablet,120,800,65760,82.2,0.68,ABBVIE Ludwigshafen Germany,Yes,208,3449.4,105.22
4432,106-HT-T01,Pre-PQ Process,SCMS-22780,ASN-1680,Haiti,PMO - US,Direct Drop,DDP,Air,Pre-PQ Process,4/28/08,18-Apr-08,3-Jan-08,3-Jan-08,HRDT,HIV test,REINBOLD EXPORT IMPORT,"HIV 1/2, Determine Complete HIV Kit, 100 Tests","HIV 1/2, Determine Complete HIV Kit",Determine,N/A,Test kit,100,30,2550,85,0.85,Inverness Japan,Yes,Weight Captured Separately,Freight Included in Commodity Cost,4.08
4456,108-VN-T01,Pre-PQ Process,SCMS-23310,ASN-2486,Vietnam,PMO - US,Direct Drop,EXW,Air,Pre-PQ Process,5/14/08,11-Oct-08,11-Oct-08,11-Oct-08,ARV,Adult,CIPLA LIMITED,"Lamivudine/Nevirapine/Stavudine 150/200/30mg, tablets, 60 Tabs",Lamivudine/Nevirapine/Stavudine,Generic,150/200/30mg,Tablet - FDC,60,15360,113664,7.4,0.12,"Cipla, Goa, India",Yes,1360,5412.14,181.86
4457,108-VN-T01,Pre-PQ Process,SCMS-23320,ASN-2275,Vietnam,PMO - US,Direct Drop,EXW,Air,Pre-PQ Process,5/13/08,19-Sep-08,19-Sep-08,19-Sep-08,ARV,Adult,Aurobindo Pharma Limited,"Nevirapine 200mg, tablets, 60 Tabs",Nevirapine,Generic,200mg,Tablet,60,2180,6997.8,3.21,0.05,"Aurobindo Unit III, India",Yes,242,5881.57,11.2
4458,108-VN-T01,Pre-PQ Process,SCMS-23330,ASN-2276,Vietnam,PMO - US,Direct Drop,EXW,Air,Pre-PQ Process,5/13/08,19-Sep-08,19-Sep-08,19-Sep-08,ARV,Adult,Aurobindo Pharma Limited,"Lamivudine/Zidovudine 150/300mg, tablets, 60 Tabs",Lamivudine/Zidovudine,Generic,150/300mg,Tablet - FDC,60,2016,18648,9.25,0.15,"Aurobindo Unit III, India",Yes,185,5551.97,29.84
4459,108-VN-T01,Pre-PQ Process,SCMS-23380,ASN-2524,Vietnam,PMO - US,Direct Drop,CIP,Air,Pre-PQ Process,5/13/08,30-Sep-08,30-Sep-08,30-Sep-08,ARV,Pediatric,BRISTOL-MYERS SQUIBB,"Didanosine 25mg [Videx], chewable tablets, 60 Tabs",Didanosine,Videx,25mg,Chewable/dispersible tablet,60,400,2800,7,0.12,"BMS Meymac, France",Yes,81,2035.66,4.48
4460,108-VN-T01,Pre-PQ Process,SCMS-23450,ASN-2336,Vietnam,PMO - US,Direct Drop,EXW,Air,Pre-PQ Process,5/14/08,19-Sep-08,19-Sep-08,19-Sep-08,ARV,Adult,MYLAN LABORATORIES LTD (FORMERLY MATRIX LABORATORIES),"Efavirenz 600mg, tablets, 30 Tabs",Efavirenz,Generic,600mg,Tablet,30,10080,103219.2,10.24,0.34,Mylan (formerly Matrix) Nashik,No,See ASN-2336 (ID#:530),See ASN-2336 (ID#:530),165.15
4461,116-ZA-T01,Pre-PQ Process,SCMS-23500,ASN-2293,South Africa,PMO - US,Direct Drop,DDP,Truck,Pre-PQ Process,Date Not Captured,20-Aug-08,8-May-08,8-May-08,ARV,Pediatric,S. BUYS WHOLESALER,"Didanosine 25mg [Videx], chewable tablets, 60 Tabs",Didanosine,Videx,25mg,Chewable/dispersible tablet,60,4,52.96,13.24,0.22,"BMS Meymac, France",No,Weight Captured Separately,Freight Included in Commodity Cost,0.08
4470,106-HT-T01,Pre-PQ Process,SCMS-23820,ASN-2099,Haiti,PMO - US,Direct Drop,EXW,Air,Pre-PQ Process,5/20/08,6-Aug-08,6-Aug-08,6-Aug-08,HRDT,HIV test,"Orgenics, Ltd","HIV 1/2, Determine HIV Kit, without Lancets, 100 Tests","HIV 1/2, Determine HIV Kit, without Lancets",Determine,N/A,Test kit,100,2059,144130,70,0.7,Inverness Japan,Yes,470,3684.28,230.61
4531,116-ZA-T01,Pre-PQ Process,SCMS-25540,ASN-2295,South Africa,PMO - US,Direct Drop,DDP,Truck,Pre-PQ Process,Date Not Captured,12-Jun-08,9-Jun-08,9-Jun-08,ARV,Adult,S. BUYS WHOLESALER,"Tenofovir Disoproxil Fumarate 300mg [Viread], tablets, 30 Tabs",Tenofovir Disoproxil Fumarate,Viread,300mg,Tablet,30,400,9536,23.84,0.79,"Aspen-OSD, Port Elizabeth, SA",No,Weight Captured Separately,Freight Included in Commodity Cost,15.26
4534,110-ZM-T01,Pre-PQ Process,SCMS-25700,ASN-2797,Zambia,PMO - US,Direct Drop,EXW,Air,Pre-PQ Process,6/20/08,18-Nov-08,18-Nov-08,18-Nov-08,HRDT,HIV test,"Trinity Biotech, Plc","HIV 1/2, Uni-Gold HIV Kit, 20 Tests","HIV 1/2, Uni-Gold HIV Kit",Uni-Gold,N/A,Test kit,20,5900,188800,32,1.6,"Trinity Biotech, Plc",Yes,1989,19569.48,370.05
4567,109-TZ-T01,Pre-PQ Process,SCMS-23611,ASN-2727,Tanzania,PMO - US,Direct Drop,CIP,Air,Pre-PQ Process,5/15/08,3-Nov-08,3-Nov-08,3-Nov-08,ARV,Adult,BRISTOL-MYERS SQUIBB,"Didanosine EC 400mg [Videx EC], delayed-release capsules, Blister 3 x 10 Caps",Didanosine EC,Videx EC,400mg,Delayed-release capsules - blister,30,2597,61470.99,23.67,0.79,"BMS Meymac, France",Yes,Weight Captured Separately,Freight Included in Commodity Cost,120.48
4593,110-ZM-T01,Pre-PQ Process,SCMS-27010,ASN-2448,Zambia,PMO - US,Direct Drop,EXW,Air,Pre-PQ Process,8/21/08,22-Sep-08,22-Sep-08,22-Sep-08,HRDT,HIV test,"Orgenics, Ltd","HIV 1/2, Determine HIV Kit, without Lancets, 100 Tests","HIV 1/2, Determine HIV Kit, without Lancets",Determine,N/A,Test kit,100,3000,215970,71.99,0.72,Inverness Japan,No,See ASN-2448 (ID#:1939),See ASN-2448 (ID#:1939),345.55
4594,102-GY-T01,Pre-PQ Process,SCMS-27040,ASN-2473,Guyana,PMO - US,Direct Drop,EXW,Air,Pre-PQ Process,7/18/08,1-Oct-08,1-Oct-08,1-Oct-08,HRDT,HIV test,"Trinity Biotech, Plc","HIV 1/2, Uni-Gold HIV Kit, 20 Tests","HIV 1/2, Uni-Gold HIV Kit",Uni-Gold,N/A,Test kit,20,1062,33984,32,1.6,"Trinity Biotech, Plc",Yes,1062,3976.33,54.37
4611,102-BW-T01,Pre-PQ Process,SCMS-27750,ASN-2397,Botswana,PMO - US,Direct Drop,EXW,Air,Pre-PQ Process,7/28/08,18-Nov-08,18-Nov-08,18-Nov-08,HRDT,HIV test,"Trinity Biotech, Plc","HIV 1/2, Uni-Gold HIV Kit, 20 Tests","HIV 1/2, Uni-Gold HIV Kit",Uni-Gold,N/A,Test kit,20,5,160,32,1.6,"Trinity Biotech, Plc",Yes,3,1225.17,0.26
4615,102-BW-T01,Pre-PQ Process,SCMS-27760,ASN-2325,Botswana,PMO - US,Direct Drop,EXW,Air,Pre-PQ Process,7/28/08,9-Oct-08,2-Oct-08,2-Oct-08,HRDT,HIV test,"Orgenics, Ltd","HIV 1/2, Determine HIV Kit, without Lancets, 100 Tests","HIV 1/2, Determine HIV Kit, without Lancets",Determine,N/A,Test kit,100,8,560,70,0.7,Inverness Japan,Yes,5406,559.95,0.9
4635,108-VN-T01,Pre-PQ Process,SCMS-26171,ASN-2515,Vietnam,PMO - US,Direct Drop,EXW,Air,Pre-PQ Process,7/1/08,25-Sep-08,25-Sep-08,25-Sep-08,ARV,Adult,Aurobindo Pharma Limited,"Nevirapine 200mg, tablets, 60 Tabs",Nevirapine,Generic,200mg,Tablet,60,1848,5359.2,2.9,0.05,"Aurobindo Unit III, India",Yes,327,3171.36,8.57
4646,102-NG-T01,Pre-PQ Process,SCMS-28650,ASN-3202,Nigeria,PMO - US,Direct Drop,DDP,Air,Pre-PQ Process,8/20/08,27-Aug-08,27-Aug-08,27-Aug-08,HRDT,HIV test,BUNDI INTERNATIONAL DIAGNOSTICS LTD,"HIV 1/2, Bundi Rapid HIV Kit, 25 Tests","HIV 1/2, Bundi Rapid HIV Kit",Bundi,N/A,Test kit,1,1369,51337.5,37.5,37.5,BUNDI INTERNATIONAL DIAGNOSTICS LTD,Yes,Weight Captured Separately,Freight Included in Commodity Cost,100.62
4647,117-ET-T01,Pre-PQ Process,SCMS-28690,ASN-2839,Ethiopia,PMO - US,Direct Drop,EXW,Air,Pre-PQ Process,8/22/08,17-Nov-08,17-Nov-08,17-Nov-08,HRDT,HIV test,"SHANGHAI KEHUA BIOENGINEERING CO.,LTD.  (KHB)","HIV 1/2, SKB Colloidal Gold, Diagnostic Kit, Antibody, 50 Tests","HIV 1/2, Colloidal Gold, Diagnostic Kit, Antibody",Colloidal Gold,N/A,Test kit,1,7002,161046,23,23,"KHB Test Kit Facility, Shanghai China",Yes,4922,46117.09,315.65
4648,117-ET-T01,Pre-PQ Process,SCMS-28700,ASN-2719,Ethiopia,PMO - US,Direct Drop,EXW,Air,Pre-PQ Process,8/22/08,30-Oct-08,28-Oct-08,28-Oct-08,HRDT,HIV test,"SHANGHAI KEHUA BIOENGINEERING CO.,LTD.  (KHB)","HIV 1/2, SKB Colloidal Gold, Diagnostic Kit, Antibody, 50 Tests","HIV 1/2, Colloidal Gold, Diagnostic Kit, Antibody",Colloidal Gold,N/A,Test kit,1,7002,161046,23,23,"KHB Test Kit Facility, Shanghai China",Yes,5057,44360.44,315.65
4649,117-ET-T01,Pre-PQ Process,SCMS-28720,ASN-2577,Ethiopia,PMO - US,Direct Drop,EXW,Air,Pre-PQ Process,8/22/08,6-Oct-08,6-Oct-08,6-Oct-08,HRDT,HIV test,"SHANGHAI KEHUA BIOENGINEERING CO.,LTD.  (KHB)","HIV 1/2, SKB Colloidal Gold, Diagnostic Kit, Antibody, 50 Tests","HIV 1/2, Colloidal Gold, Diagnostic Kit, Antibody",Colloidal Gold,N/A,Test kit,1,7002,161046,23,23,"KHB Test Kit Facility, Shanghai China",Yes,5057,44347.71,257.67
4650,111-MZ-T01,Pre-PQ Process,SCMS-28730,ASN-2658,Mozambique,PMO - US,Direct Drop,EXW,Air,Pre-PQ Process,8/26/08,1-Nov-08,1-Nov-08,1-Nov-08,HRDT,HIV test - Ancillary,"Orgenics, Ltd","HIV, Lancet, Safety, for HIV Test kits, 100 Pcs","HIV, Lancet, Safety, for HIV Test kits, 100 Pcs",Generic,N/A,Test kit - Ancillary,100,7690,76.9,0.01,0,Inverness Japan,Yes,2278,23743.01,0.15
4709,107-RW-T01,Pre-PQ Process,SCMS-30310,ASN-3505,Rwanda,PMO - US,Direct Drop,CIP,Air,Pre-PQ Process,10/21/08,10-Mar-09,10-Mar-09,10-Mar-09,ARV,Adult,CIPLA LIMITED,"Lamivudine/Zidovudine 150/300mg, tablets, 60 Tabs",Lamivudine/Zidovudine,Generic,150/300mg,Tablet - FDC,60,18560,168896,9.1,0.15,"Cipla, Goa, India",Yes,1698,16414.22,331.04
4722,119-NA-T01,Pre-PQ Process,SCMS-30720,ASN-2586,Namibia,PMO - US,Direct Drop,EXW,Air,Pre-PQ Process,9/19/08,8-Oct-08,8-Oct-08,8-Oct-08,HRDT,HIV test,"Trinity Biotech, Plc","HIV 1/2, Uni-Gold HIV Kit, 20 Tests","HIV 1/2, Uni-Gold HIV Kit",Uni-Gold,N/A,Test kit,20,650,20800,32,1.6,"Trinity Biotech, Plc",Yes,220,7078.9,33.28
4794,110-ZM-T01,Pre-PQ Process,SCMS-33150,ASN-3308,Zambia,PMO - US,Direct Drop,CIP,Air,Pre-PQ Process,11/4/08,20-Feb-09,20-Feb-09,20-Feb-09,ARV,Pediatric,BRISTOL-MYERS SQUIBB,"Didanosine 25mg [Videx], chewable tablets, 60 Tabs",Didanosine,Videx,25mg,Chewable/dispersible tablet,60,545,3815,7,0.12,"BMS Meymac, France",Yes,Weight Captured Separately,Freight Included in Commodity Cost,7.48
4798,116-ZA-T01,Pre-PQ Process,SCMS-33320,ASN-3553,South Africa,PMO - US,Direct Drop,DDP,Truck,Pre-PQ Process,Date Not Captured,17-May-09,9-Oct-08,9-Oct-08,ARV,Pediatric,S. BUYS WHOLESALER,"Efavirenz 50mg [Stocrin/Sustiva], capsule, 30 Caps",Efavirenz,Stocrin/Sustiva,50mg,Capsule,30,200,592,2.96,0.1,"MSD Midrand, J'burg, SA",No,Weight Captured Separately,Freight Included in Commodity Cost,1.16
4804,109-TZ-T01,Pre-PQ Process,SCMS-33690,ASN-3229,Tanzania,PMO - US,Direct Drop,EXW,Air,Pre-PQ Process,11/14/08,2-Mar-09,2-Mar-09,2-Mar-09,HRDT,HIV test,"Trinity Biotech, Plc","HIV 1/2, Uni-Gold HIV Kit, 20 Tests","HIV 1/2, Uni-Gold HIV Kit",Uni-Gold,N/A,Test kit,20,1678,53696,32,1.6,"Trinity Biotech, Plc",Yes,554,4810.99,105.24
4818,117-ET-T01,Pre-PQ Process,SCMS-34310,ASN-3234,Ethiopia,PMO - US,Direct Drop,EXW,Air,Pre-PQ Process,11/24/08,27-Jan-09,27-Jan-09,27-Jan-09,HRDT,HIV test - Ancillary,"Orgenics, Ltd","Capillary Tubes, for Determine, EDTA, 50uL,100 Pcs","HIV, Capillary Tubes, for Determine, EDTA, 50uL,100 Pcs",Determine,N/A,Test kit - Ancillary,100,10000,80000,8,0.08,Inverness Japan,Yes,400,4856.14,156.8
4824,109-TZ-T01,Pre-PQ Process,SCMS-34690,ASN-3853,Tanzania,PMO - US,Direct Drop,CIP,Air,Pre-PQ Process,12/30/08,15-Jun-09,15-Jun-09,15-Jun-09,ARV,Adult,MERCK SHARP & DOHME IDEA GMBH (FORMALLY MERCK SHARP & DOHME B.V.),"Efavirenz/Emtricitabine/Tenofovir Disoproxil Fumarate 600/200/300mg [Atripla], tablets, 30 Tabs",Efavirenz/Emtricitabine/Tenofovir Disoproxil Fumarate,Atripla,600/200/300mg,Tablet - FDC,30,24963,1258135.2,50.4,1.68,"MSD, Haarlem, NL",Yes,2462,3451.41,2465.94
4854,102-GY-T01,Pre-PQ Process,SCMS-35550,ASN-3190,Guyana,PMO - US,Direct Drop,EXW,Air,Pre-PQ Process,12/12/08,30-Jan-09,23-Jan-09,23-Jan-09,HRDT,HIV test,"Orgenics, Ltd","HIV 1/2, Determine Complete HIV Kit, 100 Tests","HIV 1/2, Determine Complete HIV Kit",Determine,N/A,Test kit,100,351,25272,72,0.72,Inverness Japan,Yes,60,1097.78,49.53
4921,108-VN-T01,Pre-PQ Process,SCMS-37170,ASN-3562,Vietnam,PMO - US,Direct Drop,EXW,Air,Pre-PQ Process,1/16/09,10-Apr-09,10-Apr-09,10-Apr-09,ARV,Adult,Aurobindo Pharma Limited,"Nevirapine 200mg, tablets, 60 Tabs",Nevirapine,Generic,200mg,Tablet,60,5200,15080,2.9,0.05,"Aurobindo Unit III, India",No,See ASN-3562 (ID#:960),See ASN-3562 (ID#:960),29.56
4929,110-ZM-T01,Pre-PQ Process,SCMS-37770,ASN-3676,Zambia,PMO - US,Direct Drop,EXW,Air,Pre-PQ Process,1/27/09,26-Mar-09,26-Mar-09,26-Mar-09,HRDT,HIV test,"Standard Diagnostics, Inc.","HIV 1/2, Bioline 3.0 Kit, Lancets, Capillary pipets, Alcohol swabs included, 25 Tests","HIV 1/2, Bioline 3.0 Kit, Lancets, Capillary pipets, Alcohol swabs included",Bioline,N/A,Test kit,25,300,6000,20,0.8,"Standard Diagnostics, Korea",Yes,94,1205.43,11.76
4947,100-SN-T01,Pre-PQ Process,SCMS-38270,ASN-3546,Senegal,PMO - US,Direct Drop,EXW,Air,Pre-PQ Process,2/6/09,25-Mar-09,25-Mar-09,25-Mar-09,HRDT,HIV test,"Orgenics, Ltd","HIV 1/2, ImmunoComb TriSpot Ag - Ab Kit, 36 Tests","HIV 1/2, ImmunoComb TriSpot Ag - Ab Kit",ImmunoComb,N/A,Test kit,36,80,6800,85,2.36,INVERNESS ORGENICS LINE,Yes,33,812,13.33
4949,109-TZ-T01,Pre-PQ Process,SCMS-38410,ASN-4381,Tanzania,PMO - US,Direct Drop,FCA,Air,Pre-PQ Process,2/5/09,11-Aug-09,11-Aug-09,11-Aug-09,ARV,Adult,ABBVIE LOGISTICS (FORMERLY ABBOTT LOGISTICS BV),"Lopinavir/Ritonavir 200/50mg [Aluvia], tablets, 120 Tabs",Lopinavir/Ritonavir,Aluvia,200/50mg,Tablet,120,10680,438948,41.1,0.34,ABBVIE Ludwigshafen Germany,Yes,2724,12620.12,860.34
5032,116-ZA-T01,Pre-PQ Process,SCMS-40780,ASN-3607,South Africa,PMO - US,Direct Drop,DDP,Air,Pre-PQ Process,Date Not Captured,17-Mar-09,28-Nov-08,28-Nov-08,ARV,Adult,S. BUYS WHOLESALER,"Efavirenz 600mg, tablets, 30 Tabs",Efavirenz,Generic,600mg,Tablet,30,7000,113050,16.15,0.54,"Aurobindo Unit III, India",No,Weight Captured Separately,Freight Included in Commodity Cost,221.58
5033,116-ZA-T01,Pre-PQ Process,SCMS-40780,ASN-3607,South Africa,PMO - US,Direct Drop,DDP,Air,Pre-PQ Process,Date Not Captured,17-Mar-09,28-Nov-08,28-Nov-08,ARV,Adult,S. BUYS WHOLESALER,"Nevirapine 200mg, tablets, 60 Tabs",Nevirapine,Generic,200mg,Tablet,60,983,4875.68,4.96,0.08,"Aurobindo Unit III, India",No,Weight Captured Separately,Freight Included in Commodity Cost,9.56
5034,116-ZA-T01,Pre-PQ Process,SCMS-40790,ASN-3575,South Africa,PMO - US,Direct Drop,DDP,Air,Pre-PQ Process,Date Not Captured,24-Mar-09,1-Dec-08,1-Dec-08,ARV,Adult,S. BUYS WHOLESALER,"Stavudine 30mg, capsules, 60 Caps",Stavudine,Generic,30mg,Capsule,60,1325,3339,2.52,0.04,"Aurobindo Unit III, India",No,Weight Captured Separately,Freight Included in Commodity Cost,6.54
5035,116-ZA-T01,Pre-PQ Process,SCMS-40810,ASN-3634,South Africa,PMO - US,Direct Drop,DDP,Air,Pre-PQ Process,Date Not Captured,31-Mar-09,2-Dec-08,2-Dec-08,ARV,Adult,S. BUYS WHOLESALER,"Nevirapine 200mg [Viramune], tablets, 60 Tabs",Nevirapine,Viramune,200mg,Tablet,60,2880,44812.8,15.56,0.26,"Boehringer Ing., Koropi, GR",No,Weight Captured Separately,Freight Included in Commodity Cost,87.83
5036,116-ZA-T01,Pre-PQ Process,SCMS-40850,ASN-3611,South Africa,PMO - US,Direct Drop,DDP,Air,Pre-PQ Process,Date Not Captured,16-Jun-09,28-Jan-09,28-Jan-09,ARV,Adult,S. BUYS WHOLESALER,"Zidovudine 300mg, tablets, 60 Tabs",Zidovudine,Generic,300mg,Tablet,60,6800,82620,12.15,0.2,"Aurobindo Unit III, India",Yes,Weight Captured Separately,Freight Included in Commodity Cost,161.94
5037,116-ZA-T01,Pre-PQ Process,SCMS-40880,ASN-3610,South Africa,PMO - US,Direct Drop,DDP,Air,Pre-PQ Process,Date Not Captured,7-Jul-09,2-Feb-09,2-Feb-09,ARV,Adult,S. BUYS WHOLESALER,"Efavirenz 600mg, tablets, 30 Tabs",Efavirenz,Generic,600mg,Tablet,30,3414,49810.26,14.59,0.49,"Cipla, Goa, India",Yes,Weight Captured Separately,Freight Included in Commodity Cost,97.63
5041,116-ZA-T01,Pre-PQ Process,SCMS-41040,ASN-3623,South Africa,PMO - US,Direct Drop,DDP,Air,Pre-PQ Process,Date Not Captured,7-Apr-09,3-Dec-08,3-Dec-08,ARV,Adult,S. BUYS WHOLESALER,"Zidovudine 300mg [Retrovir], tablets, 60 Tabs",Zidovudine,Retrovir,300mg,Tablet,60,5000,62750,12.55,0.21,GSK Aranda,No,Weight Captured Separately,Freight Included in Commodity Cost,122.99
5042,116-ZA-T01,Pre-PQ Process,SCMS-41060,ASN-3624,South Africa,PMO - US,Direct Drop,DDP,Air,Pre-PQ Process,Date Not Captured,5-May-09,23-Dec-08,23-Dec-08,ARV,Adult,S. BUYS WHOLESALER,"Efavirenz 600mg, tablets, 30 Tabs",Efavirenz,Generic,600mg,Tablet,30,6215,102609.65,16.51,0.55,"Aurobindo Unit III, India",No,Weight Captured Separately,Freight Included in Commodity Cost,201.11
5043,116-ZA-T01,Pre-PQ Process,SCMS-41060,ASN-3624,South Africa,PMO - US,Direct Drop,DDP,Air,Pre-PQ Process,Date Not Captured,5-May-09,23-Dec-08,23-Dec-08,ARV,Pediatric,S. BUYS WHOLESALER,"Efavirenz 50mg [Stocrin/Sustiva], capsule, 30 Caps",Efavirenz,Stocrin/Sustiva,50mg,Capsule,30,3000,7470,2.49,0.08,"MSD Midrand, J'burg, SA",No,Weight Captured Separately,Freight Included in Commodity Cost,14.64
5044,116-ZA-T01,Pre-PQ Process,SCMS-41080,ASN-3637,South Africa,PMO - US,Direct Drop,DDP,Air,Pre-PQ Process,Date Not Captured,26-May-09,22-Jan-09,22-Jan-09,ARV,Pediatric,S. BUYS WHOLESALER,"Efavirenz 50mg, capsule, 30 Caps",Efavirenz,Generic,50mg,Capsule,30,500,1530,3.06,0.1,"Aurobindo Unit III, India",No,Weight Captured Separately,Freight Included in Commodity Cost,3
5045,116-ZA-T01,Pre-PQ Process,SCMS-41140,ASN-3752,South Africa,PMO - US,Direct Drop,DDP,Air,Pre-PQ Process,Date Not Captured,31-Mar-09,21-Nov-08,21-Nov-08,ARV,Adult,S. BUYS WHOLESALER,"Efavirenz 600mg, tablets, 30 Tabs",Efavirenz,Generic,600mg,Tablet,30,1200,14532,12.11,0.4,"Cipla, Goa, India",No,Weight Captured Separately,Freight Included in Commodity Cost,28.48
5046,116-ZA-T01,Pre-PQ Process,SCMS-41140,ASN-3752,South Africa,PMO - US,Direct Drop,DDP,Air,Pre-PQ Process,Date Not Captured,31-Mar-09,21-Nov-08,21-Nov-08,ARV,Adult,S. BUYS WHOLESALER,"Tenofovir Disoproxil Fumarate 300mg [Viread], tablets, 30 Tabs",Tenofovir Disoproxil Fumarate,Viread,300mg,Tablet,30,500,8820,17.64,0.59,"Aspen-OSD, Port Elizabeth, SA",No,Weight Captured Separately,Freight Included in Commodity Cost,17.29
5047,116-ZA-T01,Pre-PQ Process,SCMS-41140,ASN-3752,South Africa,PMO - US,Direct Drop,DDP,Air,Pre-PQ Process,Date Not Captured,31-Mar-09,21-Nov-08,21-Nov-08,ARV,Adult,S. BUYS WHOLESALER,"Emtricitabine/Tenofovir Disoproxil Fumarate 200/300mg [Truvada], tablets, 30 Tabs",Emtricitabine/Tenofovir Disoproxil Fumarate,Truvada,300/200mg,Tablet - FDC,30,80,2336,29.2,0.97,"Aspen-OSD, Port Elizabeth, SA",No,Weight Captured Separately,Freight Included in Commodity Cost,4.58
5048,116-ZA-T01,Pre-PQ Process,SCMS-41150,ASN-3759,South Africa,PMO - US,Direct Drop,DDP,Air,Pre-PQ Process,Date Not Captured,1-Apr-09,21-Nov-08,21-Nov-08,ARV,Pediatric,S. BUYS WHOLESALER,"Ritonavir 80mg/ml [Norvir], oral solution, cool, Bottle, 90 ml",Ritonavir,Norvir,80mg/ml,Oral solution,90,1,5.97,5.97,0.07,ABBVIE (Abbott) France,Yes,Weight Captured Separately,Freight Included in Commodity Cost,0.01
5049,116-ZA-T01,Pre-PQ Process,SCMS-41160,ASN-3760,South Africa,PMO - US,Direct Drop,DDP,Air,Pre-PQ Process,Date Not Captured,1-Apr-09,26-Nov-08,26-Nov-08,ARV,Adult,S. BUYS WHOLESALER,"Zidovudine 300mg [Retrovir], tablets, 60 Tabs",Zidovudine,Retrovir,300mg,Tablet,60,500,6555,13.11,0.22,GSK Aranda,Yes,Weight Captured Separately,1521.4,12.85
5050,116-ZA-T01,Pre-PQ Process,SCMS-41180,ASN-3778,South Africa,PMO - US,Direct Drop,DDP,Air,Pre-PQ Process,Date Not Captured,3-Apr-09,11-Feb-09,11-Feb-09,ARV,Adult,S. BUYS WHOLESALER,"Stavudine 20mg [Zerit], capsules, 60 Caps",Stavudine,Zerit,20mg,Capsule,60,300,1179,3.93,0.07,"BMS Meymac, France",Yes,Weight Captured Separately,Freight Included in Commodity Cost,2.31
5051,116-ZA-T01,Pre-PQ Process,SCMS-41190,ASN-3732,South Africa,PMO - US,Direct Drop,DDP,Air,Pre-PQ Process,Date Not Captured,30-Mar-09,21-Jan-09,21-Jan-09,ARV,Pediatric,S. BUYS WHOLESALER,"Efavirenz 50mg [Stocrin/Sustiva], capsule, 30 Caps",Efavirenz,Stocrin/Sustiva,50mg,Capsule,30,80,188.8,2.36,0.08,"MSD Midrand, J'burg, SA",No,Weight Captured Separately,Freight Included in Commodity Cost,0.37
5052,116-ZA-T01,Pre-PQ Process,SCMS-41190,ASN-3732,South Africa,PMO - US,Direct Drop,DDP,Air,Pre-PQ Process,Date Not Captured,30-Mar-09,21-Jan-09,21-Jan-09,ARV,Adult,S. BUYS WHOLESALER,"Saquinavir 200mg [Invirase], capsules, 270 Caps",Saquinavir,Invirase,200mg,Capsule,270,28,1578.92,56.39,0.21,Roche Basel,No,Weight Captured Separately,Freight Included in Commodity Cost,3.09
5053,116-ZA-T01,Pre-PQ Process,SCMS-41190,ASN-3732,South Africa,PMO - US,Direct Drop,DDP,Air,Pre-PQ Process,Date Not Captured,30-Mar-09,21-Jan-09,21-Jan-09,ARV,Pediatric,S. BUYS WHOLESALER,"Efavirenz 200mg [Stocrin/Sustiva], capsule, 90 Caps",Efavirenz,Stocrin/Sustiva,200mg,Capsule,90,30,829.5,27.65,0.31,"MSD Midrand, J'burg, SA",No,Weight Captured Separately,Freight Included in Commodity Cost,1.63
5058,116-ZA-T01,Pre-PQ Process,SCMS-41465,ASN-4614,South Africa,PMO - US,Direct Drop,DDP,Air,Pre-PQ Process,3/18/09,25-Jun-09,25-Jun-09,25-Jun-09,ARV,Pediatric,S. BUYS WHOLESALER,"Lamivudine 10mg/ml, oral solution, Bottle, 240 ml",Lamivudine,Generic,10mg/ml,Oral solution,240,108,610.2,5.65,0.02,"Aurobindo Unit III, India",Yes,Weight Captured Separately,Freight Included in Commodity Cost,1.2
5059,116-ZA-T01,Pre-PQ Process,SCMS-41586,ASN-4387,South Africa,PMO - US,Direct Drop,DDP,Air,Pre-PQ Process,3/27/09,25-Jun-09,15-Apr-09,15-Apr-09,ARV,Adult,S. BUYS WHOLESALER,"Lamivudine 150mg, tablets, 60 Tabs",Lamivudine,Generic,150mg,Tablet,60,9620,68109.6,7.08,0.12,"Aurobindo Unit III, India",Yes,Weight Captured Separately,Freight Included in Commodity Cost,133.49
5066,144-BW-T01,Pre-PQ Process,SCMS-41890,ASN-3780,Botswana,PMO - US,Direct Drop,EXW,Air,Pre-PQ Process,3/25/09,17-Apr-09,17-Apr-09,17-Apr-09,HRDT,HIV test,Orasure Technologies Inc.,"HIV 1/2, OraQuick Advance HIV Rapid Antibody Kit, 100 Tests","HIV 1/2, OraQuick Advance HIV Rapid Antibody Kit",OraQuick,N/A,Test kit,100,20,7000,350,3.5,"Pacific Biotech, Thailand",Yes,48,1119.99,13.72
5076,116-ZA-T01,Pre-PQ Process,SCMS-42260,ASN-4333,South Africa,PMO - US,Direct Drop,DDP,Truck,Pre-PQ Process,4/2/09,21-Apr-09,17-Apr-09,17-Apr-09,ARV,Adult,S. BUYS WHOLESALER,"Tenofovir Disoproxil Fumarate 300mg [Viread], tablets, 30 Tabs",Tenofovir Disoproxil Fumarate,Viread,300mg,Tablet,30,250,5315,21.26,0.71,"Aspen-OSD, Port Elizabeth, SA",Yes,Weight Captured Separately,Freight Included in Commodity Cost,10.42
5081,116-ZA-T01,Pre-PQ Process,SCMS-42430,ASN-4226,South Africa,PMO - US,Direct Drop,DDP,Truck,Pre-PQ Process,Date Not Captured,15-May-09,15-May-09,15-May-09,ARV,Pediatric,S. BUYS WHOLESALER,"Efavirenz 200mg [Stocrin/Sustiva], capsule, 90 Caps",Efavirenz,Stocrin/Sustiva,200mg,Capsule,90,100,3220,32.2,0.36,"MSD Midrand, J'burg, SA",Yes,Weight Captured Separately,Freight Included in Commodity Cost,6.31
5083,116-ZA-T01,Pre-PQ Process,SCMS-47380,ASN-4285,South Africa,PMO - US,Direct Drop,DDP,Truck,Pre-PQ Process,4/2/09,15-May-09,21-Apr-09,21-Apr-09,ARV,Adult,S. BUYS WHOLESALER,"Lopinavir/Ritonavir 200/50mg [Aluvia], tablets, 120 Tabs",Lopinavir/Ritonavir,Aluvia,200/50mg,Tablet,120,400,14400,36,0.3,ABBVIE Ludwigshafen Germany,Yes,Weight Captured Separately,Freight Included in Commodity Cost,28.22
5113,107-RW-T01,Pre-PQ Process,SCMS-43900,ASN-4553,Rwanda,PMO - US,Direct Drop,CIP,Air,Pre-PQ Process,7/15/09,12-Aug-09,12-Aug-09,12-Aug-09,ARV,Adult,HETERO LABS LIMITED,"Efavirenz 600mg, tablets, 30 Tabs",Efavirenz,Generic,600mg,Tablet,30,28034,195677.32,6.98,0.23,Hetero Unit III Hyderabad IN,Yes,2268,19023.36,383.53
5114,123-NG-T01,Pre-PQ Process,SCMS-43960,ASN-4533,Nigeria,PMO - US,Direct Drop,EXW,Air,Pre-PQ Process,4/10/09,3-Sep-09,3-Sep-09,3-Sep-09,ACT,ACT,MISSIONPHARMA A/S,"Artemether/Lumefantrine 20/120mg [Coartem], scored tablets, Blister 30 x 18 Tabs",Artemether/Lumefantrine,Coartem,20/120mg,Tablet - FDC + blister,540,2000,70420,35.21,0.07,"Novartis Pharma Suffern, USA",Yes,1250,17170.07,138.02
5119,104-CI-T01,Pre-PQ Process,SCMS-44050,ASN-3985,Côte d'Ivoire,PMO - US,Direct Drop,EXW,Air,Pre-PQ Process,4/15/09,10-Jun-09,9-Jun-09,9-Jun-09,HRDT,HIV test,BIO-RAD LABORATORIES (FRANCE),"#108853** HIV, Genie II HIV-1/HIV-2 Kit, 40 Tests","HIV, Genie II HIV-1/HIV-2 Kit",Genie,N/A,Test kit,40,476,52360,110,2.75,Bio-Rad Laboratories,Yes,534,9471.52,102.63
5120,104-CI-T01,Pre-PQ Process,SCMS-44050,ASN-4095,Côte d'Ivoire,PMO - US,Direct Drop,EXW,Air,Pre-PQ Process,4/15/09,10-Jun-09,17-Jun-09,17-Jun-09,HRDT,HIV test,BIO-RAD LABORATORIES (FRANCE),"#108853** HIV, Genie II HIV-1/HIV-2 Kit, 40 Tests","HIV, Genie II HIV-1/HIV-2 Kit",Genie,N/A,Test kit,40,18,1980,110,2.75,Bio-Rad Laboratories,Yes,20,2199.43,3.88
5147,119-NA-T01,Pre-PQ Process,SCMS-44970,ASN-4081,Namibia,PMO - US,Direct Drop,EXW,Air,Pre-PQ Process,4/29/09,27-May-09,27-May-09,27-May-09,HRDT,HIV test,"Trinity Biotech, Plc","HIV 1/2, Uni-Gold HIV Kit, 20 Tests","HIV 1/2, Uni-Gold HIV Kit",Uni-Gold,N/A,Test kit,20,6760,216320,32,1.6,"Trinity Biotech, Plc",Yes,2261,17643.81,423.99
5175,109-TZ-T01,Pre-PQ Process,SCMS-46500,ASN-4223,Tanzania,PMO - US,Direct Drop,FCA,Air,Pre-PQ Process,5/28/09,30-Jul-09,30-Jul-09,30-Jul-09,ARV,Adult,Hoffmann-La Roche ltd Basel,"Saquinavir 200mg [Invirase], capsules, 270 Caps",Saquinavir,Invirase,200mg,Capsule,270,820,73074.13,89.11,0.33,Roche Basel,Yes,424,3310.89,143.23
5194,116-ZA-T01,Pre-PQ Process,SCMS-47050,ASN-4819,South Africa,PMO - US,Direct Drop,DDP,Truck,Pre-PQ Process,6/5/09,12-Oct-09,21-Jul-09,21-Jul-09,ARV,Adult,S. BUYS WHOLESALER,"Abacavir 300mg [Ziagen], tablets, Blister 6 x 10 Tabs",Abacavir,Ziagen,300mg,Tablet - blister,60,30,1081.8,36.06,0.6,GSK Ware (UK),No,Weight Captured Separately,Freight Included in Commodity Cost,2.12
5195,116-ZA-T01,Pre-PQ Process,SCMS-47051,ASN-4836,South Africa,PMO - US,Direct Drop,DDP,Truck,Pre-PQ Process,6/5/09,12-Oct-09,28-Jul-09,28-Jul-09,ARV,Adult,S. BUYS WHOLESALER,"Lopinavir/Ritonavir 200/50mg [Aluvia], tablets, 120 Tabs",Lopinavir/Ritonavir,Aluvia,200/50mg,Tablet,120,200,8396,41.98,0.35,ABBVIE Ludwigshafen Germany,No,Weight Captured Separately,Freight Included in Commodity Cost,16.46
5199,141-NA-T01,Pre-PQ Process,SCMS-47160,ASN-4663,Namibia,PMO - US,Direct Drop,EXW,Air,Pre-PQ Process,6/4/09,1-Sep-09,1-Sep-09,1-Sep-09,HRDT,HIV test,"Orgenics, Ltd","HIV 1/2, Clearview Complete Kit, 25 Tests","HIV 1/2, Clearview Complete Kit",Clearview,N/A,Test kit,25,4,300,75,3,Chembio Diagnostics Sys. Inc.,Yes,4,133.25,0.59
5201,104-CI-T01,Pre-PQ Process,SCMS-42241,ASN-4812,Côte d'Ivoire,PMO - US,Direct Drop,CIP,Air,Pre-PQ Process,3/30/09,15-Sep-09,15-Sep-09,15-Sep-09,ARV,Pediatric,ABBVIE LOGISTICS (FORMERLY ABBOTT LOGISTICS BV),"Lopinavir/Ritonavir 80/20mg/ml [Kaletra], oral solution, cool, Bottle 5 x 60 ml",Lopinavir/Ritonavir,Kaletra,80/20mg/ml,Oral solution,300,20,822,41.1,0.14,ABBVIE (Abbott) Logis. UK,Yes,Weight Captured Separately,Freight Included in Commodity Cost,1.61
5233,100-CI-T01,Pre-PQ Process,SCMS-3,ASN-6,Côte d'Ivoire,PMO - US,Direct Drop,EXW,Air,Pre-PQ Process,Date Not Captured,2-May-06,2-May-06,2-May-06,HRDT,HIV test,"Standard Diagnostics, Inc.","HIV 1/2, Bioline 3.0 Kit, (no accessories), 30 Tests","HIV 1/2, Bioline 3.0 Kit (no accessories)",Bioline,N/A,Test kit,30,31,734.7,23.7,0.79,"Standard Diagnostics, Korea",Yes,11,515.32,
5243,104-CI-T01,Pre-PQ Process,SCMS-40,ASN-26,Côte d'Ivoire,PMO - US,Direct Drop,EXW,Air,Pre-PQ Process,Date Not Captured,8-Aug-06,8-Aug-06,8-Aug-06,HRDT,HIV test,RANBAXY Fine Chemicals LTD.,"HIV, Reveal G3 Rapid HIV-1 Antibody Test, 30 Tests","HIV, Reveal G3 Rapid HIV-1 Antibody Test",Reveal,N/A,Test kit,30,19,551,29,0.97,Ranbaxy Fine Chemicals LTD,Yes,13,859.53,
5249,108-VN-T01,Pre-PQ Process,SCMS-79,ASN-53,Vietnam,PMO - US,Direct Drop,CIP,Air,Pre-PQ Process,Date Not Captured,15-Sep-06,15-Sep-06,15-Sep-06,ARV,Adult,ABBVIE LOGISTICS (FORMERLY ABBOTT LOGISTICS BV),"Lopinavir/Ritonavir 133.3/33.3mg [Kaletra], capsules, cool, 2 x 90 Caps",Lopinavir/Ritonavir,Kaletra,133.3/33.3mg,Capsule,180,198,35802.36,180.82,1,ABBVIE (Abbott) St. P'burg USA,Yes,389,7286.16,
5253,112-NG-T01,Pre-PQ Process,SCMS-87,ASN-57,Nigeria,PMO - US,Direct Drop,EXW,Air,Pre-PQ Process,Date Not Captured,28-Sep-06,28-Sep-06,28-Sep-06,ARV,Pediatric,Aurobindo Pharma Limited,"Nevirapine 10mg/ml, oral suspension, Bottle, 240 ml",Nevirapine,Generic,10mg/ml,Oral suspension,240,416,2579.2,6.2,0.03,"Aurobindo Unit III, India",No,See ASN-57 (ID#:23),See ASN-57 (ID#:23),
5260,104-CI-T01,Pre-PQ Process,SCMS-103,ASN-61,Côte d'Ivoire,PMO - US,Direct Drop,EXW,Air,Pre-PQ Process,Date Not Captured,6-Sep-06,6-Sep-06,6-Sep-06,ARV,Adult,Aurobindo Pharma Limited,"Lamivudine 150mg, tablets, 60 Tabs",Lamivudine,Generic,150mg,Tablet,60,16683,65897.85,3.95,0.07,"Aurobindo Unit III, India",Yes,1498,20257.08,
5261,104-CI-T01,Pre-PQ Process,SCMS-103,ASN-61,Côte d'Ivoire,PMO - US,Direct Drop,EXW,Air,Pre-PQ Process,Date Not Captured,6-Sep-06,6-Sep-06,6-Sep-06,ARV,Adult,Aurobindo Pharma Limited,"Stavudine 30mg, capsules, 60 Caps",Stavudine,Generic,30mg,Capsule,60,9321,29361.15,3.15,0.05,"Aurobindo Unit III, India",No,See ASN-61 (ID#:5260),See ASN-61 (ID#:5260),
5268,105-GY-T01,Pre-PQ Process,SCMS-122,ASN-116,Guyana,PMO - US,Direct Drop,EXW,Air,Pre-PQ Process,Date Not Captured,25-Dec-06,25-Dec-06,25-Dec-06,ARV,Adult,Aurobindo Pharma Limited,"Stavudine 15mg, capsules, 60 Caps",Stavudine,Generic,15mg,Capsule,60,602,1414.7,2.35,0.04,"Aurobindo Unit III, India",Yes,37,569.52,
5277,114-UG-T01,Pre-PQ Process,SCMS-159,ASN-125,Uganda,PMO - US,Direct Drop,EXW,Air,Pre-PQ Process,Date Not Captured,22-Dec-06,22-Dec-06,22-Dec-06,ARV,Adult,SUN PHARMACEUTICAL INDUSTRIES LTD (RANBAXY LABORATORIES LIMITED),"Lamivudine 150mg, tablets, 60 Tabs",Lamivudine,Generic,150mg,Tablet,60,6349,21269.15,3.35,0.06,"Ranbaxy, Paonta Shahib, India",Yes,369,2623.49,
5278,110-ZM-T01,Pre-PQ Process,SCMS-163,ASN-123,Zambia,PMO - US,Direct Drop,EXW,Air,Pre-PQ Process,Date Not Captured,20-Dec-06,20-Dec-06,20-Dec-06,ARV,Adult,Aurobindo Pharma Limited,"Nevirapine 200mg, tablets, 60 Tabs",Nevirapine,Generic,200mg,Tablet,60,33333,120332.13,3.61,0.06,"Aurobindo Unit III, India",No,See ASN-123 (ID#:2685),See ASN-123 (ID#:2685),
5279,108-VN-T01,Pre-PQ Process,SCMS-167,ASN-270,Vietnam,PMO - US,Direct Drop,EXW,Air,Pre-PQ Process,11/14/06,14-Mar-07,14-Mar-07,14-Mar-07,ARV,Adult,SUN PHARMACEUTICAL INDUSTRIES LTD (RANBAXY LABORATORIES LIMITED),"Lamivudine 150mg, tablets, 60 Tabs",Lamivudine,Generic,150mg,Tablet,60,98400,329640,3.35,0.06,"Ranbaxy, Paonta Shahib, India",Yes,4300,27923.26,
5280,108-VN-T01,Pre-PQ Process,SCMS-476,ASN-387,Vietnam,PMO - US,Direct Drop,EXW,Air,Pre-PQ Process,11/14/06,14-Mar-07,16-May-07,16-May-07,ARV,Pediatric,Aurobindo Pharma Limited,"Didanosine 100mg, chewable/dispersible tablets, 60 Tabs",Didanosine,Generic,100mg,Chewable/dispersible tablet,60,1700,17850,10.5,0.18,"Aurobindo Unit III, India",Yes,356,14982.1,
5281,108-VN-T01,Pre-PQ Process,SCMS-168,ASN-276,Vietnam,PMO - US,Direct Drop,EXW,Air,Pre-PQ Process,11/14/06,14-Mar-07,14-Mar-07,14-Mar-07,ARV,Adult,Aurobindo Pharma Limited,"Abacavir 300mg, tablets, 60 Tabs",Abacavir,Generic,300mg,Tablet,60,700,30835,44.05,0.73,"Aurobindo Unit III, India",No,See ASN-276 (ID#:2686),See ASN-276 (ID#:2686),
5282,108-VN-T01,Pre-PQ Process,SCMS-168,ASN-276,Vietnam,PMO - US,Direct Drop,EXW,Air,Pre-PQ Process,11/14/06,14-Mar-07,14-Mar-07,14-Mar-07,ARV,Adult,Aurobindo Pharma Limited,"Efavirenz 600mg, tablets, 30 Tabs",Efavirenz,Generic,600mg,Tablet,30,38300,641525,16.75,0.56,"Aurobindo Unit III, India",No,See ASN-276 (ID#:2686),See ASN-276 (ID#:2686),
5283,108-VN-T01,Pre-PQ Process,SCMS-172,ASN-302,Vietnam,PMO - US,Direct Drop,CIP,Air,Pre-PQ Process,11/29/06,16-Apr-07,16-Apr-07,16-Apr-07,ARV,Adult,ABBVIE LOGISTICS (FORMERLY ABBOTT LOGISTICS BV),"Lopinavir/Ritonavir 200/50mg [Aluvia], tablets, 120 Tabs",Lopinavir/Ritonavir,Aluvia,200/50mg,Tablet,120,1320,238682.4,180.82,1.51,ABBVIE (Abbott) Logis. UK,Yes,304,13453.12,
5293,102-GY-T01,Pre-PQ Process,SCMS-225,ASN-113,Guyana,PMO - US,Direct Drop,EXW,Air,Pre-PQ Process,Date Not Captured,15-Nov-06,15-Nov-06,15-Nov-06,HRDT,HIV test,Abbott GmbH & Co. KG,"HIV 1/2, Determine Complete HIV Kit, 100 Tests","HIV 1/2, Determine Complete HIV Kit",Determine,N/A,Test kit,100,230,18400,80,0.8,ABBVIE GmbH & Co.KG Wiesbaden,Yes,38681,801.54,
5294,102-NG-T01,Pre-PQ Process,SCMS-228,ASN-141,Nigeria,PMO - US,Direct Drop,EXW,Air,Pre-PQ Process,Date Not Captured,18-Jan-07,18-Jan-07,18-Jan-07,HRDT,HIV test,"Trinity Biotech, Plc","HIV 1/2, Uni-Gold HIV Kit, 20 Tests","HIV 1/2, Uni-Gold HIV Kit",Uni-Gold,N/A,Test kit,20,40,1600,40,2,"Trinity Biotech, Plc",Yes,14,713.58,
5295,102-NG-T01,Pre-PQ Process,SCMS-229,ASN-155,Nigeria,PMO - US,Direct Drop,EXW,Air,Pre-PQ Process,Date Not Captured,17-Dec-06,17-Dec-06,17-Dec-06,HRDT,HIV test,Orasure Technologies Inc.,"HIV 1/2, OraQuick Advance HIV Rapid Antibody Kit, 100 Tests","HIV 1/2, OraQuick Advance HIV Rapid Antibody Kit",OraQuick,N/A,Test kit,100,8,3200,400,4,"Pacific Biotech, Thailand",Yes,Weight Captured Separately,Invoiced Separately,
5303,113-ZW-T01,Pre-PQ Process,SCMS-348,ASN-286,Zimbabwe,PMO - US,Direct Drop,CIP,Air,Pre-PQ Process,1/19/07,19-Mar-07,19-Mar-07,19-Mar-07,ARV,Pediatric,BRISTOL-MYERS SQUIBB,"Didanosine 50mg [Videx], chewable tablets, 60 Tabs",Didanosine,Videx,50mg,Chewable/dispersible tablet,60,54,513,9.5,0.16,"BMS Meymac, France",Yes,Weight Captured Separately,Freight Included in Commodity Cost,
5304,109-TZ-T01,Pre-PQ Process,SCMS-367,ASN-221,Tanzania,PMO - US,Direct Drop,EXW,Air,Pre-PQ Process,1/25/07,23-Mar-07,23-Mar-07,23-Mar-07,HRDT,HIV test,"Trinity Biotech, Plc","HIV 1/2, Capillus HIV Kit, 100 Tests","HIV 1/2, Capillus HIV Kit",Capillus,N/A,Test kit,100,700,97300,139,1.39,"Trinity Biotech, Plc",Yes,488,3114.08,
5324,102-GY-T01,Pre-PQ Process,SCMS-526,ASN-343,Guyana,PMO - US,Direct Drop,EXW,Air,Pre-PQ Process,4/2/07,30-Apr-07,30-Apr-07,30-Apr-07,HRDT,HIV test,"Trinity Biotech, Plc","HIV 1/2, Uni-Gold HIV Kit, 20 Tests","HIV 1/2, Uni-Gold HIV Kit",Uni-Gold,N/A,Test kit,20,1000,32000,32,1.6,"Trinity Biotech, Plc",Yes,337,5240.47,
5352,102-GY-T01,Pre-PQ Process,SCMS-765,ASN-575,Guyana,PMO - US,Direct Drop,EXW,Air,Pre-PQ Process,7/6/07,7-Aug-07,7-Aug-07,7-Aug-07,HRDT,HIV test,"Trinity Biotech, Plc","HIV 1/2, Uni-Gold HIV Kit, 20 Tests","HIV 1/2, Uni-Gold HIV Kit",Uni-Gold,N/A,Test kit,20,1500,48000,32,1.6,"Trinity Biotech, Plc",Yes,515,8576.8,76.8
5353,102-GY-T01,Pre-PQ Process,SCMS-767,ASN-620,Guyana,PMO - US,Direct Drop,EXW,Air,Pre-PQ Process,7/25/07,9-Aug-07,21-Aug-07,21-Aug-07,HRDT,HIV test,"Orgenics, Ltd","HIV 1/2, Determine HIV Kit, without Lancets, 100 Tests","HIV 1/2, Determine HIV Kit, without Lancets",Determine,N/A,Test kit,100,300,21597,71.99,0.72,Inverness Japan,Yes,69,1398.6,34.56
5364,104-CI-T01,Pre-PQ Process,SCMS-10070,ASN-640,Côte d'Ivoire,PMO - US,Direct Drop,CIP,Air,Pre-PQ Process,5/9/07,24-Aug-07,24-Aug-07,24-Aug-07,ARV,Pediatric,BRISTOL-MYERS SQUIBB,"Didanosine 50mg [Videx], chewable tablets, 60 Tabs",Didanosine,Videx,50mg,Chewable/dispersible tablet,60,1577,14981.5,9.5,0.16,"BMS Meymac, France",Yes,309,Freight Included in Commodity Cost,23.97
5365,100-HT-T01,Pre-PQ Process,SCMS-10080,ASN-664,Haiti,PMO - US,Direct Drop,EXW,Air,Pre-PQ Process,7/26/07,13-Aug-07,13-Aug-07,13-Aug-07,HRDT,HIV test - Ancillary,"Orgenics, Ltd","HIV, Lancet, Safety, for HIV Test kits, 100 Pcs","HIV, Lancet, Safety, for HIV Test kits, 100 Pcs",Generic,N/A,Test kit - Ancillary,100,450,4.5,0.01,0,Inverness Japan,Yes,Weight Captured Separately,Invoiced Separately,0.01
5366,100-HT-T01,Pre-PQ Process,SCMS-10080,ASN-606,Haiti,PMO - US,Direct Drop,EXW,Air,Pre-PQ Process,7/26/07,13-Aug-07,7-Aug-07,7-Aug-07,HRDT,HIV test - Ancillary,"Orgenics, Ltd","HIV, Lancet, Safety, for HIV Test kits, 100 Pcs","HIV, Lancet, Safety, for HIV Test kits, 100 Pcs",Generic,N/A,Test kit - Ancillary,100,300,3,0.01,0,Inverness Japan,Yes,24,240,0
5428,104-CI-T01,Pre-PQ Process,SCMS-12400,ASN-794,Côte d'Ivoire,PMO - US,Direct Drop,EXW,Air,Pre-PQ Process,9/18/07,23-Oct-07,23-Oct-07,23-Oct-07,HRDT,HIV test,"Standard Diagnostics, Inc.","HIV 1/2, Bioline 3.0 Kit, (no accessories), 30 Tests","HIV 1/2, Bioline 3.0 Kit (no accessories)",Bioline,N/A,Test kit,30,2000,47000,23.5,0.78,"Standard Diagnostics, Korea",Yes,750,7961.7,75.2
5446,107-RW-T01,Pre-PQ Process,SCMS-13020,ASN-914,Rwanda,PMO - US,Direct Drop,EXW,Air,Pre-PQ Process,10/18/07,19-Nov-07,19-Nov-07,19-Nov-07,HRDT,HIV test,Premier Medical Corporation Ltd.,"HIV 1/2/O, First Response HIV 1-2.0, v.3.0 Cards Kit, 30 Tests","HIV 1/2/O, First Response HIV 1-2.0, v.3.0 Cards Kit",First Response,N/A,Test kit,30,1400,23100,16.5,0.55,Premier Med. Corp Ltd. India,Yes,405,3616.95,36.96
5507,116-ZA-T01,Pre-PQ Process,SCMS-14050,ASN-1251,South Africa,PMO - US,Direct Drop,DDP,N/A,Pre-PQ Process,11/12/07,29-Jan-08,29-Jan-08,29-Jan-08,ARV,Adult,"JSI R&T INSTITUTE, INC.","Efavirenz 600mg [Stocrin/Sustiva], tablets, 30 Tabs",Efavirenz,Stocrin/Sustiva,600mg,Tablet,30,600,12996,21.66,0.72,"MSD Midrand, J'burg, SA",No,Weight Captured Separately,Freight Included in Commodity Cost,20.79
5508,116-ZA-T01,Pre-PQ Process,SCMS-14050,ASN-1251,South Africa,PMO - US,Direct Drop,DDP,N/A,Pre-PQ Process,11/12/07,29-Jan-08,29-Jan-08,29-Jan-08,ARV,Pediatric,"JSI R&T INSTITUTE, INC.","Ritonavir 80mg/ml [Norvir], oral solution, cool, Bottle, 90 ml",Ritonavir,Norvir,80mg/ml,Oral solution,90,3,28.95,9.65,0.11,ABBVIE (Abbott) France,No,Weight Captured Separately,Freight Included in Commodity Cost,0.05
5509,116-ZA-T01,Pre-PQ Process,SCMS-14050,ASN-1251,South Africa,PMO - US,Direct Drop,DDP,N/A,Pre-PQ Process,11/12/07,29-Jan-08,29-Jan-08,29-Jan-08,ARV,Adult,"JSI R&T INSTITUTE, INC.","Lopinavir/Ritonavir 133.3/33.3mg [Kaletra], capsules, cool, 2 x 90 Caps",Lopinavir/Ritonavir,Kaletra,133.3/33.3mg,Capsule,180,400,19304,48.26,0.27,ABBVIE (Abbott) Logis. UK,No,Weight Captured Separately,Freight Included in Commodity Cost,30.89
5510,116-ZA-T01,Pre-PQ Process,SCMS-14050,ASN-1251,South Africa,PMO - US,Direct Drop,DDP,N/A,Pre-PQ Process,11/12/07,29-Jan-08,29-Jan-08,29-Jan-08,ARV,Adult,"JSI R&T INSTITUTE, INC.","Didanosine EC 250mg [Videx EC], delayed-release capsules, Blister 3 x 10 Caps",Didanosine EC,Videx EC,250mg,Delayed-release capsules - blister,30,100,2208,22.08,0.74,"BMS Meymac, France",No,Weight Captured Separately,Freight Included in Commodity Cost,3.53
5522,108-VN-T01,Pre-PQ Process,SCMS-14210,ASN-1340,Vietnam,PMO - US,Direct Drop,FCA,Air,Pre-PQ Process,11/22/07,6-Mar-08,6-Mar-08,6-Mar-08,ARV,Adult,ABBVIE LOGISTICS (FORMERLY ABBOTT LOGISTICS BV),"Lopinavir/Ritonavir 200/50mg [Aluvia], tablets, 120 Tabs",Lopinavir/Ritonavir,Aluvia,200/50mg,Tablet,120,1000,82200,82.2,0.68,ABBVIE Ludwigshafen Germany,Yes,249,3120.92,131.52
5532,107-RW-T01,Pre-PQ Process,SCMS-14630,ASN-1198,Rwanda,PMO - US,Direct Drop,EXW,Air,Pre-PQ Process,12/10/07,31-Jan-08,28-Jan-08,28-Jan-08,HRDT,HIV test,"Orgenics, Ltd","HIV 1/2, Determine HIV Kit, without Lancets, 100 Tests","HIV 1/2, Determine HIV Kit, without Lancets",Determine,N/A,Test kit,100,1500,107985,71.99,0.72,Inverness Japan,Yes,340,9479.89,172.78
5534,108-VN-T01,Pre-PQ Process,SCMS-14760,ASN-1230,Vietnam,PMO - US,Direct Drop,EXW,Air,Pre-PQ Process,12/5/07,1-Feb-08,1-Feb-08,1-Feb-08,ARV,Adult,Aurobindo Pharma Limited,"Stavudine 15mg, capsules, 60 Caps",Stavudine,Generic,15mg,Capsule,60,600,900,1.5,0.02,"Aurobindo Unit III, India",No,See ASN-1230 (ID#:1530),See ASN-1230 (ID#:1530),1.44
5551,100-HT-T01,Pre-PQ Process,SCMS-15480,ASN-1403,Haiti,PMO - US,Direct Drop,EXW,Air,Pre-PQ Process,Date Not Captured,10-Mar-08,10-Mar-08,10-Mar-08,HRDT,HIV test,"Trinity Biotech, Plc","HIV 1/2, Capillus HIV Kit, 100 Tests","HIV 1/2, Capillus HIV Kit",Capillus,N/A,Test kit,100,2,278,139,1.39,"Trinity Biotech, Plc",Yes,1,897.52,0.44
5575,116-ZA-T01,Pre-PQ Process,SCMS-16600,ASN-1520,South Africa,PMO - US,Direct Drop,DDP,N/A,Pre-PQ Process,1/4/08,21-Jan-08,4-Jan-08,4-Jan-08,ARV,Adult,"JSI R&T INSTITUTE, INC.","Stavudine 40mg [Zerit], capsules, 60 Caps",Stavudine,Zerit,40mg,Capsule,60,200,1146,5.73,0.1,"BMS Meymac, France",No,Weight Captured Separately,Freight Included in Commodity Cost,1.83
5589,102-BW-T01,Pre-PQ Process,SCMS-16720,ASN-1402,Botswana,PMO - US,Direct Drop,EXW,Air,Pre-PQ Process,2/4/08,3-Apr-08,3-Apr-08,3-Apr-08,HRDT,HIV test,"Trinity Biotech, Plc","HIV 1/2, Uni-Gold HIV Kit, 20 Tests","HIV 1/2, Uni-Gold HIV Kit",Uni-Gold,N/A,Test kit,20,450,14400,32,1.6,"Trinity Biotech, Plc",Yes,155,1625.08,23.04
5590,102-NG-T01,Pre-PQ Process,SCMS-16890,ASN-1874,Nigeria,PMO - US,Direct Drop,EXW,Air,Pre-PQ Process,1/29/08,19-Sep-08,20-Jun-08,20-Jun-08,HRDT,HIV test,"CHEMBIO DIAGNOSTIC SYSTEMS, INC.","HIV 1/2, Stat-Pak HIV, Kit, 20 Tests","HIV 1/2, Stat-Pak HIV, Kit",Stat-Pak,N/A,Test kit,20,7301,197127,27,1.35,Chembio Diagnostics Sys. Inc.,Yes,2093,16036.94,315.4
5595,128-BJ-T01,Pre-PQ Process,SCMS-17280,ASN-1412,Benin,PMO - US,Direct Drop,EXW,Air,Pre-PQ Process,2/6/08,10-Mar-08,10-Mar-08,10-Mar-08,HRDT,HIV test - Ancillary,"Orgenics, Ltd","HIV, Lancet, Safety, for HIV Test kits, 100 Pcs","HIV, Lancet, Safety, for HIV Test kits, 100 Pcs",Generic,N/A,Test kit - Ancillary,100,1436,14.36,0.01,0,Inverness Japan,Yes,Weight Captured Separately,Invoiced Separately,0.02
5596,128-BJ-T01,Pre-PQ Process,SCMS-17280,ASN-1380,Benin,PMO - US,Direct Drop,EXW,Air,Pre-PQ Process,2/6/08,10-Mar-08,4-Mar-08,4-Mar-08,HRDT,HIV test,"Orgenics, Ltd","HIV 1/2, Determine HIV Kit, without Lancets, 100 Tests","HIV 1/2, Determine HIV Kit, without Lancets",Determine,N/A,Test kit,100,1436,103377.64,71.99,0.72,Inverness Japan,Yes,327,6687.51,165.4
5622,110-ZM-T01,Pre-PQ Process,SCMS-18070,ASN-1577,Zambia,PMO - US,Direct Drop,EXW,Air,Pre-PQ Process,2/25/08,22-Apr-08,22-Apr-08,22-Apr-08,HRDT,HIV test - Ancillary,"Orgenics, Ltd","HIV, Lancet, Safety, for HIV Test kits, 100 Pcs","HIV, Lancet, Safety, for HIV Test kits, 100 Pcs",Generic,N/A,Test kit - Ancillary,100,2000,20,0.01,0,Inverness Japan,Yes,Weight Captured Separately,Invoiced Separately,0.03
5634,104-CI-T01,Pre-PQ Process,SCMS-18300,ASN-3434,Côte d'Ivoire,PMO - US,Direct Drop,EXW,Air,Pre-PQ Process,3/3/08,19-Mar-09,19-Mar-09,19-Mar-09,HRDT,HIV test,"Standard Diagnostics, Inc.","HIV 1/2, Bioline 3.0 Kit, Lancets, Capillary pipets, Alcohol swabs included, 25 Tests","HIV 1/2, Bioline 3.0 Kit, Lancets, Capillary pipets, Alcohol swabs included",Bioline,N/A,Test kit,25,659,13180,20,0.8,"Standard Diagnostics, Korea",Yes,206,2358.13,25.83
5635,102-LS-T01,Pre-PQ Process,SCMS-18370,ASN-1660,Lesotho,PMO - US,Direct Drop,EXW,Air,Pre-PQ Process,2/27/08,14-Jul-08,14-Jul-08,14-Jul-08,HRDT,HIV test,Orasure Technologies Inc.,"HIV 1/2, OraQuick Advance HIV Rapid Antibody Kit, 100 Tests","HIV 1/2, OraQuick Advance HIV Rapid Antibody Kit",OraQuick,N/A,Test kit,100,7,2450,350,3.5,"Pacific Biotech, Thailand",Yes,17,587.63,3.92
5645,102-BW-T01,Pre-PQ Process,SCMS-18730,ASN-1608,Botswana,PMO - US,Direct Drop,EXW,Air,Pre-PQ Process,3/11/08,23-Jun-08,4-Jun-08,4-Jun-08,HRDT,HIV test,"Orgenics, Ltd","HIV 1/2, Determine HIV Kit, without Lancets, 100 Tests","HIV 1/2, Determine HIV Kit, without Lancets",Determine,N/A,Test kit,100,200,14398,71.99,0.72,Inverness Japan,Yes,46,1028.18,23.04
5646,123-NG-T01,Pre-PQ Process,SCMS-18740,ASN-1553,Nigeria,PMO - US,Direct Drop,EXW,Air,Pre-PQ Process,3/11/08,8-May-08,7-Apr-08,7-Apr-08,HRDT,HIV test - Ancillary,"Orgenics, Ltd","HIV, Lancet, Safety, for HIV Test kits, 100 Pcs","HIV, Lancet, Safety, for HIV Test kits, 100 Pcs",Generic,N/A,Test kit - Ancillary,100,285,2.85,0.01,0,Inverness Japan,Yes,Weight Captured Separately,Invoiced Separately,0
5647,114-UG-T01,Pre-PQ Process,SCMS-18750,ASN-1618,Uganda,PMO - US,Direct Drop,EXW,Air,Pre-PQ Process,3/11/08,22-May-08,22-May-08,22-May-08,HRDT,HIV test - Ancillary,"Orgenics, Ltd","HIV, Lancet, Safety, for HIV Test kits, 100 Pcs","HIV, Lancet, Safety, for HIV Test kits, 100 Pcs",Generic,N/A,Test kit - Ancillary,100,850,8.5,0.01,0,Inverness Japan,Yes,56,360,0.01
5657,114-UG-T01,Pre-PQ Process,SCMS-18900,ASN-1543,Uganda,PMO - US,Direct Drop,EXW,Air,Pre-PQ Process,3/14/08,2-Jun-08,2-Jun-08,2-Jun-08,HRDT,HIV test,"CHEMBIO DIAGNOSTIC SYSTEMS, INC.","HIV 1/2, Stat-Pak HIV, Kit, 20 Tests","HIV 1/2, Stat-Pak HIV, Kit",Stat-Pak,N/A,Test kit,20,1275,34425,27,1.35,Chembio Diagnostics Sys. Inc.,Yes,483,4193.88,55.08
5658,114-UG-T01,Pre-PQ Process,SCMS-18910,ASN-1614,Uganda,PMO - US,Direct Drop,EXW,Air,Pre-PQ Process,3/13/08,2-Jun-08,2-Jun-08,2-Jun-08,HRDT,HIV test,"Trinity Biotech, Plc","HIV 1/2, Uni-Gold HIV Kit, 20 Tests","HIV 1/2, Uni-Gold HIV Kit",Uni-Gold,N/A,Test kit,20,85,2720,32,1.6,"Trinity Biotech, Plc",Yes,85,1253.98,4.35
5661,104-CI-T01,Pre-PQ Process,SCMS-19100,ASN-1598,Côte d'Ivoire,PMO - US,Direct Drop,EXW,Air,Pre-PQ Process,3/18/08,30-May-08,30-May-08,30-May-08,HRDT,HIV test,BIO-RAD LABORATORIES (FRANCE),"#108853** HIV, Genie II HIV-1/HIV-2 Kit, 40 Tests","HIV, Genie II HIV-1/HIV-2 Kit",Genie,N/A,Test kit,40,331,25156,76,1.9,Bio-Rad Laboratories,Yes,366,7915.98,40.25
5675,116-ZA-T01,Pre-PQ Process,SCMS-19800,ASN-1664,South Africa,PMO - US,Direct Drop,DDP,Truck,Pre-PQ Process,2/20/08,24-Apr-08,29-Feb-08,29-Feb-08,ARV,Adult,S. BUYS WHOLESALER,"Zidovudine 300mg [Retrovir], tablets, 60 Tabs",Zidovudine,Retrovir,300mg,Tablet,60,1000,16400,16.4,0.27,GSK Aranda,No,Weight Captured Separately,Freight Included in Commodity Cost,26.24
5676,116-ZA-T01,Pre-PQ Process,SCMS-19800,ASN-1665,South Africa,PMO - US,Direct Drop,DDP,Truck,Pre-PQ Process,2/20/08,24-Apr-08,24-Apr-08,24-Apr-08,ARV,Adult,S. BUYS WHOLESALER,"Lamivudine 150mg [Epivir], tablets, 60 Tabs",Lamivudine,Epivir,150mg,Tablet,60,3000,16350,5.45,0.09,GSK Cape Town Factory (South Africa),No,Weight Captured Separately,Freight Included in Commodity Cost,26.16
5677,116-ZA-T01,Pre-PQ Process,SCMS-19800,ASN-1665,South Africa,PMO - US,Direct Drop,DDP,Truck,Pre-PQ Process,2/20/08,24-Apr-08,24-Apr-08,24-Apr-08,ARV,Adult,S. BUYS WHOLESALER,"Stavudine 20mg [Zerit], capsules, 60 Caps",Stavudine,Zerit,20mg,Capsule,60,200,978,4.89,0.08,"BMS Meymac, France",No,Weight Captured Separately,Freight Included in Commodity Cost,1.56
5678,116-ZA-T01,Pre-PQ Process,SCMS-19800,ASN-1665,South Africa,PMO - US,Direct Drop,DDP,Truck,Pre-PQ Process,2/20/08,24-Apr-08,24-Apr-08,24-Apr-08,ARV,Adult,S. BUYS WHOLESALER,"Emtricitabine/Tenofovir Disoproxil Fumarate 200/300mg [Truvada], tablets, 30 Tabs",Emtricitabine/Tenofovir Disoproxil Fumarate,Truvada,300/200mg,Tablet - FDC,30,20,723.4,36.17,1.21,"Aspen-OSD, Port Elizabeth, SA",No,Weight Captured Separately,Freight Included in Commodity Cost,1.16
5701,108-VN-T01,Pre-PQ Process,SCMS-20200,ASN-2017,Vietnam,PMO - US,Direct Drop,EXW,Air,Pre-PQ Process,3/31/08,14-Jul-08,14-Jul-08,14-Jul-08,ARV,Adult,Aurobindo Pharma Limited,"Abacavir 300mg, tablets, 60 Tabs",Abacavir,Generic,300mg,Tablet,60,500,12500,25,0.42,"Aurobindo Unit III, India",Yes,124,5217.59,20
5703,108-VN-T01,Pre-PQ Process,SCMS-20341,ASN-1691,Vietnam,PMO - US,Direct Drop,EXW,Air,Pre-PQ Process,4/10/08,1-Jun-08,22-May-08,22-May-08,ARV,Adult,MYLAN LABORATORIES LTD (FORMERLY MATRIX LABORATORIES),"Tenofovir Disoproxil Fumarate 300mg, tablets, 30 Tabs",Tenofovir Disoproxil Fumarate,Generic,300mg,Tablet,30,2016,27538.56,13.66,0.46,Mylan (formerly Matrix) Nashik,Yes,122,2864.44,44.06
5713,104-CI-T01,Pre-PQ Process,SCMS-21270,ASN-1669,Côte d'Ivoire,PMO - US,Direct Drop,EXW,Air,Pre-PQ Process,4/7/08,9-May-08,9-May-08,9-May-08,HRDT,HIV test,"Orgenics, Ltd","HIV 1/2, Determine HIV Kit, without Lancets, 100 Tests","HIV 1/2, Determine HIV Kit, without Lancets",Determine,N/A,Test kit,100,250,17997.5,71.99,0.72,Inverness Japan,Yes,57,1796.68,28.8
5717,116-ZA-T01,Pre-PQ Process,SCMS-21460,ASN-1667,South Africa,PMO - US,Direct Drop,DDP,N/A,Pre-PQ Process,4/4/08,25-Apr-08,7-Apr-08,7-Apr-08,ARV,Adult,S. BUYS WHOLESALER,"Nevirapine 200mg [Viramune], tablets, 60 Tabs",Nevirapine,Viramune,200mg,Tablet,60,100,2030,20.3,0.34,"BI, Ingelheim, Germany",No,Weight Captured Separately,Freight Included in Commodity Cost,3.25
5769,102-BW-T01,Pre-PQ Process,SCMS-22770,ASN-2235,Botswana,PMO - US,Direct Drop,EXW,Air,Pre-PQ Process,4/28/08,20-Jan-09,20-Jan-09,20-Jan-09,HRDT,HIV test - Ancillary,"Orgenics, Ltd","HIV, Lancet, Safety, for HIV Test kits, 100 Pcs","HIV, Lancet, Safety, for HIV Test kits, 100 Pcs",Generic,N/A,Test kit - Ancillary,100,100,1,0.01,0,Inverness Japan,Yes,Weight Captured Separately,Invoiced Separately,0
5793,108-VN-T01,Pre-PQ Process,SCMS-23340,ASN-2277,Vietnam,PMO - US,Direct Drop,EXW,Air,Pre-PQ Process,5/13/08,19-Sep-08,19-Sep-08,19-Sep-08,ARV,Adult,Aurobindo Pharma Limited,"Lamivudine/Zidovudine 150/300mg, tablets, 60 Tabs",Lamivudine/Zidovudine,Generic,150/300mg,Tablet - FDC,60,3024,27972,9.25,0.15,"Aurobindo Unit III, India",Yes,703,10356.86,44.76
5794,108-VN-T01,Pre-PQ Process,SCMS-23350,ASN-2489,Vietnam,PMO - US,Direct Drop,FCA,Air,Pre-PQ Process,5/13/08,16-Nov-08,16-Nov-08,16-Nov-08,ARV,Adult,ABBVIE LOGISTICS (FORMERLY ABBOTT LOGISTICS BV),"Lopinavir/Ritonavir 200/50mg [Aluvia], tablets, 120 Tabs",Lopinavir/Ritonavir,Aluvia,200/50mg,Tablet,120,1040,85488,82.2,0.68,ABBVIE Ludwigshafen Germany,Yes,251,2519.89,136.78
5796,108-VN-T01,Pre-PQ Process,SCMS-23440,ASN-2335,Vietnam,PMO - US,Direct Drop,EXW,Air,Pre-PQ Process,5/13/08,20-Sep-08,20-Sep-08,20-Sep-08,ARV,Adult,MYLAN LABORATORIES LTD (FORMERLY MATRIX LABORATORIES),"Lamivudine 150mg, tablets, 60 Tabs",Lamivudine,Generic,150mg,Tablet,60,9576,24897.6,2.6,0.04,Mylan (formerly Matrix) Nashik,Yes,889,7884.8,39.84
5799,116-ZA-T01,Pre-PQ Process,SCMS-23500,ASN-2300,South Africa,PMO - US,Direct Drop,DDP,Truck,Pre-PQ Process,Date Not Captured,20-Aug-08,14-May-08,14-May-08,ARV,Adult,S. BUYS WHOLESALER,"Abacavir 300mg [Ziagen], tablets, Blister 6 x 10 Tabs",Abacavir,Ziagen,300mg,Tablet - blister,60,8,397.92,49.74,0.83,GSK Ware (UK),No,Weight Captured Separately,Freight Included in Commodity Cost,0.64
5800,116-ZA-T01,Pre-PQ Process,SCMS-23500,ASN-2293,South Africa,PMO - US,Direct Drop,DDP,Truck,Pre-PQ Process,Date Not Captured,20-Aug-08,8-May-08,8-May-08,ARV,Pediatric,S. BUYS WHOLESALER,"Didanosine 100mg [Videx],chewable tablets, 60 Tabs",Didanosine,Videx,100mg,Chewable/dispersible tablet,60,4,56.16,14.04,0.23,"BMS Meymac, France",No,Weight Captured Separately,Freight Included in Commodity Cost,0.09
5801,116-ZA-T01,Pre-PQ Process,SCMS-23500,ASN-2293,South Africa,PMO - US,Direct Drop,DDP,Truck,Pre-PQ Process,Date Not Captured,20-Aug-08,8-May-08,8-May-08,ARV,Adult,S. BUYS WHOLESALER,"Tenofovir Disoproxil Fumarate 300mg [Viread], tablets, 30 Tabs",Tenofovir Disoproxil Fumarate,Viread,300mg,Tablet,30,30,738.3,24.61,0.82,Gilead(Nycomed) Oranienburg DE,No,Weight Captured Separately,Freight Included in Commodity Cost,1.18
5802,116-ZA-T01,Pre-PQ Process,SCMS-23500,ASN-2293,South Africa,PMO - US,Direct Drop,DDP,Truck,Pre-PQ Process,Date Not Captured,20-Aug-08,8-May-08,8-May-08,ARV,Pediatric,S. BUYS WHOLESALER,"Didanosine 2g [Videx], powder for oral solution 10mg/ml, reconstitute to 200 ml",Didanosine,Videx,2g,Powder for oral solution,200,6,78.48,13.08,0.07,"BMS Meymac, France",No,Weight Captured Separately,Freight Included in Commodity Cost,0.13
5815,106-HT-T01,Pre-PQ Process,SCMS-23800,ASN-2257,Haiti,PMO - US,Direct Drop,EXW,Air,Pre-PQ Process,5/20/08,22-Aug-08,22-Aug-08,22-Aug-08,HRDT,HIV test,"Trinity Biotech, Plc","HIV 1/2, Capillus HIV Kit, 100 Tests","HIV 1/2, Capillus HIV Kit",Capillus,N/A,Test kit,100,121,16819,139,1.39,"Trinity Biotech, Plc",Yes,100,1372.85,26.91
5818,106-HT-T01,Pre-PQ Process,SCMS-23920,ASN-2569,Haiti,PMO - US,Direct Drop,EXW,Air,Pre-PQ Process,5/20/08,10-Oct-08,10-Oct-08,10-Oct-08,HRDT,HIV test,"Trinity Biotech, Plc","HIV 1/2, Capillus HIV Kit, 100 Tests","HIV 1/2, Capillus HIV Kit",Capillus,N/A,Test kit,100,84,11676,139,1.39,"Trinity Biotech, Plc",Yes,54,871.71,18.68
5821,106-HT-T01,Pre-PQ Process,SCMS-24010,ASN-3087,Haiti,PMO - US,Direct Drop,CIP,Air,Pre-PQ Process,5/23/08,14-Jan-09,14-Jan-09,14-Jan-09,HRDT,HIV test,Orasure Technologies Inc.,"HIV 1/2, OraQuick Advance HIV Rapid Antibody Kit, 100 Tests","HIV 1/2, OraQuick Advance HIV Rapid Antibody Kit",OraQuick,N/A,Test kit,100,28,9800,350,3.5,"Pacific Biotech, Thailand",Yes,Weight Captured Separately,Freight Included in Commodity Cost,19.21
5857,107-RW-T01,Pre-PQ Process,SCMS-25140,ASN-2116,Rwanda,PMO - US,Direct Drop,EXW,Air,Pre-PQ Process,6/12/08,22-Jul-08,22-Jul-08,22-Jul-08,HRDT,HIV test,"Orgenics, Ltd","HIV 1/2, Determine HIV Kit, without Lancets, 100 Tests","HIV 1/2, Determine HIV Kit, without Lancets",Determine,N/A,Test kit,100,4327,302890,70,0.7,Inverness Japan,Yes,986,26574.61,484.62
5860,113-ZW-T01,Pre-PQ Process,SCMS-25300,ASN-2997,Zimbabwe,PMO - US,Direct Drop,EXW,Air,Pre-PQ Process,6/12/08,22-Jan-09,22-Jan-09,22-Jan-09,HRDT,HIV test,"Orgenics, Ltd","HIV 1/2, Determine HIV Kit, without Lancets, 100 Tests","HIV 1/2, Determine HIV Kit, without Lancets",Determine,N/A,Test kit,100,1396,100498.04,71.99,0.72,Inverness Japan,Yes,414,5781.14,196.98
5894,108-VN-T01,Pre-PQ Process,SCMS-26170,ASN-2339,Vietnam,PMO - US,Direct Drop,EXW,Air,Pre-PQ Process,7/1/08,3-Sep-08,3-Sep-08,3-Sep-08,ARV,Adult,Aurobindo Pharma Limited,"Lamivudine 150mg, tablets, 60 Tabs",Lamivudine,Generic,150mg,Tablet,60,15960,38304,2.4,0.04,"Aurobindo Unit III, India",Yes,755,6609.02,61.29
5895,108-VN-T01,Pre-PQ Process,SCMS-26370,ASN-2337,Vietnam,PMO - US,Direct Drop,EXW,Air,Pre-PQ Process,7/1/08,19-Sep-08,19-Sep-08,19-Sep-08,ARV,Adult,MYLAN LABORATORIES LTD (FORMERLY MATRIX LABORATORIES),"Tenofovir Disoproxil Fumarate 300mg, tablets, 30 Tabs",Tenofovir Disoproxil Fumarate,Generic,300mg,Tablet,30,5040,62294.4,12.36,0.41,Mylan (formerly Matrix) Nashik,Yes,301,4883.46,99.67
5905,109-TZ-T01,Pre-PQ Process,SCMS-26640,ASN-2408,Tanzania,PMO - US,Direct Drop,CIP,Air,Pre-PQ Process,7/4/08,8-Sep-08,8-Sep-08,8-Sep-08,ARV,Pediatric,GLAXOSMITHKLINE EXPORT LIMITED,"Abacavir 20mg/ml [Ziagen], oral solution, Bottle, 240 ml",Abacavir,Ziagen,20mg/ml,Oral solution,240,132,1990.56,15.08,0.06,GSK Mississauga (Canada),Yes,65,633,3.18
5916,116-ZA-T01,Pre-PQ Process,SCMS-26820,ASN-2488,South Africa,PMO - US,Direct Drop,DDP,Truck,Pre-PQ Process,Date Not Captured,10-Jul-08,8-Jul-08,8-Jul-08,ARV,Adult,S. BUYS WHOLESALER,"Emtricitabine/Tenofovir Disoproxil Fumarate 200/300mg [Truvada], tablets, 30 Tabs",Emtricitabine/Tenofovir Disoproxil Fumarate,Truvada,300/200mg,Tablet - FDC,30,30,1171.5,39.05,1.3,"Aspen-OSD, Port Elizabeth, SA",No,Weight Captured Separately,Freight Included in Commodity Cost,1.87
5917,130-NG-T01,Pre-PQ Process,SCMS-26840,ASN-2554,Nigeria,PMO - US,Direct Drop,EXW,Air,Pre-PQ Process,7/15/08,9-Oct-08,9-Oct-08,9-Oct-08,ANTM,Malaria,IDA FOUNDATION,"Sulfadoxine/Pyrimethamine 500/25mg, tablets, 1000 Tabs",Sulfadoxine/Pyrimethamine,Generic,500/25mg,Tablet - FDC,1000,7,184.45,26.35,0.03,"Micro Labs Ltd. (Brown & Burk), India",Yes,488,4404.9,0.3
5928,133-NG-T01,Pre-PQ Process,SCMS-27050,ASN-2694,Nigeria,PMO - US,Direct Drop,EXW,Air,Pre-PQ Process,7/18/08,7-Nov-08,7-Nov-08,7-Nov-08,HRDT,HIV test,"CHEMBIO DIAGNOSTIC SYSTEMS, INC.","HIV 1/2, Stat-Pak HIV, Kit, 20 Tests","HIV 1/2, Stat-Pak HIV, Kit",Stat-Pak,N/A,Test kit,20,8485,229095,27,1.35,Chembio Diagnostics Sys. Inc.,Yes,2441,22229.32,449.03
5935,108-VN-T01,Pre-PQ Process,SCMS-27290,ASN-2853,Vietnam,PMO - US,Direct Drop,FCA,Air,Pre-PQ Process,7/24/08,2-Dec-08,2-Dec-08,2-Dec-08,ARV,Adult,ABBVIE LOGISTICS (FORMERLY ABBOTT LOGISTICS BV),"Lopinavir/Ritonavir 200/50mg [Aluvia], tablets, 120 Tabs",Lopinavir/Ritonavir,Aluvia,200/50mg,Tablet,120,6,493.2,82.2,0.68,ABBVIE Ludwigshafen Germany,Yes,9,2709.98,0.97
5936,108-VN-T01,Pre-PQ Process,SCMS-27320,ASN-2792,Vietnam,PMO - US,Direct Drop,EXW,Air,Pre-PQ Process,7/24/08,21-Nov-08,21-Nov-08,21-Nov-08,ARV,Adult,Aurobindo Pharma Limited,"Abacavir 300mg, tablets, 60 Tabs",Abacavir,Generic,300mg,Tablet,60,880,20680,23.5,0.39,"Aurobindo Unit III, India",Yes,331,2771.84,40.53
5937,108-VN-T01,Pre-PQ Process,SCMS-27340,ASN-2862,Vietnam,PMO - US,Direct Drop,CIP,Air,Pre-PQ Process,7/23/08,21-Nov-08,21-Nov-08,21-Nov-08,ARV,Pediatric,BRISTOL-MYERS SQUIBB,"Didanosine 25mg [Videx], chewable tablets, 60 Tabs",Didanosine,Videx,25mg,Chewable/dispersible tablet,60,280,1960,7,0.12,"BMS Meymac, France",Yes,60,1516.05,3.84
5976,117-ET-T01,Pre-PQ Process,SCMS-28720,ASN-2579,Ethiopia,PMO - US,Direct Drop,EXW,Air,Pre-PQ Process,8/22/08,6-Oct-08,3-Oct-08,3-Oct-08,HRDT,HIV test,"SHANGHAI KEHUA BIOENGINEERING CO.,LTD.  (KHB)","HIV 1/2, SKB Colloidal Gold, Diagnostic Kit, Antibody, 50 Tests","HIV 1/2, Colloidal Gold, Diagnostic Kit, Antibody",Colloidal Gold,N/A,Test kit,1,6998,160954,23,23,"KHB Test Kit Facility, Shanghai China",Yes,5057,44347.71,257.53
5978,116-ZA-T01,Pre-PQ Process,SCMS-28830,ASN-2503,South Africa,PMO - US,Direct Drop,DDP,Truck,Pre-PQ Process,Date Not Captured,25-Aug-08,14-Aug-08,14-Aug-08,ARV,Adult,S. BUYS WHOLESALER,"Stavudine 30mg [Zerit], capsules, 60 Caps",Stavudine,Zerit,30mg,Capsule,60,350,1736,4.96,0.08,"BMS Meymac, France",No,Weight Captured Separately,Freight Included in Commodity Cost,2.78
5979,116-ZA-T01,Pre-PQ Process,SCMS-28830,ASN-2503,South Africa,PMO - US,Direct Drop,DDP,Truck,Pre-PQ Process,Date Not Captured,25-Aug-08,14-Aug-08,14-Aug-08,ARV,Adult,S. BUYS WHOLESALER,"Didanosine EC 250mg [Videx EC], delayed-release capsules, Blister 3 x 10 Caps",Didanosine EC,Videx EC,250mg,Delayed-release capsules - blister,30,100,1828,18.28,0.61,"BMS Meymac, France",No,Weight Captured Separately,Freight Included in Commodity Cost,2.92
5987,104-CI-T01,Pre-PQ Process,SCMS-29160,ASN-2508,Côte d'Ivoire,PMO - US,Direct Drop,EXW,Air,Pre-PQ Process,8/28/08,13-Oct-08,13-Oct-08,13-Oct-08,HRDT,HIV test,"Orgenics, Ltd","HIV 1/2, Determine HIV Kit, without Lancets, 100 Tests","HIV 1/2, Determine HIV Kit, without Lancets",Determine,N/A,Test kit,100,1174,82180,70,0.7,Inverness Japan,Yes,275,4015,131.49
6023,106-HT-T01,Pre-PQ Process,DSCM-10090,ASN-2615,Haiti,PMO - US,Direct Drop,EXW,Air,Pre-PQ Process,Date Not Captured,16-Dec-08,16-Oct-08,16-Oct-08,ANTM,Malaria,IDA FOUNDATION,"Chloroquine 150mg base (as phosphate), [DON] tablets, 1000 Tabs",Chloroquine base (as phosphate),Generic,150mg,Tablet,1000,30,197.1,6.57,0.01,Meditab (for Cipla) Daman IN,Yes,3221,21015.77,0.39
6041,104-CI-T01,Pre-PQ Process,SCMS-30430,ASN-2799,Côte d'Ivoire,PMO - US,Direct Drop,EXW,Air,Pre-PQ Process,9/18/08,5-Dec-08,5-Dec-08,5-Dec-08,HRDT,HIV test,"Orgenics, Ltd","HIV 1/2, Determine HIV Kit, without Lancets, 100 Tests","HIV 1/2, Determine HIV Kit, without Lancets",Determine,N/A,Test kit,100,1174,82180,70,0.7,Inverness Japan,Yes,268,5243.53,161.07
6062,119-NA-T01,Pre-PQ Process,SCMS-31180,ASN-2717,Namibia,PMO - US,Direct Drop,EXW,Air,Pre-PQ Process,9/24/08,29-Oct-08,29-Oct-08,29-Oct-08,HRDT,HIV test - Ancillary,"Orgenics, Ltd","HIV, Lancet, Safety, for HIV Test kits, 100 Pcs","HIV, Lancet, Safety, for HIV Test kits, 100 Pcs",Generic,N/A,Test kit - Ancillary,100,150,1.5,0.01,0,Inverness Japan,No,See ASN-2717 (ID#:791),See ASN-2717 (ID#:791),0
6081,108-VN-T01,Pre-PQ Process,SCMS-31720,ASN-3312,Vietnam,PMO - US,Direct Drop,EXW,Air,Pre-PQ Process,10/21/08,27-Feb-09,27-Feb-09,27-Feb-09,ARV,Adult,Aurobindo Pharma Limited,"Lamivudine 150mg, tablets, 60 Tabs",Lamivudine,Generic,150mg,Tablet,60,6966,16718.4,2.4,0.04,"Aurobindo Unit III, India",Yes,1068,3894.21,32.77
6082,108-VN-T01,Pre-PQ Process,SCMS-31730,ASN-3313,Vietnam,PMO - US,Direct Drop,EXW,Air,Pre-PQ Process,10/21/08,23-Feb-09,23-Feb-09,23-Feb-09,ARV,Adult,Aurobindo Pharma Limited,"Nevirapine 200mg, tablets, 60 Tabs",Nevirapine,Generic,200mg,Tablet,60,4200,12180,2.9,0.05,"Aurobindo Unit III, India",No,See ASN-3313 (ID#:3456),See ASN-3313 (ID#:3456),23.87
6084,111-MZ-T01,Pre-PQ Process,SCMS-31770,ASN-2946,Mozambique,PMO - US,Direct Drop,EXW,Air,Pre-PQ Process,10/14/08,29-Dec-08,29-Dec-08,29-Dec-08,HRDT,HIV test,"Trinity Biotech, Plc","HIV 1/2, Uni-Gold HIV Kit, 20 Tests","HIV 1/2, Uni-Gold HIV Kit",Uni-Gold,N/A,Test kit,20,4916,157312,32,1.6,"Trinity Biotech, Plc",Yes,1651,23300.18,308.33
6105,117-ET-T01,Pre-PQ Process,SCMS-32400,ASN-3322,Ethiopia,PMO - US,Direct Drop,EXW,Air,Pre-PQ Process,10/22/08,18-Feb-09,18-Feb-09,18-Feb-09,HRDT,HIV test,"Trinity Biotech, Plc","HIV 1/2, Uni-Gold HIV Kit, 20 Tests","HIV 1/2, Uni-Gold HIV Kit",Uni-Gold,N/A,Test kit,20,2500,80000,32,1.6,"Trinity Biotech, Plc",Yes,844,8101.57,156.8
6106,117-ET-T01,Pre-PQ Process,SCMS-32410,ASN-2903,Ethiopia,PMO - US,Direct Drop,EXW,Air,Pre-PQ Process,10/22/08,30-Jan-09,24-Nov-08,24-Nov-08,HRDT,HIV test,"CHEMBIO DIAGNOSTIC SYSTEMS, INC.","HIV 1/2, Stat-Pak HIV, Kit, 20 Tests","HIV 1/2, Stat-Pak HIV, Kit",Stat-Pak,N/A,Test kit,20,8964,242028,27,1.35,Chembio Diagnostics Sys. Inc.,Yes,3231,15619.2,474.37
6111,117-ET-T01,Pre-PQ Process,SCMS-32630,ASN-3157,Ethiopia,PMO - US,Direct Drop,EXW,Air,Pre-PQ Process,10/27/08,26-Jan-09,26-Jan-09,26-Jan-09,HRDT,HIV test,"SHANGHAI KEHUA BIOENGINEERING CO.,LTD.  (KHB)","HIV 1/2, SKB Colloidal Gold, Diagnostic Kit, Antibody, 50 Tests","HIV 1/2, Colloidal Gold, Diagnostic Kit, Antibody",Colloidal Gold,N/A,Test kit,1,3510,80730,23,23,"KHB Test Kit Facility, Shanghai China",Yes,2535,20083.74,158.23
6125,116-ZA-T01,Pre-PQ Process,SCMS-33320,ASN-3553,South Africa,PMO - US,Direct Drop,DDP,Truck,Pre-PQ Process,Date Not Captured,17-May-09,9-Oct-08,9-Oct-08,ARV,Adult,S. BUYS WHOLESALER,"Nevirapine 200mg, tablets, 60 Tabs",Nevirapine,Generic,200mg,Tablet,60,120,2355.6,19.63,0.33,"Cipla, Goa, India",No,Weight Captured Separately,Freight Included in Commodity Cost,4.62
6139,102-GY-T01,Pre-PQ Process,SCMS-33940,ASN-3423,Guyana,PMO - US,Direct Drop,CIP,Air,Pre-PQ Process,11/19/08,6-Mar-09,6-Mar-09,6-Mar-09,MRDT,Malaria,ZEPHYR BIOMEDICALS,"Malaria Paramax-3 Kit, 25 Tests",Malaria Paramax-3 Kit,Paramax,N/A,Test kit,25,108,4050,37.5,1.5,Not Applicable,Yes,Weight Captured Separately,Freight Included in Commodity Cost,7.94
6196,104-CI-T01,Pre-PQ Process,SCMS-35780,ASN-3151,Côte d'Ivoire,PMO - US,Direct Drop,EXW,Air,Pre-PQ Process,12/19/08,20-Jan-09,20-Jan-09,20-Jan-09,ANTM,Malaria,IDA FOUNDATION,"Quinine 300mg (as sulfate), tablets, Blister 100 x 10 Tabs",Quinine (as sulfate),Generic,300mg,Tablet - blister,1000,12,629.88,52.49,0.05,"Medopharm Malur Factory, INDIA",Yes,12,536.78,1.23
6253,139-NA-T01,Pre-PQ Process,SCMS-37070,ASN-3490,Namibia,PMO - US,Direct Drop,EXW,Air,Pre-PQ Process,1/14/09,13-Mar-09,13-Mar-09,13-Mar-09,HRDT,HIV test,"Trinity Biotech, Plc","HIV 1/2, Uni-Gold HIV Kit, 20 Tests","HIV 1/2, Uni-Gold HIV Kit",Uni-Gold,N/A,Test kit,20,700,22400,32,1.6,"Trinity Biotech, Plc",Yes,236,6862.01,43.9
6257,108-VN-T01,Pre-PQ Process,SCMS-37160,ASN-3561,Vietnam,PMO - US,Direct Drop,EXW,Air,Pre-PQ Process,1/16/09,7-Apr-09,7-Apr-09,7-Apr-09,ARV,Adult,Aurobindo Pharma Limited,"Stavudine 30mg, capsules, 60 Caps",Stavudine,Generic,30mg,Capsule,60,9576,13885.2,1.45,0.02,"Aurobindo Unit III, India",No,See ASN-3561 (ID#:2297),See ASN-3561 (ID#:2297),27.21
6272,109-TZ-T01,Pre-PQ Process,SCMS-37790,ASN-3415,Tanzania,PMO - US,Direct Drop,EXW,Air,Pre-PQ Process,1/27/09,31-Mar-09,31-Mar-09,31-Mar-09,HRDT,HIV test,"Orgenics, Ltd","HIV 1/2, Determine Complete HIV Kit, 100 Tests","HIV 1/2, Determine Complete HIV Kit",Determine,N/A,Test kit,100,1132,81504,72,0.72,Inverness Japan,Yes,337,4323.93,159.75
6312,107-RW-T01,Pre-PQ Process,SCMS-38660,ASN-3458,Rwanda,PMO - US,Direct Drop,EXW,Air,Pre-PQ Process,2/18/09,28-Apr-09,11-Mar-09,11-Mar-09,HRDT,HIV test,Premier Medical Corporation Ltd.,"HIV 1/2/O, First Response HIV 1-2.0, v.3.0 Cards Kit, 30 Tests","HIV 1/2/O, First Response HIV 1-2.0, v.3.0 Cards Kit",First Response,N/A,Test kit,30,3912,88020,22.5,0.75,Premier Med. Corp Ltd. India,Yes,1320,15022.74,172.52
6369,106-HT-T01,Pre-PQ Process,SCMS-40030,ASN-3748,Haiti,PMO - US,Direct Drop,FCA,Air,Pre-PQ Process,3/6/09,15-Apr-09,15-Apr-09,15-Apr-09,ARV,Adult,ABBVIE LOGISTICS (FORMERLY ABBOTT LOGISTICS BV),"Lopinavir/Ritonavir 200/50mg [Aluvia], tablets, 120 Tabs",Lopinavir/Ritonavir,Aluvia,200/50mg,Tablet,120,10,411,41.1,0.34,ABBVIE Ludwigshafen Germany,Yes,9,807.28,0.81
6381,108-VN-T01,Pre-PQ Process,SCMS-40390,ASN-3673,Vietnam,PMO - US,Direct Drop,CIP,Air,Pre-PQ Process,3/6/09,26-Mar-09,26-Mar-09,26-Mar-09,ARV,Pediatric,BRISTOL-MYERS SQUIBB,"Didanosine 100mg [Videx],chewable tablets, 60 Tabs",Didanosine,Videx,100mg,Chewable/dispersible tablet,60,260,3315,12.75,0.21,"BMS Meymac, France",Yes,56,2246.81,6.5
6394,116-ZA-T01,Pre-PQ Process,SCMS-40780,ASN-3607,South Africa,PMO - US,Direct Drop,DDP,Air,Pre-PQ Process,Date Not Captured,17-Mar-09,28-Nov-08,28-Nov-08,ARV,Adult,S. BUYS WHOLESALER,"Lamivudine 150mg, tablets, 60 Tabs",Lamivudine,Generic,150mg,Tablet,60,5000,27450,5.49,0.09,"Aurobindo Unit III, India",No,Weight Captured Separately,Freight Included in Commodity Cost,53.8
6395,116-ZA-T01,Pre-PQ Process,SCMS-40810,ASN-3634,South Africa,PMO - US,Direct Drop,DDP,Air,Pre-PQ Process,Date Not Captured,31-Mar-09,2-Dec-08,2-Dec-08,ARV,Pediatric,S. BUYS WHOLESALER,"Stavudine 1mg/ml [Zerit], powder for oral solution, Bottle, 200 ml",Stavudine,Zerit,1mg/ml,Powder for oral solution,200,1320,1504.8,1.14,0.01,"BMS Meymac, France",No,Weight Captured Separately,Freight Included in Commodity Cost,2.95
6396,116-ZA-T01,Pre-PQ Process,SCMS-40810,ASN-3634,South Africa,PMO - US,Direct Drop,DDP,Air,Pre-PQ Process,Date Not Captured,31-Mar-09,2-Dec-08,2-Dec-08,ARV,Pediatric,S. BUYS WHOLESALER,"Stavudine 1mg/ml, powder for oral solution, 200 ml",Stavudine,Generic,1mg/ml,Oral solution,200,500,1000,2,0.01,"Aurobindo Unit III, India",No,Weight Captured Separately,Freight Included in Commodity Cost,1.96
6397,116-ZA-T01,Pre-PQ Process,SCMS-40820,ASN-3609,South Africa,PMO - US,Direct Drop,DDP,Air,Pre-PQ Process,Date Not Captured,14-Apr-09,4-Dec-08,4-Dec-08,ARV,Adult,S. BUYS WHOLESALER,"Stavudine 30mg [Zerit], capsules, 60 Caps",Stavudine,Zerit,30mg,Capsule,60,10260,39193.2,3.82,0.06,"BMS Meymac, France",No,Weight Captured Separately,Freight Included in Commodity Cost,76.82
6398,116-ZA-T01,Pre-PQ Process,SCMS-40850,ASN-3611,South Africa,PMO - US,Direct Drop,DDP,Air,Pre-PQ Process,Date Not Captured,16-Jun-09,28-Jan-09,28-Jan-09,ARV,Adult,S. BUYS WHOLESALER,"Stavudine 30mg, capsules, 60 Caps",Stavudine,Generic,30mg,Capsule,60,20213,50734.63,2.51,0.04,"Aurobindo Unit III, India",No,Weight Captured Separately,Freight Included in Commodity Cost,99.44
6399,116-ZA-T01,Pre-PQ Process,SCMS-41040,ASN-3623,South Africa,PMO - US,Direct Drop,DDP,Air,Pre-PQ Process,Date Not Captured,7-Apr-09,3-Dec-08,3-Dec-08,ARV,Adult,S. BUYS WHOLESALER,"Stavudine 30mg [Zerit], capsules, 60 Caps",Stavudine,Zerit,30mg,Capsule,60,1140,4286.4,3.76,0.06,"BMS Meymac, France",No,Weight Captured Separately,Freight Included in Commodity Cost,8.4
6400,116-ZA-T01,Pre-PQ Process,SCMS-41050,ASN-3635,South Africa,PMO - US,Direct Drop,DDP,Air,Pre-PQ Process,Date Not Captured,21-Apr-09,5-Dec-08,5-Dec-08,ARV,Pediatric,S. BUYS WHOLESALER,"Zidovudine 10mg/ml, oral solution, Bottle, 240 ml",Zidovudine,Generic,10mg/ml,Oral solution,240,23,83.72,3.64,0.02,"Aurobindo Unit III, India",No,See ASN-3635 (ID#:3745),See ASN-3635 (ID#:3745),0.16
6401,116-ZA-T01,Pre-PQ Process,SCMS-41140,ASN-3752,South Africa,PMO - US,Direct Drop,DDP,Air,Pre-PQ Process,Date Not Captured,31-Mar-09,21-Nov-08,21-Nov-08,ARV,Pediatric,S. BUYS WHOLESALER,"Stavudine 1mg/ml [Zerit], powder for oral solution, Bottle, 200 ml",Stavudine,Zerit,1mg/ml,Powder for oral solution,200,400,440,1.1,0.01,"BMS Meymac, France",No,Weight Captured Separately,Freight Included in Commodity Cost,0.86
6402,116-ZA-T01,Pre-PQ Process,SCMS-41160,ASN-3760,South Africa,PMO - US,Direct Drop,DDP,Air,Pre-PQ Process,Date Not Captured,1-Apr-09,26-Nov-08,26-Nov-08,ARV,Pediatric,S. BUYS WHOLESALER,"Lamivudine 10mg/ml [Epivir], oral solution, Bottle, 240 ml",Lamivudine,Epivir,10mg/ml,Oral solution,240,156,845.52,5.42,0.02,GSK Mississauga (Canada),No,See ASN-3760 (ID#:5049),See ASN-3760 (ID#:5049),1.66
6403,116-ZA-T01,Pre-PQ Process,SCMS-41170,ASN-3770,South Africa,PMO - US,Direct Drop,DDP,Air,Pre-PQ Process,Date Not Captured,18-Mar-09,18-Mar-09,18-Mar-09,ARV,Pediatric,S. BUYS WHOLESALER,"Lamivudine 10mg/ml [Epivir], oral solution, Bottle, 240 ml",Lamivudine,Epivir,10mg/ml,Oral solution,240,44,237.6,5.4,0.02,GSK Mississauga (Canada),Yes,Weight Captured Separately,Freight Included in Commodity Cost,0.47
6404,116-ZA-T01,Pre-PQ Process,SCMS-41190,ASN-3732,South Africa,PMO - US,Direct Drop,DDP,Air,Pre-PQ Process,Date Not Captured,30-Mar-09,21-Jan-09,21-Jan-09,ARV,Adult,S. BUYS WHOLESALER,"Efavirenz 600mg [Stocrin/Sustiva], tablets, 30 Tabs",Efavirenz,Stocrin/Sustiva,600mg,Tablet,30,1600,26624,16.64,0.55,"MSD Midrand, J'burg, SA",No,Weight Captured Separately,Freight Included in Commodity Cost,52.18
6405,116-ZA-T01,Pre-PQ Process,SCMS-41190,ASN-3732,South Africa,PMO - US,Direct Drop,DDP,Air,Pre-PQ Process,Date Not Captured,30-Mar-09,21-Jan-09,21-Jan-09,ARV,Adult,S. BUYS WHOLESALER,"Zidovudine 300mg [Retrovir], tablets, 60 Tabs",Zidovudine,Retrovir,300mg,Tablet,60,800,9856,12.32,0.21,GSK Aranda,No,Weight Captured Separately,Freight Included in Commodity Cost,19.32
6411,116-ZA-T01,Pre-PQ Process,SCMS-41463,ASN-5420,South Africa,PMO - US,Direct Drop,DDP,Air,Pre-PQ Process,3/18/09,25-Jun-09,30-Oct-09,30-Oct-09,ARV,Pediatric,S. BUYS WHOLESALER,"Lamivudine 10mg/ml, oral solution, Bottle, 240 ml",Lamivudine,Generic,10mg/ml,Oral solution,240,3304,18667.6,5.65,0.02,"Aurobindo Unit III, India",Yes,Weight Captured Separately,Freight Included in Commodity Cost,40.25
6415,116-ZA-T01,Pre-PQ Process,SCMS-41582,ASN-4304,South Africa,PMO - US,Direct Drop,DDP,Air,Pre-PQ Process,3/27/09,25-Jun-09,8-Apr-09,8-Apr-09,ARV,Pediatric,S. BUYS WHOLESALER,"Zidovudine 10mg/ml, oral solution, Bottle, 240 ml",Zidovudine,Generic,10mg/ml,Oral solution,240,1200,7248,6.04,0.03,"Aurobindo Unit III, India",No,Weight Captured Separately,Freight Included in Commodity Cost,14.21
6416,116-ZA-T01,Pre-PQ Process,SCMS-41585,ASN-4386,South Africa,PMO - US,Direct Drop,DDP,Air,Pre-PQ Process,3/27/09,25-Jun-09,21-Apr-09,21-Apr-09,ARV,Adult,S. BUYS WHOLESALER,"Stavudine 30mg, capsules, 60 Caps",Stavudine,Generic,30mg,Capsule,60,2775,8325,3,0.05,"Aurobindo Unit III, India",No,Weight Captured Separately,Freight Included in Commodity Cost,16.32
6417,116-ZA-T01,Pre-PQ Process,SCMS-41586,ASN-4387,South Africa,PMO - US,Direct Drop,DDP,Air,Pre-PQ Process,3/27/09,25-Jun-09,15-Apr-09,15-Apr-09,ARV,Pediatric,S. BUYS WHOLESALER,"Nevirapine 10mg/ml, oral suspension, Bottle, 240 ml",Nevirapine,Generic,10mg/ml,Oral suspension,240,150,1407,9.38,0.04,"Aurobindo Unit III, India",No,Weight Captured Separately,Freight Included in Commodity Cost,2.76
6418,116-ZA-T01,Pre-PQ Process,SCMS-41587,ASN-4602,South Africa,PMO - US,Direct Drop,DDP,Air,Pre-PQ Process,3/27/09,25-Jun-09,16-Apr-09,16-Apr-09,ARV,Adult,S. BUYS WHOLESALER,"Efavirenz 600mg, tablets, 30 Tabs",Efavirenz,Generic,600mg,Tablet,30,6500,82030,12.62,0.42,"Aurobindo Unit III, India",Yes,Weight Captured Separately,Freight Included in Commodity Cost,160.78
6431,104-CI-T01,Pre-PQ Process,SCMS-42240,ASN-4457,Côte d'Ivoire,PMO - US,Direct Drop,FCA,Air,Pre-PQ Process,3/30/09,24-Aug-09,24-Aug-09,24-Aug-09,ARV,Pediatric,ABBVIE LOGISTICS (FORMERLY ABBOTT LOGISTICS BV),"Lopinavir/Ritonavir 80/20mg/ml [Kaletra], oral solution, cool, Bottle 5 x 60 ml",Lopinavir/Ritonavir,Kaletra,80/20mg/ml,Oral solution,300,50,2055,41.1,0.14,ABBVIE (Abbott) Logis. UK,Yes,99,1939.99,4.03
6432,116-ZA-T01,Pre-PQ Process,SCMS-47400,ASN-4284,South Africa,PMO - US,Direct Drop,DDP,Truck,Pre-PQ Process,4/2/09,21-Apr-09,21-Apr-09,21-Apr-09,ARV,Adult,S. BUYS WHOLESALER,"Tenofovir Disoproxil Fumarate 300mg [Viread], tablets, 30 Tabs",Tenofovir Disoproxil Fumarate,Viread,300mg,Tablet,30,650,13819,21.26,0.71,"Aspen-OSD, Port Elizabeth, SA",Yes,Weight Captured Separately,Freight Included in Commodity Cost,27.09
6436,116-ZA-T01,Pre-PQ Process,SCMS-47410,ASN-4281,South Africa,PMO - US,Direct Drop,DDP,Truck,Pre-PQ Process,4/2/09,15-May-09,20-Apr-09,20-Apr-09,ARV,Adult,S. BUYS WHOLESALER,"Efavirenz 600mg, tablets, 30 Tabs",Efavirenz,Generic,600mg,Tablet,30,2000,25040,12.52,0.42,"Cipla, Goa, India",Yes,Weight Captured Separately,Freight Included in Commodity Cost,49.08
6437,116-ZA-T01,Pre-PQ Process,SCMS-47500,ASN-4332,South Africa,PMO - US,Direct Drop,DDP,Truck,Pre-PQ Process,4/2/09,15-May-09,23-Apr-09,23-Apr-09,ARV,Adult,S. BUYS WHOLESALER,"Lamivudine 150mg, tablets, 60 Tabs",Lamivudine,Generic,150mg,Tablet,60,2000,14160,7.08,0.12,"Aurobindo Unit III, India",No,See ASN-4332 (ID#:1115),See ASN-4332 (ID#:1115),27.75
6438,116-ZA-T01,Pre-PQ Process,SCMS-47500,ASN-4332,South Africa,PMO - US,Direct Drop,DDP,Truck,Pre-PQ Process,4/2/09,15-May-09,23-Apr-09,23-Apr-09,ARV,Pediatric,S. BUYS WHOLESALER,"Stavudine 1mg/ml, powder for oral solution, 200 ml",Stavudine,Generic,1mg/ml,Oral solution,200,400,832,2.08,0.01,"Aurobindo Unit III, India",No,See ASN-4332 (ID#:1115),See ASN-4332 (ID#:1115),1.63
6439,116-ZA-T01,Pre-PQ Process,SCMS-47500,ASN-4332,South Africa,PMO - US,Direct Drop,DDP,Truck,Pre-PQ Process,4/2/09,15-May-09,23-Apr-09,23-Apr-09,ARV,Pediatric,S. BUYS WHOLESALER,"Nevirapine 10mg/ml, oral suspension, Bottle, 240 ml",Nevirapine,Generic,10mg/ml,Oral suspension,240,80,750.4,9.38,0.04,"Aurobindo Unit III, India",No,See ASN-4332 (ID#:1115),See ASN-4332 (ID#:1115),1.47
6440,116-ZA-T01,Pre-PQ Process,SCMS-42450,ASN-4772,South Africa,PMO - US,Direct Drop,DDP,Truck,Pre-PQ Process,4/2/09,15-May-09,17-Jul-09,17-Jul-09,ARV,Adult,S. BUYS WHOLESALER,"Stavudine 20mg [Zerit], capsules, 60 Caps",Stavudine,Zerit,20mg,Capsule,60,24,94.8,3.95,0.07,"BMS Meymac, France",Yes,Weight Captured Separately,Freight Included in Commodity Cost,0.19
6450,104-CI-T01,Pre-PQ Process,SCMS-42590,ASN-4326,Côte d'Ivoire,PMO - US,Direct Drop,EXW,Air,Pre-PQ Process,5/27/09,14-Jul-09,14-Jul-09,14-Jul-09,HRDT,HIV test,"Orgenics, Ltd","HIV 1/2, Determine HIV Kit, without Lancets, 100 Tests","HIV 1/2, Determine HIV Kit, without Lancets",Determine,N/A,Test kit,100,800,56000,70,0.7,Inverness Japan,Yes,182,3272.6,109.76
6451,110-ZM-T01,Pre-PQ Process,SCMS-42620,ASN-4357,Zambia,PMO - US,Direct Drop,EXW,Air,Pre-PQ Process,4/2/09,10-Jul-09,10-Jul-09,10-Jul-09,HRDT,HIV test,"Trinity Biotech, Plc","HIV 1/2, Uni-Gold HIV Kit, 20 Tests","HIV 1/2, Uni-Gold HIV Kit",Uni-Gold,N/A,Test kit,20,7000,224000,32,1.6,"Trinity Biotech, Plc",Yes,2379,21686.21,439.04
6488,123-NG-T01,Pre-PQ Process,SCMS-43910,ASN-4959,Nigeria,PMO - US,Direct Drop,EXW,Air,Pre-PQ Process,4/10/09,27-Oct-09,27-Oct-09,27-Oct-09,ACT,ACT,MISSIONPHARMA A/S,"Artemether/Lumefantrine 20/120mg [Coartem], scored tablets, Blister 30 x 18 Tabs",Artemether/Lumefantrine,Coartem,20/120mg,Tablet - FDC + blister,540,2000,70420,35.21,0.07,"Novartis Pharma Suffern, USA",Yes,10,14515.44,138.02
6517,108-VN-T01,Pre-PQ Process,SCMS-45080,ASN-4420,Vietnam,PMO - US,Direct Drop,EXW,Air,Pre-PQ Process,4/29/09,10-Jul-09,10-Jul-09,10-Jul-09,ARV,Adult,Aurobindo Pharma Limited,"Stavudine 30mg, capsules, 60 Caps",Stavudine,Generic,30mg,Capsule,60,6048,8769.6,1.45,0.02,"Aurobindo Unit III, India",No,See ASN-4420 (ID#:1183),See ASN-4420 (ID#:1183),17.19
6519,102-BW-T01,Pre-PQ Process,SCMS-45090,ASN-4215,Botswana,PMO - US,Direct Drop,EXW,Air,Pre-PQ Process,4/30/09,10-Jul-09,10-Jul-09,10-Jul-09,HRDT,HIV test,"Orgenics, Ltd","HIV 1/2, Determine HIV Kit, without Lancets, 100 Tests","HIV 1/2, Determine HIV Kit, without Lancets",Determine,N/A,Test kit,100,1200,84000,70,0.7,Inverness Japan,Yes,274,3321.08,164.64
6524,139-NA-T01,Pre-PQ Process,SCMS-45420,ASN-3988,Namibia,PMO - US,Direct Drop,DDP,Air,Pre-PQ Process,4/30/09,15-May-09,15-May-09,15-May-09,HRDT,HIV test,"Orgenics, Ltd","HIV 1/2, Clearview Complete Kit, 25 Tests","HIV 1/2, Clearview Complete Kit",Clearview,N/A,Test kit,25,7,525,75,3,Chembio Diagnostics Sys. Inc.,Yes,5,87.73,1.03
6544,108-VN-T01,Pre-PQ Process,SCMS-46490,ASN-4179,Vietnam,PMO - US,Direct Drop,CIP,Air,Pre-PQ Process,5/25/09,22-Jun-09,22-Jun-09,22-Jun-09,ARV,Pediatric,BRISTOL-MYERS SQUIBB,"Didanosine 25mg [Videx], chewable tablets, 60 Tabs",Didanosine,Videx,25mg,Chewable/dispersible tablet,60,120,840,7,0.12,"BMS Meymac, France",Yes,Weight Captured Separately,Freight Included in Commodity Cost,1.65
6546,108-VN-T01,Pre-PQ Process,SCMS-46550,ASN-4488,Vietnam,PMO - US,Direct Drop,CIP,Air,Pre-PQ Process,5/27/09,28-Jul-09,28-Jul-09,28-Jul-09,ARV,Pediatric,BRISTOL-MYERS SQUIBB,"Didanosine 25mg [Videx], chewable tablets, 60 Tabs",Didanosine,Videx,25mg,Chewable/dispersible tablet,60,320,2240,7,0.12,"BMS Meymac, France",No,See ASN-4488 (ID#:1213),See ASN-4488 (ID#:1213),4.39
6561,116-ZA-T01,Pre-PQ Process,SCMS-46970,ASN-4822,South Africa,PMO - US,Direct Drop,DDP,Truck,Pre-PQ Process,6/5/09,28-Jul-09,5-Aug-09,5-Aug-09,ARV,Pediatric,S. BUYS WHOLESALER,"Lopinavir/Ritonavir 80/20mg/ml [Kaletra], oral solution, cool, Bottle 5 x 60 ml",Lopinavir/Ritonavir,Kaletra,80/20mg/ml,Oral solution,300,50,2099,41.98,0.14,ABBVIE (Abbott) Logis. UK,Yes,Weight Captured Separately,Freight Included in Commodity Cost,4.11
6563,116-ZA-T01,Pre-PQ Process,SCMS-47051,ASN-4837,South Africa,PMO - US,Direct Drop,DDP,Truck,Pre-PQ Process,6/5/09,12-Oct-09,3-Aug-09,3-Aug-09,ARV,Pediatric,S. BUYS WHOLESALER,"Efavirenz 200mg, capsule, 90 Caps",Efavirenz,Generic,200mg,Capsule,90,140,3540.6,25.29,0.28,"Aurobindo Unit III, India",No,Weight Captured Separately,Freight Included in Commodity Cost,6.94
6595,110-ZM-T01,Pre-PQ Process,SCMS-38,ASN-25,Zambia,PMO - US,Direct Drop,FCA,Air,Pre-PQ Process,Date Not Captured,28-Aug-06,28-Aug-06,28-Aug-06,HRDT,HIV test,Abbott GmbH & Co. KG,"HIV 1/2, Determine Complete HIV Kit, 100 Tests","HIV 1/2, Determine Complete HIV Kit",Determine,N/A,Test kit,100,500,40000,80,0.8,ABBVIE GmbH & Co.KG Wiesbaden,Yes,171,1187.19,
6599,106-HT-T01,Pre-PQ Process,SCMS-76,ASN-76,Haiti,PMO - US,Direct Drop,CIP,Air,Pre-PQ Process,Date Not Captured,15-Sep-06,15-Sep-06,15-Sep-06,HRDT,HIV test,PLURIPHARM S.A.,"HIV 1/2, Capillus HIV Kit, 100 Tests","HIV 1/2, Capillus HIV Kit",Capillus,N/A,Test kit,100,12,3240,270,2.7,Not Applicable,Yes,Weight Captured Separately,Freight Included in Commodity Cost,
6600,108-VN-T01,Pre-PQ Process,SCMS-78,ASN-51,Vietnam,PMO - US,Direct Drop,EXW,Air,Pre-PQ Process,Date Not Captured,1-Sep-06,1-Sep-06,1-Sep-06,ARV,Adult,SUN PHARMACEUTICAL INDUSTRIES LTD (RANBAXY LABORATORIES LIMITED),"Lamivudine 150mg, tablets, 60 Tabs",Lamivudine,Generic,150mg,Tablet,60,2080,8299.2,3.99,0.07,"Ranbaxy, Paonta Shahib, India",Yes,87,10657.19,
6601,108-VN-T01,Pre-PQ Process,SCMS-83,ASN-54,Vietnam,PMO - US,Direct Drop,EXW,Air,Pre-PQ Process,Date Not Captured,4-Sep-06,4-Sep-06,4-Sep-06,ARV,Adult,CIPLA LIMITED,"Efavirenz 600mg, tablets, 30 Tabs",Efavirenz,Generic,600mg,Tablet,30,19000,323000,17,0.57,"Cipla, Goa, India",Yes,1520,19044.32,
6608,104-CI-T01,Pre-PQ Process,SCMS-108,ASN-70,Côte d'Ivoire,PMO - US,Direct Drop,FCA,Air,Pre-PQ Process,Date Not Captured,27-Oct-06,27-Oct-06,27-Oct-06,HRDT,HIV test,Abbott GmbH & Co. KG,"HIV 1/2, Determine Complete HIV Kit, 100 Tests","HIV 1/2, Determine Complete HIV Kit",Determine,N/A,Test kit,100,600,48000,80,0.8,ABBVIE GmbH & Co.KG Wiesbaden,Yes,205503,4110.88,
6621,114-UG-T01,Pre-PQ Process,SCMS-157,ASN-127,Uganda,PMO - US,Direct Drop,EXW,Air,Pre-PQ Process,Date Not Captured,21-Dec-06,21-Dec-06,21-Dec-06,ARV,Adult,Aurobindo Pharma Limited,"Stavudine 30mg, capsules, 60 Caps",Stavudine,Generic,30mg,Capsule,60,6349,12380.55,1.95,0.03,"Aurobindo Unit III, India",No,See ASN-127 (ID#:3955),See ASN-127 (ID#:3955),
6622,114-UG-T01,Pre-PQ Process,SCMS-160,ASN-124,Uganda,PMO - US,Direct Drop,EXW,Air,Pre-PQ Process,Date Not Captured,2-Jan-07,2-Jan-07,2-Jan-07,ARV,Adult,STRIDES ARCOLAB LIMITED,"Nevirapine 200mg, tablets, 60 Tabs",Nevirapine,Generic,200mg,Tablet,60,6349,21586.6,3.4,0.06,"Strides, Bangalore, India.",Yes,355,3181.2,
6623,110-ZM-T01,Pre-PQ Process,SCMS-162,ASN-115,Zambia,PMO - US,Direct Drop,CIP,Air,Pre-PQ Process,Date Not Captured,5-Dec-06,5-Dec-06,5-Dec-06,ARV,Pediatric,INTERNATIONAL HEALTHCARE DISTRIBUTORS,"Lopinavir/Ritonavir 80/20mg/ml [Kaletra], oral solution, cool, Bottle 5 x 60 ml",Lopinavir/Ritonavir,Kaletra,80/20mg/ml,Oral solution,300,70,2877,41.1,0.14,ABBVIE (Abbott) Logis. UK,Yes,57,Freight Included in Commodity Cost,
6624,110-ZM-T01,Pre-PQ Process,SCMS-164,ASN-146,Zambia,PMO - US,Direct Drop,EXW,Air,Pre-PQ Process,Date Not Captured,9-Jan-07,9-Jan-07,9-Jan-07,ARV,Adult,"GILEAD SCIENCES IRELAND, INC.","Emtricitabine/Tenofovir Disoproxil Fumarate 200/300mg [Truvada], tablets, 30 Tabs",Emtricitabine/Tenofovir Disoproxil Fumarate,Truvada,300/200mg,Tablet - FDC,30,14851,389838.75,26.25,0.88,Gilead(Nycomed) Oranienburg DE,Yes,1244,6546.69,
6625,108-VN-T01,Pre-PQ Process,SCMS-166,ASN-261,Vietnam,PMO - US,Direct Drop,EXW,Air,Pre-PQ Process,12/2/06,16-Mar-07,16-Mar-07,16-Mar-07,ARV,Adult,"GILEAD SCIENCES IRELAND, INC.","Tenofovir Disoproxil Fumarate 300mg [Viread], tablets, 30 Tabs",Tenofovir Disoproxil Fumarate,Viread,300mg,Tablet,30,1900,32300,17,0.57,Gilead(Nycomed) Oranienburg DE,Yes,116,14571.5,
6626,108-VN-T01,Pre-PQ Process,SCMS-168,ASN-276,Vietnam,PMO - US,Direct Drop,EXW,Air,Pre-PQ Process,11/14/06,14-Mar-07,14-Mar-07,14-Mar-07,ARV,Pediatric,Aurobindo Pharma Limited,"Stavudine 1mg/ml, powder for oral solution, 200 ml",Stavudine,Generic,1mg/ml,Oral solution,200,1000,1450,1.45,0.01,"Aurobindo Unit III, India",No,See ASN-276 (ID#:2686),See ASN-276 (ID#:2686),
6627,108-VN-T01,Pre-PQ Process,SCMS-170,ASN-273,Vietnam,PMO - US,Direct Drop,EXW,Air,Pre-PQ Process,11/15/06,14-Mar-07,14-Mar-07,14-Mar-07,ARV,Adult,STRIDES ARCOLAB LIMITED,"Nevirapine 200mg, tablets, 60 Tabs",Nevirapine,Generic,200mg,Tablet,60,83000,282200,3.4,0.06,"Strides, Bangalore, India.",No,See ASN-273 (ID#:1283),See ASN-273 (ID#:1283),
6642,110-ZM-T01,Pre-PQ Process,SCMS-223,ASN-283,Zambia,PMO - US,Direct Drop,CIP,Air,Pre-PQ Process,12/5/06,8-Mar-07,8-Mar-07,8-Mar-07,ARV,Pediatric,INTERNATIONAL HEALTHCARE DISTRIBUTORS,"Lopinavir/Ritonavir 80/20mg/ml [Kaletra], oral solution, cool, Bottle 5 x 60 ml",Lopinavir/Ritonavir,Kaletra,80/20mg/ml,Oral solution,300,70,2877,41.1,0.14,ABBVIE (Abbott) Logis. UK,Yes,58,Freight Included in Commodity Cost,
6647,107-RW-T01,Pre-PQ Process,SCMS-289,ASN-192,Rwanda,PMO - US,Direct Drop,EXW,Air,Pre-PQ Process,12/29/06,25-Jan-07,25-Jan-07,25-Jan-07,HRDT,HIV test,"Trinity Biotech, Plc","HIV 1/2, Capillus HIV Kit, 100 Tests","HIV 1/2, Capillus HIV Kit",Capillus,N/A,Test kit,100,60,10500,175,1.75,"Trinity Biotech, Plc",Yes,39,859.37,
6670,111-MZ-T01,Pre-PQ Process,SCMS-608,ASN-688,Mozambique,PMO - US,Direct Drop,CIP,Air,Pre-PQ Process,5/7/07,6-Sep-07,6-Sep-07,6-Sep-07,ARV,Adult,INTERNATIONAL HEALTHCARE DISTRIBUTORS,"Didanosine EC 250mg [Videx EC], delayed-release capsules, Blister 3 x 10 Caps",Didanosine EC,Videx EC,250mg,Delayed-release capsules - blister,30,44,859.65,19.54,0.65,"BMS Meymac, France",Yes,Weight Captured Separately,Freight Included in Commodity Cost,1.38
6671,104-CI-T01,Pre-PQ Process,SCMS-609,ASN-704,Côte d'Ivoire,PMO - US,Direct Drop,CIP,Air,Pre-PQ Process,5/30/07,21-Sep-07,21-Sep-07,21-Sep-07,ARV,Pediatric,BRISTOL-MYERS SQUIBB,"#102198**Didanosine 200mg [Videx], tablets, 60 Tabs",Didanosine,Videx,200mg,Tablet,60,5721,145885.5,25.5,0.42,"BMS Meymac, France",Yes,1232,Freight Included in Commodity Cost,233.42
6691,108-VN-T01,Pre-PQ Process,SCMS-750,ASN-804,Vietnam,PMO - US,Direct Drop,EXW,Air,Pre-PQ Process,7/3/07,24-Oct-07,24-Oct-07,24-Oct-07,ARV,Adult,SUN PHARMACEUTICAL INDUSTRIES LTD (RANBAXY LABORATORIES LIMITED),"Zidovudine 300mg, tablets, 60 Tabs",Zidovudine,Generic,300mg,Tablet,60,100,894,8.94,0.15,"Ranbaxy, Paonta Shahib, India",Yes,6,2794.34,1.43
6692,108-VN-T01,Pre-PQ Process,SCMS-751,ASN-633,Vietnam,PMO - US,Direct Drop,FCA,Air,Pre-PQ Process,7/3/07,10-Sep-07,10-Sep-07,10-Sep-07,ARV,Adult,ABBVIE LOGISTICS (FORMERLY ABBOTT LOGISTICS BV),"Lopinavir/Ritonavir 200/50mg [Aluvia], tablets, 120 Tabs",Lopinavir/Ritonavir,Aluvia,200/50mg,Tablet,120,1000,82190,82.19,0.68,ABBVIE Ludwigshafen Germany,Yes,226,5294.51,131.5
6693,102-GY-T01,Pre-PQ Process,SCMS-766,ASN-588,Guyana,PMO - US,Direct Drop,EXW,Air,Pre-PQ Process,7/6/07,8-Aug-07,8-Aug-07,8-Aug-07,HRDT,HIV test,"CHEMBIO DIAGNOSTIC SYSTEMS, INC.","HIV 1/2, Stat-Pak HIV, Kit, 20 Tests","HIV 1/2, Stat-Pak HIV, Kit",Stat-Pak,N/A,Test kit,20,50,1350,27,1.35,Chembio Diagnostics Sys. Inc.,Yes,13,581.1,2.16
6705,107-RW-T01,Pre-PQ Process,SCMS-800,ASN-719,Rwanda,PMO - US,Direct Drop,CIP,Air,Pre-PQ Process,7/17/07,14-Sep-07,14-Sep-07,14-Sep-07,ARV,Pediatric,BRISTOL-MYERS SQUIBB,"Didanosine 50mg [Videx], chewable tablets, 60 Tabs",Didanosine,Videx,50mg,Chewable/dispersible tablet,60,182,1729,9.5,0.16,"BMS Meymac, France",Yes,40,86.4,2.77
6724,108-VN-T01,Pre-PQ Process,SCMS-10970,ASN-1017,Vietnam,PMO - US,Direct Drop,EXW,Air,Pre-PQ Process,7/3/07,19-Dec-07,19-Dec-07,19-Dec-07,ARV,Pediatric,Aurobindo Pharma Limited,"Didanosine 100mg, chewable/dispersible tablets, 60 Tabs",Didanosine,Generic,100mg,Chewable/dispersible tablet,60,1200,9300,7.75,0.13,"Aurobindo Unit III, India",Yes,249,3719.91,14.88
6745,102-GY-T01,Pre-PQ Process,SCMS-11650,ASN-763,Guyana,PMO - US,Direct Drop,EXW,Air,Pre-PQ Process,8/28/07,21-Sep-07,8-Oct-07,8-Oct-07,HRDT,HIV test,"Orgenics, Ltd","HIV 1/2, Determine HIV Kit, without Lancets, 100 Tests","HIV 1/2, Determine HIV Kit, without Lancets",Determine,N/A,Test kit,100,442,31819.58,71.99,0.72,Inverness Japan,Yes,100,1928.93,50.91
6746,102-NG-T01,Pre-PQ Process,SCMS-11760,ASN-858,Nigeria,PMO - US,Direct Drop,EXW,Air,Pre-PQ Process,8/27/07,7-Nov-07,7-Nov-07,7-Nov-07,HRDT,HIV test,"CHEMBIO DIAGNOSTIC SYSTEMS, INC.","HIV 1/2, Stat-Pak HIV, Kit, 20 Tests","HIV 1/2, Stat-Pak HIV, Kit",Stat-Pak,N/A,Test kit,20,10000,270000,27,1.35,Chembio Diagnostics Sys. Inc.,Yes,3265,6197,432
6753,102-NG-T01,Pre-PQ Process,SCMS-12240,ASN-707,Nigeria,PMO - US,Direct Drop,CIP,N/A,Pre-PQ Process,Date Not Captured,7-Sep-07,7-May-07,7-May-07,HRDT,HIV test,ACCOUN NIGERIA LIMITED,"HIV 1/2, Determine Complete HIV Kit, 100 Tests","HIV 1/2, Determine Complete HIV Kit",Determine,N/A,Test kit,100,500,40000,80,0.8,ABBVIE GmbH & Co.KG Wiesbaden,Yes,Weight Captured Separately,Freight Included in Commodity Cost,64
6768,102-GY-T01,Pre-PQ Process,SCMS-12680,ASN-968,Guyana,PMO - US,Direct Drop,CIF,N/A,Pre-PQ Process,10/2/07,7-Nov-07,7-Nov-07,7-Nov-07,MRDT,Malaria,ZEPHYR BIOMEDICALS,"Malaria Paramax-3 Kit, 25 Tests",Malaria Paramax-3 Kit,Paramax,N/A,Test kit,25,390,14625,37.5,1.5,Not Applicable,Yes,145,186.25,23.4
6837,107-RW-T01,Pre-PQ Process,SCMS-13900,ASN-990,Rwanda,PMO - US,Direct Drop,EXW,Air,Pre-PQ Process,11/12/07,28-Jan-08,28-Jan-08,28-Jan-08,ARV,Adult,ASPEN PHARMACARE,"Tenofovir Disoproxil Fumarate 300mg [Viread], tablets, 30 Tabs",Tenofovir Disoproxil Fumarate,Viread,300mg,Tablet,30,84,0.84,0.01,0,"Aspen-OSD, Port Elizabeth, SA",No,See ASN-990 (ID#:1502),See ASN-990 (ID#:1502),0
6845,116-ZA-T01,Pre-PQ Process,SCMS-14050,ASN-1251,South Africa,PMO - US,Direct Drop,DDP,N/A,Pre-PQ Process,11/12/07,29-Jan-08,29-Jan-08,29-Jan-08,ARV,Adult,"JSI R&T INSTITUTE, INC.","Stavudine 20mg [Zerit], capsules, 60 Caps",Stavudine,Zerit,20mg,Capsule,60,30,179.7,5.99,0.1,"BMS Meymac, France",No,Weight Captured Separately,Freight Included in Commodity Cost,0.29
6846,116-ZA-T01,Pre-PQ Process,SCMS-14050,ASN-1251,South Africa,PMO - US,Direct Drop,DDP,N/A,Pre-PQ Process,11/12/07,29-Jan-08,29-Jan-08,29-Jan-08,ARV,Adult,"JSI R&T INSTITUTE, INC.","Nevirapine 200mg [Viramune], tablets, 60 Tabs",Nevirapine,Viramune,200mg,Tablet,60,300,7272,24.24,0.4,"BI, Ingelheim, Germany",No,Weight Captured Separately,Freight Included in Commodity Cost,11.64
6848,107-RW-T01,Pre-PQ Process,SCMS-14221,ASN-1594,Rwanda,PMO - US,Direct Drop,CIP,Air,Pre-PQ Process,11/21/07,28-Apr-08,22-Apr-08,22-Apr-08,ARV,Adult,CIPLA LIMITED,"Lamivudine/Nevirapine/Stavudine 150/200/30mg, tablets, 60 Tabs",Lamivudine/Nevirapine/Stavudine,Generic,150/200/30mg,Tablet - FDC,60,34576,242032,7,0.12,"Cipla, Goa, India",Yes,3656,10500,387.25
6849,107-RW-T01,Pre-PQ Process,SCMS-14221,ASN-1596,Rwanda,PMO - US,Direct Drop,CIP,Air,Pre-PQ Process,11/21/07,28-Apr-08,28-Apr-08,28-Apr-08,ARV,Adult,CIPLA LIMITED,"Lamivudine/Nevirapine/Stavudine 150/200/30mg, tablets, 60 Tabs",Lamivudine/Nevirapine/Stavudine,Generic,150/200/30mg,Tablet - FDC,60,16640,116480,7,0.12,"Cipla, Goa, India",Yes,1766,10500,186.37
6881,106-HT-T01,Pre-PQ Process,SCMS-15500,ASN-1153,Haiti,PMO - US,Direct Drop,EXW,Air,Pre-PQ Process,Date Not Captured,22-Jan-08,22-Jan-08,22-Jan-08,HRDT,HIV test,Orasure Technologies Inc.,"HIV 1/2, OraQuick Advance HIV Rapid Antibody Kit, 100 Tests","HIV 1/2, OraQuick Advance HIV Rapid Antibody Kit",OraQuick,N/A,Test kit,100,25,8750,350,3.5,"Pacific Biotech, Thailand",Yes,60,1521.11,14
6884,106-HT-T01,Pre-PQ Process,SCMS-15590,ASN-1328,Haiti,PMO - US,Direct Drop,EXW,Air,Pre-PQ Process,2/4/08,18-Feb-08,18-Feb-08,18-Feb-08,HRDT,HIV test,"Trinity Biotech, Plc","HIV 1/2, Capillus HIV Kit, 100 Tests","HIV 1/2, Capillus HIV Kit",Capillus,N/A,Test kit,100,8,1112,139,1.39,"Trinity Biotech, Plc",Yes,6,3238.79,1.78
6896,117-ET-T01,Pre-PQ Process,SCMS-16220,ASN-1329,Ethiopia,PMO - US,Direct Drop,EXW,Air,Pre-PQ Process,1/3/08,4-Mar-08,4-Mar-08,4-Mar-08,ARV,Adult,ASPEN PHARMACARE,"Tenofovir Disoproxil Fumarate 300mg [Viread], tablets, 30 Tabs",Tenofovir Disoproxil Fumarate,Viread,300mg,Tablet,30,14820,251940,17,0.57,"Aspen-OSD, Port Elizabeth, SA",Yes,1233,5137.76,403.1
6913,116-ZA-T01,Pre-PQ Process,SCMS-16600,ASN-1520,South Africa,PMO - US,Direct Drop,DDP,N/A,Pre-PQ Process,1/4/08,21-Jan-08,4-Jan-08,4-Jan-08,ARV,Pediatric,"JSI R&T INSTITUTE, INC.","Ritonavir 80mg/ml [Norvir], oral solution, cool, Bottle, 90 ml",Ritonavir,Norvir,80mg/ml,Oral solution,90,3,27.69,9.23,0.1,ABBVIE (Abbott) France,No,Weight Captured Separately,Freight Included in Commodity Cost,0.04
6914,116-ZA-T01,Pre-PQ Process,SCMS-16600,ASN-1520,South Africa,PMO - US,Direct Drop,DDP,N/A,Pre-PQ Process,1/4/08,21-Jan-08,4-Jan-08,4-Jan-08,ARV,Pediatric,"JSI R&T INSTITUTE, INC.","Lopinavir/Ritonavir 80/20mg/ml [Kaletra], oral solution, cool, Bottle 5 x 60 ml",Lopinavir/Ritonavir,Kaletra,80/20mg/ml,Oral solution,300,30,1384.5,46.15,0.15,ABBVIE (Abbott) Logis. UK,No,Weight Captured Separately,Freight Included in Commodity Cost,2.22
6915,116-ZA-T01,Pre-PQ Process,SCMS-16600,ASN-1520,South Africa,PMO - US,Direct Drop,DDP,N/A,Pre-PQ Process,1/4/08,21-Jan-08,4-Jan-08,4-Jan-08,ARV,Adult,"JSI R&T INSTITUTE, INC.","Lamivudine 150mg [Epivir], tablets, 60 Tabs",Lamivudine,Epivir,150mg,Tablet,60,2500,14525,5.81,0.1,GSK Cape Town Factory (South Africa),No,Weight Captured Separately,Freight Included in Commodity Cost,23.24
6931,109-TZ-T01,Pre-PQ Process,SCMS-16760,ASN-1697,Tanzania,PMO - US,Direct Drop,CIP,Air,Pre-PQ Process,1/24/08,8-May-08,8-May-08,8-May-08,ARV,Pediatric,GLAXOSMITHKLINE EXPORT LIMITED,"Abacavir 20mg/ml [Ziagen], oral solution, Bottle, 240 ml",Abacavir,Ziagen,20mg/ml,Oral solution,240,132,3300,25,0.1,GSK Mississauga (Canada),Yes,Weight Captured Separately,Freight Included in Commodity Cost,5.28
6932,102-NG-T01,Pre-PQ Process,SCMS-16880,ASN-1354,Nigeria,PMO - US,Direct Drop,EXW,Air,Pre-PQ Process,1/7/08,21-Apr-08,29-Feb-08,29-Feb-08,HRDT,HIV test,"CHEMBIO DIAGNOSTIC SYSTEMS, INC.","HIV 1/2, Stat-Pak HIV, Kit, 20 Tests","HIV 1/2, Stat-Pak HIV, Kit",Stat-Pak,N/A,Test kit,20,9380,253260,27,1.35,Chembio Diagnostics Sys. Inc.,Yes,3058,18750.2,405.22
6933,102-NG-T01,Pre-PQ Process,SCMS-16880,ASN-1462,Nigeria,PMO - US,Direct Drop,EXW,Air,Pre-PQ Process,1/7/08,21-Apr-08,27-Mar-08,27-Mar-08,HRDT,HIV test,"CHEMBIO DIAGNOSTIC SYSTEMS, INC.","HIV 1/2, Stat-Pak HIV, Kit, 20 Tests","HIV 1/2, Stat-Pak HIV, Kit",Stat-Pak,N/A,Test kit,20,8153,220131,27,1.35,Chembio Diagnostics Sys. Inc.,Yes,2707,13535.55,352.21
6962,111-MZ-T01,Pre-PQ Process,SCMS-18060,ASN-1650,Mozambique,PMO - US,Direct Drop,EXW,Air,Pre-PQ Process,2/25/08,13-Jun-08,27-May-08,27-May-08,HRDT,HIV test,"Orgenics, Ltd","HIV 1/2, Determine HIV Kit, without Lancets, 100 Tests","HIV 1/2, Determine HIV Kit, without Lancets",Determine,N/A,Test kit,100,4200,302358,71.99,0.72,Inverness Japan,Yes,965,7781.88,483.77
6972,102-LS-T01,Pre-PQ Process,SCMS-18360,ASN-1430,Lesotho,PMO - US,Direct Drop,DDP,Air,Pre-PQ Process,2/27/08,12-Mar-08,12-Mar-08,12-Mar-08,HRDT,HIV test,Orasure Technologies Inc.,"HIV 1/2, OraQuick Advance HIV Rapid Antibody Kit, 100 Tests","HIV 1/2, OraQuick Advance HIV Rapid Antibody Kit",OraQuick,N/A,Test kit,100,7,2450,350,3.5,"Pacific Biotech, Thailand",Yes,Weight Captured Separately,Freight Included in Commodity Cost,3.92
6988,123-NG-T01,Pre-PQ Process,SCMS-18740,ASN-1552,Nigeria,PMO - US,Direct Drop,EXW,Air,Pre-PQ Process,3/11/08,8-May-08,8-May-08,8-May-08,HRDT,HIV test,"Orgenics, Ltd","HIV 1/2, Determine HIV Kit, without Lancets, 100 Tests","HIV 1/2, Determine HIV Kit, without Lancets",Determine,N/A,Test kit,100,285,22797.15,79.99,0.8,Inverness Japan,Yes,64,1629,36.48
6994,119-NA-T01,Pre-PQ Process,SCMS-18890,ASN-1487,Namibia,PMO - US,Direct Drop,EXW,Air,Pre-PQ Process,3/14/08,2-Apr-08,2-Apr-08,2-Apr-08,HRDT,HIV test,"Orgenics, Ltd","HIV 1/2, Clearview Complete Kit, 25 Tests","HIV 1/2, Clearview Complete Kit",Clearview,N/A,Test kit,25,271,20325,75,3,Inverness USA,Yes,260,1496.76,32.52
7007,108-VN-T01,Pre-PQ Process,SCMS-19630,ASN-1718,Vietnam,PMO - US,Direct Drop,DDU,Truck,Pre-PQ Process,3/21/08,12-May-08,16-Apr-08,16-Apr-08,ARV,Adult,CENTRAL PHARMACEUTICAL COMPANY NO. 1,"Tenofovir Disoproxil Fumarate 300mg [Viread], tablets, 30 Tabs",Tenofovir Disoproxil Fumarate,Viread,300mg,Tablet,30,1968,40717.92,20.69,0.69,Gilead(Nycomed) Oranienburg DE,Yes,Weight Captured Separately,1401.49,65.15
7008,116-ZA-T01,Pre-PQ Process,SCMS-19800,ASN-1665,South Africa,PMO - US,Direct Drop,DDP,Truck,Pre-PQ Process,2/20/08,24-Apr-08,24-Apr-08,24-Apr-08,ARV,Pediatric,S. BUYS WHOLESALER,"Lopinavir/Ritonavir 80/20mg/ml [Kaletra], oral solution, cool, Bottle 5 x 60 ml",Lopinavir/Ritonavir,Kaletra,80/20mg/ml,Oral solution,300,10,394,39.4,0.13,ABBVIE (Abbott) Logis. UK,No,Weight Captured Separately,Freight Included in Commodity Cost,0.63
7009,116-ZA-T01,Pre-PQ Process,SCMS-19800,ASN-1665,South Africa,PMO - US,Direct Drop,DDP,Truck,Pre-PQ Process,2/20/08,24-Apr-08,24-Apr-08,24-Apr-08,ARV,Pediatric,S. BUYS WHOLESALER,"Zidovudine 10mg/ml [Retrovir], oral solution, Bottle, 200 ml",Zidovudine,Retrovir,10mg/ml,Oral solution,200,100,676,6.76,0.03,GSK Mississauga (Canada),No,Weight Captured Separately,Freight Included in Commodity Cost,1.08
7030,108-VN-T01,Pre-PQ Process,SCMS-20330,ASN-1984,Vietnam,PMO - US,Direct Drop,CIP,Air,Pre-PQ Process,3/31/08,17-Jul-08,17-Jul-08,17-Jul-08,ARV,Pediatric,BRISTOL-MYERS SQUIBB,"Didanosine 25mg [Videx], chewable tablets, 60 Tabs",Didanosine,Videx,25mg,Chewable/dispersible tablet,60,400,2800,7,0.12,"BMS Meymac, France",Yes,82,2211.05,4.48
7032,108-VN-T01,Pre-PQ Process,SCMS-20490,ASN-1795,Vietnam,PMO - US,Direct Drop,EXW,Air,Pre-PQ Process,3/31/08,2-Jun-08,2-Jun-08,2-Jun-08,ARV,Pediatric,Aurobindo Pharma Limited,"Zidovudine 100mg, capsules, 100 Caps",Zidovudine,Generic,100mg,Capsule,100,630,3458.7,5.49,0.05,"Aurobindo Unit III, India",Yes,48,2729.91,5.53
7055,116-ZA-T01,Pre-PQ Process,SCMS-21460,ASN-1667,South Africa,PMO - US,Direct Drop,DDP,N/A,Pre-PQ Process,4/4/08,25-Apr-08,7-Apr-08,7-Apr-08,ARV,Pediatric,S. BUYS WHOLESALER,"Didanosine 100mg [Videx],chewable tablets, 60 Tabs",Didanosine,Videx,100mg,Chewable/dispersible tablet,60,6,81.66,13.61,0.23,"BMS Meymac, France",No,Weight Captured Separately,Freight Included in Commodity Cost,0.13
7056,116-ZA-T01,Pre-PQ Process,SCMS-21460,ASN-1666,South Africa,PMO - US,Direct Drop,DDP,N/A,Pre-PQ Process,4/4/08,25-Apr-08,8-Apr-08,8-Apr-08,ARV,Adult,S. BUYS WHOLESALER,"Lopinavir/Ritonavir 133.3/33.3mg [Kaletra], capsules, cool, 2 x 90 Caps",Lopinavir/Ritonavir,Kaletra,133.3/33.3mg,Capsule,180,400,14352,35.88,0.2,ABBVIE (Abbott) Logis. UK,Yes,Weight Captured Separately,Freight Included in Commodity Cost,22.96
7091,102-BW-T01,Pre-PQ Process,SCMS-22680,ASN-1832,Botswana,PMO - US,Direct Drop,EXW,Air,Pre-PQ Process,4/28/08,3-Jul-08,3-Jul-08,3-Jul-08,HRDT,HIV test,"Trinity Biotech, Plc","HIV 1/2, Uni-Gold HIV Kit, 20 Tests","HIV 1/2, Uni-Gold HIV Kit",Uni-Gold,N/A,Test kit,20,500,16000,32,1.6,"Trinity Biotech, Plc",Yes,500,2442.32,25.6
7093,102-BW-T01,Pre-PQ Process,SCMS-22710,ASN-1833,Botswana,PMO - US,Direct Drop,EXW,Air,Pre-PQ Process,4/28/08,3-Jul-08,3-Jul-08,3-Jul-08,HRDT,HIV test,"Trinity Biotech, Plc","HIV 1/2, Uni-Gold HIV Kit, 20 Tests","HIV 1/2, Uni-Gold HIV Kit",Uni-Gold,N/A,Test kit,20,500,16000,32,1.6,"Trinity Biotech, Plc",Yes,500,2442.32,25.6
7120,108-VN-T01,Pre-PQ Process,SCMS-23440,ASN-2335,Vietnam,PMO - US,Direct Drop,EXW,Air,Pre-PQ Process,5/13/08,20-Sep-08,20-Sep-08,20-Sep-08,ARV,Adult,MYLAN LABORATORIES LTD (FORMERLY MATRIX LABORATORIES),"Tenofovir Disoproxil Fumarate 300mg, tablets, 30 Tabs",Tenofovir Disoproxil Fumarate,Generic,300mg,Tablet,30,672,9179.52,13.66,0.46,Mylan (formerly Matrix) Nashik,No,See ASN-2335 (ID#:5796),See ASN-2335 (ID#:5796),14.69
7121,108-VN-T01,Pre-PQ Process,SCMS-23450,ASN-2336,Vietnam,PMO - US,Direct Drop,EXW,Air,Pre-PQ Process,5/14/08,19-Sep-08,19-Sep-08,19-Sep-08,ARV,Adult,MYLAN LABORATORIES LTD (FORMERLY MATRIX LABORATORIES),"Zidovudine 300mg, tablets, 60 Tabs",Zidovudine,Generic,300mg,Tablet,60,648,4860,7.5,0.12,Mylan (formerly Matrix) Nashik,No,See ASN-2336 (ID#:530),See ASN-2336 (ID#:530),7.78
7122,108-VN-T01,Pre-PQ Process,SCMS-23460,ASN-2243,Vietnam,PMO - US,Direct Drop,EXW,Air,Pre-PQ Process,5/13/08,11-Aug-08,11-Aug-08,11-Aug-08,ARV,Adult,STRIDES ARCOLAB LIMITED,"Stavudine 30mg, capsules, 60 Caps",Stavudine,Generic,30mg,Capsule,60,9275,13448.75,1.45,0.02,"Strides, Bangalore, India.",Yes,432,7444.35,21.52
7125,116-ZA-T01,Pre-PQ Process,SCMS-23500,ASN-2293,South Africa,PMO - US,Direct Drop,DDP,Truck,Pre-PQ Process,Date Not Captured,20-Aug-08,8-May-08,8-May-08,ARV,Pediatric,S. BUYS WHOLESALER,"Lopinavir/Ritonavir 80/20mg/ml [Kaletra], oral solution, cool, Bottle 5 x 60 ml",Lopinavir/Ritonavir,Kaletra,80/20mg/ml,Oral solution,300,40,1479.6,36.99,0.12,ABBVIE (Abbott) Logis. UK,No,Weight Captured Separately,Freight Included in Commodity Cost,2.37
7126,116-ZA-T01,Pre-PQ Process,SCMS-23500,ASN-2484,South Africa,PMO - US,Direct Drop,DDP,Truck,Pre-PQ Process,Date Not Captured,20-Aug-08,14-Aug-08,14-Aug-08,ARV,Adult,S. BUYS WHOLESALER,"Emtricitabine/Tenofovir Disoproxil Fumarate 200/300mg [Truvada], tablets, 30 Tabs",Emtricitabine/Tenofovir Disoproxil Fumarate,Truvada,300/200mg,Tablet - FDC,30,150,5737.5,38.25,1.27,Gilead(Nycomed) Oranienburg DE,Yes,Weight Captured Separately,Freight Included in Commodity Cost,9.18
7127,116-ZA-T01,Pre-PQ Process,SCMS-23500,ASN-2293,South Africa,PMO - US,Direct Drop,DDP,Truck,Pre-PQ Process,Date Not Captured,20-Aug-08,8-May-08,8-May-08,ARV,Adult,S. BUYS WHOLESALER,"Efavirenz 600mg, tablets, 30 Tabs",Efavirenz,Generic,600mg,Tablet,30,1500,23790,15.86,0.53,"Cipla, Goa, India",No,Weight Captured Separately,Freight Included in Commodity Cost,38.06
7128,116-ZA-T01,Pre-PQ Process,SCMS-23500,ASN-2300,South Africa,PMO - US,Direct Drop,DDP,Truck,Pre-PQ Process,Date Not Captured,20-Aug-08,14-May-08,14-May-08,ARV,Pediatric,S. BUYS WHOLESALER,"Lamivudine 10mg/ml [Epivir], oral solution, Bottle, 240 ml",Lamivudine,Epivir,10mg/ml,Oral solution,240,470,2942.2,6.26,0.03,GSK Mississauga (Canada),No,Weight Captured Separately,Freight Included in Commodity Cost,4.71
7129,116-ZA-T01,Pre-PQ Process,SCMS-23500,ASN-2299,South Africa,PMO - US,Direct Drop,DDP,Truck,Pre-PQ Process,Date Not Captured,20-Aug-08,14-May-08,14-May-08,ARV,Pediatric,S. BUYS WHOLESALER,"Zidovudine 10mg/ml [Retrovir], oral solution, Bottle, 200 ml",Zidovudine,Retrovir,10mg/ml,Oral solution,200,140,960.4,6.86,0.03,GSK Mississauga (Canada),Yes,Weight Captured Separately,Freight Included in Commodity Cost,1.54
7172,130-NG-T01,Pre-PQ Process,SCMS-24590,ASN-2024,Nigeria,PMO - US,Direct Drop,EXW,Air,Pre-PQ Process,6/2/08,31-Jul-08,31-Jul-08,31-Jul-08,ANTM,Malaria,IDA FOUNDATION,"Sulfadoxine/Pyrimethamine 500/25mg, tablets, 1000 Tabs",Sulfadoxine/Pyrimethamine,Generic,500/25mg,Tablet - FDC,1000,20,527,26.35,0.03,"Micro Labs Ltd. (Brown & Burk), India",Yes,1920,20134.43,0.84
7176,107-RW-T01,Pre-PQ Process,SCMS-25080,ASN-2396,Rwanda,PMO - US,Direct Drop,EXW,Air,Pre-PQ Process,6/12/08,18-Oct-08,18-Oct-08,18-Oct-08,HRDT,HIV test,"Trinity Biotech, Plc","HIV 1/2, Uni-Gold HIV Kit, 20 Tests","HIV 1/2, Uni-Gold HIV Kit",Uni-Gold,N/A,Test kit,20,3400,108800,32,1.6,"Trinity Biotech, Plc",Yes,1131,22370.64,174.08
7183,107-RW-T01,Pre-PQ Process,SCMS-25210,ASN-1966,Rwanda,PMO - US,Direct Drop,EXW,Air,Pre-PQ Process,6/12/08,4-Jul-08,4-Jul-08,4-Jul-08,HRDT,HIV test,Premier Medical Corporation Ltd.,"HIV 1/2/O, First Response HIV 1-2.0, v.3.0 Cards Kit, 30 Tests","HIV 1/2/O, First Response HIV 1-2.0, v.3.0 Cards Kit",First Response,N/A,Test kit,30,6180,101970,16.5,0.55,Premier Med. Corp Ltd. India,Yes,2130,17331.66,163.15
7184,113-ZW-T01,Pre-PQ Process,SCMS-25310,ASN-2632,Zimbabwe,PMO - US,Direct Drop,EXW,Air,Pre-PQ Process,6/12/08,17-Nov-08,17-Nov-08,17-Nov-08,HRDT,HIV test,"Standard Diagnostics, Inc.","HIV 1/2, Bioline 3.0 Kit, Lancets, Capillary pipets, Alcohol swabs included, 25 Tests","HIV 1/2, Bioline 3.0 Kit, Lancets, Capillary pipets, Alcohol swabs included",Bioline,N/A,Test kit,25,7864,157280,20,0.8,"Standard Diagnostics, Korea",Yes,2450,18087.86,308.27
7201,107-RW-T01,Pre-PQ Process,SCMS-25530,ASN-2068,Rwanda,PMO - US,Direct Drop,CIP,Air,Pre-PQ Process,6/13/08,22-Jul-08,22-Jul-08,22-Jul-08,ARV,Adult,Aurobindo Pharma Limited,"Lamivudine/Zidovudine 150/300mg, tablets, 60 Tabs",Lamivudine/Zidovudine,Generic,150/300mg,Tablet - FDC,60,45168,414642.24,9.18,0.15,"Aurobindo Unit III, India",Yes,3953,23071.26,663.43
7202,116-ZA-T01,Pre-PQ Process,SCMS-25550,ASN-2294,South Africa,PMO - US,Direct Drop,DDP,Truck,Pre-PQ Process,Date Not Captured,17-Jun-08,17-Jun-08,17-Jun-08,ARV,Adult,S. BUYS WHOLESALER,"Emtricitabine/Tenofovir Disoproxil Fumarate 200/300mg [Truvada], tablets, 30 Tabs",Emtricitabine/Tenofovir Disoproxil Fumarate,Truvada,300/200mg,Tablet - FDC,30,60,2368.2,39.47,1.32,"Aspen-OSD, Port Elizabeth, SA",Yes,Weight Captured Separately,Freight Included in Commodity Cost,3.79
7218,108-VN-T01,Pre-PQ Process,SCMS-26180,ASN-2274,Vietnam,PMO - US,Direct Drop,EXW,Air,Pre-PQ Process,7/1/08,19-Sep-08,19-Sep-08,19-Sep-08,ARV,Adult,Aurobindo Pharma Limited,"Nevirapine 200mg, tablets, 60 Tabs",Nevirapine,Generic,200mg,Tablet,60,4200,12180,2.9,0.05,"Aurobindo Unit III, India",No,See ASN-2274 (ID#:610),See ASN-2274 (ID#:610),19.49
7244,116-ZA-T01,Pre-PQ Process,SCMS-26820,ASN-2488,South Africa,PMO - US,Direct Drop,DDP,Truck,Pre-PQ Process,Date Not Captured,10-Jul-08,8-Jul-08,8-Jul-08,ARV,Adult,S. BUYS WHOLESALER,"Nevirapine 200mg, tablets, 60 Tabs",Nevirapine,Generic,200mg,Tablet,60,120,2428.8,20.24,0.34,"Cipla, Goa, India",No,Weight Captured Separately,Freight Included in Commodity Cost,3.89
7259,102-GY-T01,Pre-PQ Process,SCMS-27030,ASN-2639,Guyana,PMO - US,Direct Drop,EXW,Air,Pre-PQ Process,8/21/08,29-Oct-08,13-Oct-08,13-Oct-08,HRDT,HIV test - Ancillary,"Orgenics, Ltd","HIV, Lancet, Safety, for HIV Test kits, 100 Pcs","HIV, Lancet, Safety, for HIV Test kits, 100 Pcs",Generic,N/A,Test kit - Ancillary,100,213,2.13,0.01,0,Inverness Japan,Yes,14,180,0
7260,133-NG-T01,Pre-PQ Process,SCMS-27070,ASN-2353,Nigeria,PMO - US,Direct Drop,EXW,Air,Pre-PQ Process,8/21/08,12-Sep-08,3-Sep-08,3-Sep-08,HRDT,HIV test - Ancillary,"Orgenics, Ltd","HIV, Lancet, Safety, for HIV Test kits, 100 Pcs","HIV, Lancet, Safety, for HIV Test kits, 100 Pcs",Generic,N/A,Test kit - Ancillary,100,6875,68.75,0.01,0,Inverness Japan,Yes,Weight Captured Separately,Invoiced Separately,0.11
7276,117-ET-T01,Pre-PQ Process,SCMS-27810,ASN-2591,Ethiopia,PMO - US,Direct Drop,EXW,Air,Pre-PQ Process,7/31/08,6-Oct-08,6-Oct-08,6-Oct-08,HRDT,HIV test,"Trinity Biotech, Plc","HIV 1/2, Uni-Gold HIV Kit, 20 Tests","HIV 1/2, Uni-Gold HIV Kit",Uni-Gold,N/A,Test kit,20,4200,134400,32,1.6,"Trinity Biotech, Plc",Yes,1413,18180.65,215.04
7321,111-MZ-T01,Pre-PQ Process,SCMS-28730,ASN-2658,Mozambique,PMO - US,Direct Drop,EXW,Air,Pre-PQ Process,8/26/08,1-Nov-08,1-Nov-08,1-Nov-08,HRDT,HIV test,"Orgenics, Ltd","HIV 1/2, Determine HIV Kit, without Lancets, 100 Tests","HIV 1/2, Determine HIV Kit, without Lancets",Determine,N/A,Test kit,100,7690,553603.1,71.99,0.72,Inverness Japan,No,See ASN-2658 (ID#:4650),See ASN-2658 (ID#:4650),1085.06
7325,116-ZA-T01,Pre-PQ Process,SCMS-28830,ASN-2502,South Africa,PMO - US,Direct Drop,DDP,Truck,Pre-PQ Process,Date Not Captured,25-Aug-08,18-Aug-08,18-Aug-08,ARV,Adult,S. BUYS WHOLESALER,"Nevirapine 200mg, tablets, 60 Tabs",Nevirapine,Generic,200mg,Tablet,60,240,4860,20.25,0.34,"Cipla, Goa, India",No,Weight Captured Separately,Freight Included in Commodity Cost,7.78
7326,116-ZA-T01,Pre-PQ Process,SCMS-28830,ASN-2503,South Africa,PMO - US,Direct Drop,DDP,Truck,Pre-PQ Process,Date Not Captured,25-Aug-08,14-Aug-08,14-Aug-08,ARV,Pediatric,S. BUYS WHOLESALER,"Stavudine 1mg/ml [Zerit], powder for oral solution, Bottle, 200 ml",Stavudine,Zerit,1mg/ml,Powder for oral solution,200,120,176.4,1.47,0.01,"BMS Meymac, France",No,Weight Captured Separately,Freight Included in Commodity Cost,0.28
7327,116-ZA-T01,Pre-PQ Process,SCMS-28830,ASN-2503,South Africa,PMO - US,Direct Drop,DDP,Truck,Pre-PQ Process,Date Not Captured,25-Aug-08,14-Aug-08,14-Aug-08,ARV,Adult,S. BUYS WHOLESALER,"Lamivudine 150mg [Epivir], tablets, 60 Tabs",Lamivudine,Epivir,150mg,Tablet,60,1500,7965,5.31,0.09,GSK Cape Town Factory (South Africa),No,Weight Captured Separately,Freight Included in Commodity Cost,12.74
7338,104-CI-T01,Pre-PQ Process,SCMS-29330,ASN-2923,Côte d'Ivoire,PMO - US,Direct Drop,EXW,Air,Pre-PQ Process,9/3/08,23-Jan-09,23-Jan-09,23-Jan-09,ACT,ACT,IDA FOUNDATION,"Artesunate+Amodiaquine 50+153mg, tablets, co-blister 12+12 Tabs",Artesunate+Amodiaquine,Generic,50+153mg,Tablet - FDC + co-blister,24,25000,17500,0.7,0.03,Ipca Dadra/Nagar Haveli IN,Yes,634,8530.29,34.3
7398,104-CI-T01,Pre-PQ Process,SCMS-30410,ASN-2712,Côte d'Ivoire,PMO - US,Direct Drop,EXW,Air,Pre-PQ Process,9/18/08,24-Nov-08,24-Nov-08,24-Nov-08,HRDT,HIV test,BIO-RAD LABORATORIES (FRANCE),"#108853** HIV, Genie II HIV-1/HIV-2 Kit, 40 Tests","HIV, Genie II HIV-1/HIV-2 Kit",Genie,N/A,Test kit,40,603,45828,76,1.9,Bio-Rad Laboratories,Yes,679,9698.22,89.82
7421,119-NA-T01,Pre-PQ Process,SCMS-31190,ASN-2718,Namibia,PMO - US,Direct Drop,CIP,Air,Pre-PQ Process,9/24/08,28-Oct-08,28-Oct-08,28-Oct-08,HRDT,HIV test,"Orgenics, Ltd","HIV 1/2, Clearview Complete Kit, 25 Tests","HIV 1/2, Clearview Complete Kit",Clearview,N/A,Test kit,25,7,525,75,3,Inverness USA,Yes,3,85.27,1.03
7436,108-VN-T01,Pre-PQ Process,SCMS-31720,ASN-3312,Vietnam,PMO - US,Direct Drop,EXW,Air,Pre-PQ Process,10/21/08,27-Feb-09,27-Feb-09,27-Feb-09,ARV,Adult,Aurobindo Pharma Limited,"Nevirapine 200mg, tablets, 60 Tabs",Nevirapine,Generic,200mg,Tablet,60,7800,22620,2.9,0.05,"Aurobindo Unit III, India",No,See ASN-3312 (ID#:6081),See ASN-3312 (ID#:6081),44.34
7467,117-ET-T01,Pre-PQ Process,SCMS-32630,ASN-3154,Ethiopia,PMO - US,Direct Drop,EXW,Air,Pre-PQ Process,10/27/08,26-Jan-09,26-Jan-09,26-Jan-09,HRDT,HIV test,"SHANGHAI KEHUA BIOENGINEERING CO.,LTD.  (KHB)","HIV 1/2, SKB Colloidal Gold, Diagnostic Kit, Antibody, 50 Tests","HIV 1/2, Colloidal Gold, Diagnostic Kit, Antibody",Colloidal Gold,N/A,Test kit,1,3510,80730,23,23,"KHB Test Kit Facility, Shanghai China",Yes,2535,20083.74,158.23
7468,117-ET-T01,Pre-PQ Process,SCMS-32640,ASN-2933,Ethiopia,PMO - US,Direct Drop,EXW,Air,Pre-PQ Process,10/27/08,3-Dec-08,1-Dec-08,1-Dec-08,HRDT,HIV test,"SHANGHAI KEHUA BIOENGINEERING CO.,LTD.  (KHB)","HIV 1/2, SKB Colloidal Gold, Diagnostic Kit, Antibody, 50 Tests","HIV 1/2, Colloidal Gold, Diagnostic Kit, Antibody",Colloidal Gold,N/A,Test kit,1,3510,80730,23,23,"KHB Test Kit Facility, Shanghai China",Yes,2535,23035.69,158.23
7469,117-ET-T01,Pre-PQ Process,SCMS-32640,ASN-2934,Ethiopia,PMO - US,Direct Drop,EXW,Air,Pre-PQ Process,10/27/08,3-Dec-08,1-Dec-08,1-Dec-08,HRDT,HIV test,"SHANGHAI KEHUA BIOENGINEERING CO.,LTD.  (KHB)","HIV 1/2, SKB Colloidal Gold, Diagnostic Kit, Antibody, 50 Tests","HIV 1/2, Colloidal Gold, Diagnostic Kit, Antibody",Colloidal Gold,N/A,Test kit,1,3510,80730,23,23,"KHB Test Kit Facility, Shanghai China",Yes,2535,23035.69,158.23
7475,116-ZA-T01,Pre-PQ Process,SCMS-33320,ASN-3553,South Africa,PMO - US,Direct Drop,DDP,Truck,Pre-PQ Process,Date Not Captured,17-May-09,9-Oct-08,9-Oct-08,ARV,Adult,S. BUYS WHOLESALER,"Zidovudine 300mg [Retrovir], tablets, 60 Tabs",Zidovudine,Retrovir,300mg,Tablet,60,350,4417,12.62,0.21,GSK Aranda,No,Weight Captured Separately,Freight Included in Commodity Cost,8.66
7476,116-ZA-T01,Pre-PQ Process,SCMS-33320,ASN-3553,South Africa,PMO - US,Direct Drop,DDP,Truck,Pre-PQ Process,Date Not Captured,17-May-09,9-Oct-08,9-Oct-08,ARV,Adult,S. BUYS WHOLESALER,"Lamivudine 150mg [Epivir], tablets, 60 Tabs",Lamivudine,Epivir,150mg,Tablet,60,1200,5772,4.81,0.08,GSK Cape Town Factory (South Africa),No,Weight Captured Separately,Freight Included in Commodity Cost,11.31
7477,116-ZA-T01,Pre-PQ Process,SCMS-33320,ASN-3553,South Africa,PMO - US,Direct Drop,DDP,Truck,Pre-PQ Process,Date Not Captured,17-May-09,9-Oct-08,9-Oct-08,ARV,Pediatric,S. BUYS WHOLESALER,"Didanosine 25mg [Videx], chewable tablets, 60 Tabs",Didanosine,Videx,25mg,Chewable/dispersible tablet,60,10,123.1,12.31,0.21,"BMS Meymac, France",No,Weight Captured Separately,Freight Included in Commodity Cost,0.24
7607,108-VN-T01,Pre-PQ Process,SCMS-37160,ASN-3561,Vietnam,PMO - US,Direct Drop,EXW,Air,Pre-PQ Process,1/16/09,7-Apr-09,7-Apr-09,7-Apr-09,ARV,Adult,Aurobindo Pharma Limited,"Lamivudine/Zidovudine 150/300mg, tablets, 60 Tabs",Lamivudine/Zidovudine,Generic,150/300mg,Tablet - FDC,60,4032,34715.52,8.61,0.14,"Aurobindo Unit III, India",No,See ASN-3561 (ID#:2297),See ASN-3561 (ID#:2297),68.04
7638,109-TZ-T01,Pre-PQ Process,SCMS-38400,ASN-3694,Tanzania,PMO - US,Direct Drop,FCA,Air,Pre-PQ Process,2/5/09,27-May-09,27-May-09,27-May-09,ARV,Adult,ABBVIE LOGISTICS (FORMERLY ABBOTT LOGISTICS BV),"Lopinavir/Ritonavir 200/50mg [Aluvia], tablets, 120 Tabs",Lopinavir/Ritonavir,Aluvia,200/50mg,Tablet,120,12560,516216,41.1,0.34,ABBVIE Ludwigshafen Germany,Yes,3073,12815.42,1011.78
7675,104-CI-T01,Pre-PQ Process,SCMS-39420,ASN-3632,Côte d'Ivoire,PMO - US,Direct Drop,EXW,Air,Pre-PQ Process,2/24/09,24-Mar-09,24-Mar-09,24-Mar-09,HRDT,HIV test,"Orgenics, Ltd","HIV 1/2, Determine HIV Kit, without Lancets, 100 Tests","HIV 1/2, Determine HIV Kit, without Lancets",Determine,N/A,Test kit,100,2000,140000,70,0.7,Inverness Japan,Yes,453,8603.58,274.4
7695,106-HT-T01,Pre-PQ Process,SCMS-39970,ASN-3628,Haiti,PMO - US,Direct Drop,EXW,Air,Pre-PQ Process,3/6/09,2-Apr-09,2-Apr-09,2-Apr-09,ARV,Pediatric,Aurobindo Pharma Limited,"Didanosine 200mg, chewable/dispersible tablets, 60 Tabs",Didanosine,Generic,200mg,Chewable/dispersible tablet,60,40,620,15.5,0.26,"Aurobindo Unit III, India",No,See ASN-3628 (ID#:2399),See ASN-3628 (ID#:2399),1.22
7696,106-HT-T01,Pre-PQ Process,SCMS-40010,ASN-3629,Haiti,PMO - US,Direct Drop,EXW,Air,Pre-PQ Process,3/6/09,7-Apr-09,7-Apr-09,7-Apr-09,ARV,Pediatric,Aurobindo Pharma Limited,"Efavirenz 50mg, capsule, 30 Caps",Efavirenz,Generic,50mg,Capsule,30,1242,2782.08,2.24,0.07,"Aurobindo Unit III, India",Yes,96,1448.55,5.45
7708,106-HT-T01,Pre-PQ Process,SCMS-40310,ASN-3664,Haiti,PMO - US,Direct Drop,EXW,Air,Pre-PQ Process,3/9/09,24-Mar-09,24-Mar-09,24-Mar-09,HRDT,HIV test,"Trinity Biotech, Plc","HIV 1/2, Capillus HIV Kit, 100 Tests","HIV 1/2, Capillus HIV Kit",Capillus,N/A,Test kit,100,110,15290,139,1.39,"Trinity Biotech, Plc",Yes,78,1953.6,29.97
7718,116-ZA-T01,Pre-PQ Process,SCMS-40780,ASN-3607,South Africa,PMO - US,Direct Drop,DDP,Air,Pre-PQ Process,Date Not Captured,17-Mar-09,28-Nov-08,28-Nov-08,ARV,Adult,S. BUYS WHOLESALER,"Zidovudine 300mg, tablets, 60 Tabs",Zidovudine,Generic,300mg,Tablet,60,300,3699,12.33,0.21,"Aurobindo Unit III, India",No,Weight Captured Separately,Freight Included in Commodity Cost,7.25
7719,116-ZA-T01,Pre-PQ Process,SCMS-40780,ASN-3607,South Africa,PMO - US,Direct Drop,DDP,Air,Pre-PQ Process,Date Not Captured,17-Mar-09,28-Nov-08,28-Nov-08,ARV,Pediatric,S. BUYS WHOLESALER,"Zidovudine 10mg/ml, oral solution, Bottle, 240 ml",Zidovudine,Generic,10mg/ml,Oral solution,240,540,2030.4,3.76,0.02,"Aurobindo Unit III, India",No,Weight Captured Separately,Freight Included in Commodity Cost,3.98
7720,116-ZA-T01,Pre-PQ Process,SCMS-40780,ASN-3607,South Africa,PMO - US,Direct Drop,DDP,Air,Pre-PQ Process,Date Not Captured,17-Mar-09,28-Nov-08,28-Nov-08,ARV,Adult,S. BUYS WHOLESALER,"Lopinavir/Ritonavir 200/50mg [Aluvia], tablets, 120 Tabs",Lopinavir/Ritonavir,Aluvia,200/50mg,Tablet,120,1500,47880,31.92,0.27,ABBVIE Ludwigshafen Germany,No,Weight Captured Separately,Freight Included in Commodity Cost,93.84
7721,116-ZA-T01,Pre-PQ Process,SCMS-40810,ASN-3634,South Africa,PMO - US,Direct Drop,DDP,Air,Pre-PQ Process,Date Not Captured,31-Mar-09,2-Dec-08,2-Dec-08,ARV,Adult,S. BUYS WHOLESALER,"Efavirenz 600mg, tablets, 30 Tabs",Efavirenz,Generic,600mg,Tablet,30,6734,98383.74,14.61,0.49,"Cipla, Goa, India",No,Weight Captured Separately,Freight Included in Commodity Cost,192.83
7728,116-ZA-T01,Pre-PQ Process,SCMS-41050,ASN-3635,South Africa,PMO - US,Direct Drop,DDP,Air,Pre-PQ Process,Date Not Captured,21-Apr-09,5-Dec-08,5-Dec-08,ARV,Pediatric,S. BUYS WHOLESALER,"Efavirenz 50mg, capsule, 30 Caps",Efavirenz,Generic,50mg,Capsule,30,144,440.64,3.06,0.1,"Aurobindo Unit III, India",No,See ASN-3635 (ID#:3745),See ASN-3635 (ID#:3745),0.86
7729,116-ZA-T01,Pre-PQ Process,SCMS-41090,ASN-3626,South Africa,PMO - US,Direct Drop,DDP,Air,Pre-PQ Process,Date Not Captured,9-Jun-09,27-Jan-09,27-Jan-09,ARV,Pediatric,S. BUYS WHOLESALER,"Efavirenz 50mg, capsule, 30 Caps",Efavirenz,Generic,50mg,Capsule,30,2996,9197.72,3.07,0.1,"Aurobindo Unit III, India",Yes,Weight Captured Separately,Freight Included in Commodity Cost,18.03
7730,116-ZA-T01,Pre-PQ Process,SCMS-41140,ASN-3752,South Africa,PMO - US,Direct Drop,DDP,Air,Pre-PQ Process,Date Not Captured,31-Mar-09,21-Nov-08,21-Nov-08,ARV,Adult,S. BUYS WHOLESALER,"Saquinavir 200mg [Invirase], capsules, 270 Caps",Saquinavir,Invirase,200mg,Capsule,270,30,1634.7,54.49,0.2,Roche Basel,No,Weight Captured Separately,Freight Included in Commodity Cost,3.2
7731,116-ZA-T01,Pre-PQ Process,SCMS-41140,ASN-3752,South Africa,PMO - US,Direct Drop,DDP,Air,Pre-PQ Process,Date Not Captured,31-Mar-09,21-Nov-08,21-Nov-08,ARV,Pediatric,S. BUYS WHOLESALER,"Efavirenz 50mg [Stocrin/Sustiva], capsule, 30 Caps",Efavirenz,Stocrin/Sustiva,50mg,Capsule,30,400,912,2.28,0.08,"MSD Midrand, J'burg, SA",No,Weight Captured Separately,Freight Included in Commodity Cost,1.79
7732,116-ZA-T01,Pre-PQ Process,SCMS-41140,ASN-3752,South Africa,PMO - US,Direct Drop,DDP,Air,Pre-PQ Process,Date Not Captured,31-Mar-09,21-Nov-08,21-Nov-08,ARV,Pediatric,S. BUYS WHOLESALER,"Didanosine 100mg [Videx],chewable tablets, 60 Tabs",Didanosine,Videx,100mg,Chewable/dispersible tablet,60,10,100.6,10.06,0.17,"BMS Meymac, France",No,Weight Captured Separately,Freight Included in Commodity Cost,0.2
7734,116-ZA-T01,Pre-PQ Process,SCMS-41190,ASN-3732,South Africa,PMO - US,Direct Drop,DDP,Air,Pre-PQ Process,Date Not Captured,30-Mar-09,21-Jan-09,21-Jan-09,ARV,Pediatric,S. BUYS WHOLESALER,"Stavudine 1mg/ml [Zerit], powder for oral solution, Bottle, 200 ml",Stavudine,Zerit,1mg/ml,Powder for oral solution,200,650,741,1.14,0.01,"BMS Meymac, France",No,Weight Captured Separately,Freight Included in Commodity Cost,1.45
7735,116-ZA-T01,Pre-PQ Process,SCMS-41190,ASN-3732,South Africa,PMO - US,Direct Drop,DDP,Air,Pre-PQ Process,Date Not Captured,30-Mar-09,21-Jan-09,21-Jan-09,ARV,Pediatric,S. BUYS WHOLESALER,"Lamivudine 10mg/ml [Epivir], oral solution, Bottle, 240 ml",Lamivudine,Epivir,10mg/ml,Oral solution,240,350,1781.5,5.09,0.02,GSK Mississauga (Canada),No,Weight Captured Separately,Freight Included in Commodity Cost,3.49
7736,116-ZA-T01,Pre-PQ Process,SCMS-41200,ASN-3735,South Africa,PMO - US,Direct Drop,DDP,Air,Pre-PQ Process,Date Not Captured,30-Mar-09,21-Jan-09,21-Jan-09,ARV,Pediatric,S. BUYS WHOLESALER,"Lopinavir/Ritonavir 80/20mg/ml [Kaletra], oral solution, cool, Bottle 5 x 60 ml",Lopinavir/Ritonavir,Kaletra,80/20mg/ml,Oral solution,300,70,2163.7,30.91,0.1,ABBVIE (Abbott) Logis. UK,Yes,Weight Captured Separately,Freight Included in Commodity Cost,4.24
7741,116-ZA-T01,Pre-PQ Process,SCMS-41440,ASN-4180,South Africa,PMO - US,Direct Drop,DDP,Truck,Pre-PQ Process,3/18/09,14-Apr-09,14-Apr-09,14-Apr-09,ARV,Pediatric,S. BUYS WHOLESALER,"Lopinavir/Ritonavir 80/20mg/ml [Kaletra], oral solution, cool, Bottle 5 x 60 ml",Lopinavir/Ritonavir,Kaletra,80/20mg/ml,Oral solution,300,440,15831.2,35.98,0.12,ABBVIE (Abbott) Logis. UK,Yes,Weight Captured Separately,Freight Included in Commodity Cost,31.03
7748,116-ZA-T01,Pre-PQ Process,SCMS-41581,ASN-4196,South Africa,PMO - US,Direct Drop,DDP,Air,Pre-PQ Process,3/27/09,25-Jun-09,14-Apr-09,14-Apr-09,ARV,Pediatric,S. BUYS WHOLESALER,"Stavudine 1mg/ml, powder for oral solution, 200 ml",Stavudine,Generic,1mg/ml,Oral solution,200,1500,3150,2.1,0.01,"Aurobindo Unit III, India",No,Weight Captured Separately,Freight Included in Commodity Cost,6.17
7749,116-ZA-T01,Pre-PQ Process,SCMS-41584,ASN-4385,South Africa,PMO - US,Direct Drop,DDP,Air,Pre-PQ Process,3/27/09,25-Jun-09,20-Apr-09,20-Apr-09,ARV,Adult,S. BUYS WHOLESALER,"Lopinavir/Ritonavir 200/50mg [Aluvia], tablets, 120 Tabs",Lopinavir/Ritonavir,Aluvia,200/50mg,Tablet,120,2965,106680.7,35.98,0.3,ABBVIE Ludwigshafen Germany,No,Weight Captured Separately,Freight Included in Commodity Cost,209.09
7750,116-ZA-T01,Pre-PQ Process,SCMS-41585,ASN-4386,South Africa,PMO - US,Direct Drop,DDP,Air,Pre-PQ Process,3/27/09,25-Jun-09,21-Apr-09,21-Apr-09,ARV,Pediatric,S. BUYS WHOLESALER,"Lamivudine 10mg/ml [Epivir], oral solution, Bottle, 240 ml",Lamivudine,Epivir,10mg/ml,Oral solution,240,1900,10564,5.56,0.02,GSK Mississauga (Canada),No,Weight Captured Separately,Freight Included in Commodity Cost,20.71
7751,116-ZA-T01,Pre-PQ Process,SCMS-41580,ASN-4603,South Africa,PMO - US,Direct Drop,DDP,Truck,Pre-PQ Process,3/27/09,25-Jun-09,5-Jun-09,5-Jun-09,ARV,Adult,S. BUYS WHOLESALER,"Stavudine 30mg, capsules, 60 Caps",Stavudine,Generic,30mg,Capsule,60,4553,13659,3,0.05,"Aurobindo Unit III, India",No,Weight Captured Separately,Freight Included in Commodity Cost,26.77
7775,102-GY-T01,Pre-PQ Process,SCMS-42300,ASN-4318,Guyana,PMO - US,Direct Drop,EXW,Air,Pre-PQ Process,3/31/09,9-Jul-09,9-Jul-09,9-Jul-09,HRDT,HIV test,"Trinity Biotech, Plc","HIV 1/2, Uni-Gold HIV Kit, 20 Tests","HIV 1/2, Uni-Gold HIV Kit",Uni-Gold,N/A,Test kit,20,1371,43872,32,1.6,"Trinity Biotech, Plc",Yes,468,5733.61,85.99
7778,116-ZA-T01,Pre-PQ Process,SCMS-42440,ASN-4514,South Africa,PMO - US,Direct Drop,DDP,Truck,Pre-PQ Process,4/2/09,8-Jun-09,8-Jun-09,8-Jun-09,ARV,Pediatric,S. BUYS WHOLESALER,"Efavirenz 50mg, capsule, 30 Caps",Efavirenz,Generic,50mg,Capsule,30,600,1890,3.15,0.1,"Aurobindo Unit III, India",Yes,Weight Captured Separately,Freight Included in Commodity Cost,3.7
7779,116-ZA-T01,Pre-PQ Process,SCMS-47430,ASN-4244,South Africa,PMO - US,Direct Drop,DDP,Truck,Pre-PQ Process,4/2/09,15-May-09,17-Apr-09,17-Apr-09,ARV,Adult,S. BUYS WHOLESALER,"Nevirapine 200mg [Viramune], tablets, 60 Tabs",Nevirapine,Viramune,200mg,Tablet,60,300,5031,16.77,0.28,"Boehringer Ing., Koropi, GR",No,Weight Captured Separately,Freight Included in Commodity Cost,9.86
7837,108-VN-T01,Pre-PQ Process,SCMS-45080,ASN-4420,Vietnam,PMO - US,Direct Drop,EXW,Air,Pre-PQ Process,4/29/09,10-Jul-09,10-Jul-09,10-Jul-09,ARV,Adult,Aurobindo Pharma Limited,"Lamivudine 150mg, tablets, 60 Tabs",Lamivudine,Generic,150mg,Tablet,60,18000,43200,2.4,0.04,"Aurobindo Unit III, India",No,See ASN-4420 (ID#:1183),See ASN-4420 (ID#:1183),84.67
7847,119-NA-T01,Pre-PQ Process,SCMS-45620,ASN-4511,Namibia,PMO - US,Direct Drop,EXW,Air,Pre-PQ Process,5/8/09,18-Aug-09,18-Aug-09,18-Aug-09,ARV,Pediatric,CIPLA LIMITED,"Lamivudine/Nevirapine/Stavudine 30/50/6mg, dispersible tablets, 60 Tabs",Lamivudine/Nevirapine/Stavudine,Generic,30/50/6mg,Chewable/dispersible tablet - FDC,60,1812,4348.8,2.4,0.04,"Cipla, Goa, India",No,See ASN-4511 (ID#:2571),See ASN-4511 (ID#:2571),8.52
7849,114-UG-T01,Pre-PQ Process,SCMS-45660,ASN-4378,Uganda,PMO - US,Direct Drop,CIP,Air,Pre-PQ Process,5/11/09,6-Jul-09,6-Jul-09,6-Jul-09,ARV,Adult,BRISTOL-MYERS SQUIBB,"Didanosine EC 250mg [Videx EC], delayed-release capsules, Blister 3 x 10 Caps",Didanosine EC,Videx EC,250mg,Delayed-release capsules - blister,30,84,1540.56,18.34,0.61,"BMS Meymac, France",Yes,4,390.81,3.02
7857,102-BW-T01,Pre-PQ Process,SCMS-46080,ASN-4216,Botswana,PMO - US,Direct Drop,EXW,Air,Pre-PQ Process,5/18/09,7-Jul-09,7-Jul-09,7-Jul-09,HRDT,HIV test,"Orgenics, Ltd","HIV 1/2, Determine HIV Kit, without Lancets, 100 Tests","HIV 1/2, Determine HIV Kit, without Lancets",Determine,N/A,Test kit,100,15,1050,70,0.7,Inverness Japan,Yes,4,383.65,2.06
7868,109-TZ-T01,Pre-PQ Process,SCMS-46510,ASN-4696,Tanzania,PMO - US,Direct Drop,FCA,Air,Pre-PQ Process,5/28/09,25-Sep-09,25-Sep-09,25-Sep-09,ARV,Adult,Hoffmann-La Roche ltd Basel,"Saquinavir 200mg [Invirase], capsules, 270 Caps",Saquinavir,Invirase,200mg,Capsule,270,5178,461436.41,89.11,0.33,Roche Basel,Yes,2666,16751.58,904.42
7894,119-NA-T01,Pre-PQ Process,SCMS-47130,ASN-4416,Namibia,PMO - US,Direct Drop,EXW,Air,Pre-PQ Process,6/5/09,27-Jul-09,27-Jul-09,27-Jul-09,HRDT,HIV test,"Orgenics, Ltd","HIV 1/2, Determine HIV Kit, without Lancets, 100 Tests","HIV 1/2, Determine HIV Kit, without Lancets",Determine,N/A,Test kit,100,24,1680,70,0.7,Inverness Japan,Yes,6,868.31,3.29
7921,108-VN-T01,Pre-PQ Process,SCMS-19,ASN-13,Vietnam,PMO - US,Direct Drop,EXW,Air,Pre-PQ Process,Date Not Captured,3-Sep-06,3-Sep-06,3-Sep-06,ARV,Adult,Hoffmann-La Roche ltd Basel,"Nelfinavir (as mesilate) 250mg [Viracept], tablets, 270 Tabs",Nelfinavir (as mesilate),Viracept,250mg,Tablet,270,1000,164620,164.62,0.61,Roche Madrid,Yes,254,7828.28,
7922,104-CI-T01,Pre-PQ Process,SCMS-21,ASN-15,Côte d'Ivoire,PMO - US,Direct Drop,FCA,Air,Pre-PQ Process,Date Not Captured,16-Sep-06,16-Sep-06,16-Sep-06,HRDT,HIV test,Abbott GmbH & Co. KG,"HIV 1/2, Determine Complete HIV Kit, 100 Tests","HIV 1/2, Determine Complete HIV Kit",Determine,N/A,Test kit,100,500,40000,80,0.8,ABBVIE GmbH & Co.KG Wiesbaden,Yes,171,1275.12,
7926,102-NG-T01,Pre-PQ Process,SCMS-33,ASN-19,Nigeria,PMO - US,Direct Drop,DDU,N/A,Pre-PQ Process,Date Not Captured,21-Jul-06,21-Jul-06,21-Jul-06,HRDT,HIV test,ACCOUN NIGERIA LIMITED,"HIV 1/2, Determine Complete HIV Kit, 100 Tests","HIV 1/2, Determine Complete HIV Kit",Determine,N/A,Test kit,100,500,60000,120,1.2,ABBVIE (Abbott) Japan Co. Ltd.,Yes,Weight Captured Separately,Freight Included in Commodity Cost,
7929,110-ZM-T01,Pre-PQ Process,SCMS-39,ASN-37,Zambia,PMO - US,Direct Drop,FCA,Air,Pre-PQ Process,Date Not Captured,19-Sep-06,19-Sep-06,19-Sep-06,HRDT,HIV test,Abbott GmbH & Co. KG,"HIV 1/2, Determine Complete HIV Kit, 100 Tests","HIV 1/2, Determine Complete HIV Kit",Determine,N/A,Test kit,100,1000,80000,80,0.8,ABBVIE GmbH & Co.KG Wiesbaden,Yes,343,2373.73,
7939,106-HT-T01,Pre-PQ Process,SCMS-75,ASN-75,Haiti,PMO - US,Direct Drop,DDP,Air,Pre-PQ Process,Date Not Captured,15-Sep-06,15-Sep-06,15-Sep-06,HRDT,HIV test,REINBOLD EXPORT IMPORT,"HIV 1/2, Determine Complete HIV Kit, 100 Tests","HIV 1/2, Determine Complete HIV Kit",Determine,N/A,Test kit,100,150,22500,150,1.5,ABBVIE (Abbott) Japan Co. Ltd.,Yes,Weight Captured Separately,Freight Included in Commodity Cost,
7953,104-CI-T01,Pre-PQ Process,SCMS-107,ASN-69,Côte d'Ivoire,PMO - US,Direct Drop,FCA,Air,Pre-PQ Process,Date Not Captured,14-Nov-06,14-Nov-06,14-Nov-06,HRDT,HIV test,Abbott GmbH & Co. KG,"HIV 1/2, Determine Complete HIV Kit, 100 Tests","HIV 1/2, Determine Complete HIV Kit",Determine,N/A,Test kit,100,850,68000,80,0.8,ABBVIE GmbH & Co.KG Wiesbaden,Yes,291096,156.97,
7954,110-ZM-T01,Pre-PQ Process,SCMS-109,ASN-68,Zambia,PMO - US,Direct Drop,FCA,Air,Pre-PQ Process,Date Not Captured,31-Oct-06,31-Oct-06,31-Oct-06,HRDT,HIV test,Abbott GmbH & Co. KG,"HIV 1/2, Determine Complete HIV Kit, 100 Tests","HIV 1/2, Determine Complete HIV Kit",Determine,N/A,Test kit,100,1250,100000,80,0.8,ABBVIE GmbH & Co.KG Wiesbaden,Yes,426,2487.58,
7968,110-ZM-T01,Pre-PQ Process,SCMS-139,ASN-130,Zambia,PMO - US,Direct Drop,DDU,Air,Pre-PQ Process,Date Not Captured,8-Jan-07,8-Jan-07,8-Jan-07,ARV,Adult,MERCK SHARP & DOHME IDEA GMBH (FORMALLY MERCK SHARP & DOHME B.V.),"Indinavir 400mg [Crixivan], capsules, 180 Caps",Indinavir,Crixivan,400mg,Capsule,180,1307,64461.24,49.32,0.27,MSD Elkton USA,No,Weight Captured Separately,Freight Included in Commodity Cost,
7970,108-VN-T01,Pre-PQ Process,SCMS-167,ASN-270,Vietnam,PMO - US,Direct Drop,EXW,Air,Pre-PQ Process,11/14/06,14-Mar-07,14-Mar-07,14-Mar-07,ARV,Adult,SUN PHARMACEUTICAL INDUSTRIES LTD (RANBAXY LABORATORIES LIMITED),"Zidovudine 300mg, tablets, 60 Tabs",Zidovudine,Generic,300mg,Tablet,60,100,1084,10.84,0.18,"Ranbaxy, Paonta Shahib, India",No,See ASN-270 (ID#:5279),See ASN-270 (ID#:5279),
7975,114-UG-T01,Pre-PQ Process,SCMS-176,ASN-129,Uganda,PMO - US,Direct Drop,EXW,Air,Pre-PQ Process,Date Not Captured,22-Dec-06,22-Dec-06,22-Dec-06,ARV,Adult,ASPEN PHARMACARE,"Lamivudine/Zidovudine+Nevirapine 150/300+200mg, tablets, co-blister, 60+60 Tabs",Lamivudine/Zidovudine+Nevirapine,Generic,150/300+200mg,Tablet - FDC + co-blister,120,1270,26670,21,0.18,"Aspen-OSD, Port Elizabeth, SA",Yes,201,1262.91,
7983,113-ZW-T01,Pre-PQ Process,SCMS-231,ASN-139,Zimbabwe,PMO - US,Direct Drop,CIP,Air,Pre-PQ Process,Date Not Captured,18-Dec-06,18-Dec-06,18-Dec-06,ARV,Pediatric,BRISTOL-MYERS SQUIBB,"#102198**Didanosine 200mg [Videx], tablets, 60 Tabs",Didanosine,Videx,200mg,Tablet,60,425,10837.5,25.5,0.42,"BMS Meymac, France",Yes,Weight Captured Separately,Freight Included in Commodity Cost,
7984,106-HT-T01,Pre-PQ Process,SCMS-275,ASN-193,Haiti,PMO - US,Direct Drop,EXW,Air,Pre-PQ Process,Date Not Captured,23-Jan-07,23-Jan-07,23-Jan-07,HRDT,HIV test,"Trinity Biotech, Plc","HIV 1/2, Capillus HIV Kit, 100 Tests","HIV 1/2, Capillus HIV Kit",Capillus,N/A,Test kit,100,60,10500,175,1.75,Not Applicable,Yes,40,749.96,
7990,102-NG-T01,Pre-PQ Process,SCMS-344,ASN-207,Nigeria,PMO - US,Direct Drop,EXW,Air,Pre-PQ Process,Date Not Captured,15-Mar-07,5-Mar-07,5-Mar-07,HRDT,HIV test,"CHEMBIO DIAGNOSTIC SYSTEMS, INC.","HIV 1/2, Stat-Pak HIV, Kit, 20 Tests","HIV 1/2, Stat-Pak HIV, Kit",Stat-Pak,N/A,Test kit,20,2496,67392,27,1.35,Chembio Diagnostics Sys. Inc.,Yes,702,4474.15,
7991,102-NG-T01,Pre-PQ Process,SCMS-344,ASN-280,Nigeria,PMO - US,Direct Drop,EXW,Air,Pre-PQ Process,Date Not Captured,15-Mar-07,15-Mar-07,15-Mar-07,HRDT,HIV test,"CHEMBIO DIAGNOSTIC SYSTEMS, INC.","HIV 1/2, Stat-Pak HIV, Kit, 20 Tests","HIV 1/2, Stat-Pak HIV, Kit",Stat-Pak,N/A,Test kit,20,5004,135108,27,1.35,Chembio Diagnostics Sys. Inc.,Yes,1531,11731.15,
8005,102-GY-T01,Pre-PQ Process,SCMS-433,ASN-281,Guyana,PMO - US,Direct Drop,EXW,Air,Pre-PQ Process,3/1/07,27-Mar-07,27-Mar-07,27-Mar-07,HRDT,HIV test,"CHEMBIO DIAGNOSTIC SYSTEMS, INC.","HIV 1/2, Stat-Pak HIV, Kit, 20 Tests","HIV 1/2, Stat-Pak HIV, Kit",Stat-Pak,N/A,Test kit,20,50,1350,27,1.35,Chembio Diagnostics Sys. Inc.,Yes,18,378.6,
8017,100-HT-T01,Pre-PQ Process,SCMS-539,ASN-364,Haiti,PMO - US,Direct Drop,EXW,Air,Pre-PQ Process,4/4/07,3-May-07,3-May-07,3-May-07,HRDT,HIV test,Abbott GmbH & Co. KG,"HIV 1/2, Determine Complete HIV Kit, 100 Tests","HIV 1/2, Determine Complete HIV Kit",Determine,N/A,Test kit,100,1000,80000,80,0.8,ABBVIE GmbH & Co.KG Wiesbaden,Yes,343,2802.42,
8023,102-NG-T01,Pre-PQ Process,SCMS-587,ASN-417,Nigeria,PMO - US,Direct Drop,EXW,Air,Pre-PQ Process,4/30/07,31-May-07,31-May-07,31-May-07,HRDT,HIV test,Abbott GmbH & Co. KG,"HIV 1/2, Determine Complete HIV Kit, 100 Tests","HIV 1/2, Determine Complete HIV Kit",Determine,N/A,Test kit,100,2500,200000,80,0.8,ABBVIE GmbH & Co.KG Wiesbaden,Yes,851,5469.91,
8038,108-VN-T01,Pre-PQ Process,SCMS-753,ASN-781,Vietnam,PMO - US,Direct Drop,EXW,Air,Pre-PQ Process,7/4/07,15-Oct-07,15-Oct-07,15-Oct-07,ARV,Pediatric,Aurobindo Pharma Limited,"Lamivudine 10mg/ml, oral solution, Bottle, 240 ml",Lamivudine,Generic,10mg/ml,Oral solution,240,500,950,1.9,0.01,"Aurobindo Unit III, India",No,See ASN-781 (ID#:115),See ASN-781 (ID#:115),1.52
8061,109-TZ-T01,Pre-PQ Process,SCMS-10250,ASN-682,Tanzania,PMO - US,Direct Drop,EXW,Air,Pre-PQ Process,Date Not Captured,25-Oct-07,25-Oct-07,25-Oct-07,HRDT,HIV test,"Standard Diagnostics, Inc.","HIV 1/2, Bioline 3.0 Kit, Lancets, Capillary pipets, Alcohol swabs included, 25 Tests","HIV 1/2, Bioline 3.0 Kit, Lancets, Capillary pipets, Alcohol swabs included",Bioline,N/A,Test kit,25,10000,200000,20,0.8,"Standard Diagnostics, Korea",Yes,3336,28837.28,320
8062,109-TZ-T01,Pre-PQ Process,SCMS-10330,ASN-1932,Tanzania,PMO - US,Direct Drop,EXW,Air,Pre-PQ Process,5/14/08,22-Jul-08,22-Jul-08,22-Jul-08,HRDT,HIV test,"Standard Diagnostics, Inc.","HIV 1/2, Bioline 3.0 Kit, Lancets, Capillary pipets, Alcohol swabs included, 25 Tests","HIV 1/2, Bioline 3.0 Kit, Lancets, Capillary pipets, Alcohol swabs included",Bioline,N/A,Test kit,25,10000,200000,20,0.8,"Standard Diagnostics, Korea",Yes,3122,22691.75,320
8100,113-ZW-T01,Pre-PQ Process,SCMS-11690,ASN-871,Zimbabwe,PMO - US,Direct Drop,CIP,Air,Pre-PQ Process,9/28/07,10-Jan-08,10-Jan-08,10-Jan-08,HRDT,HIV test,Orasure Technologies Inc.,"HIV 1/2, OraQuick Advance HIV Rapid Antibody Kit, 100 Tests","HIV 1/2, OraQuick Advance HIV Rapid Antibody Kit",OraQuick,N/A,Test kit,100,5,1750,350,3.5,"Pacific Biotech, Thailand",Yes,Weight Captured Separately,Freight Included in Commodity Cost,2.8
8185,116-ZA-T01,Pre-PQ Process,SCMS-14050,ASN-1251,South Africa,PMO - US,Direct Drop,DDP,N/A,Pre-PQ Process,11/12/07,29-Jan-08,29-Jan-08,29-Jan-08,ARV,Pediatric,"JSI R&T INSTITUTE, INC.","Efavirenz 200mg [Stocrin/Sustiva], capsule, 90 Caps",Efavirenz,Stocrin/Sustiva,200mg,Capsule,90,60,2112,35.2,0.39,"MSD Midrand, J'burg, SA",No,Weight Captured Separately,Freight Included in Commodity Cost,3.38
8186,116-ZA-T01,Pre-PQ Process,SCMS-14050,ASN-1251,South Africa,PMO - US,Direct Drop,DDP,N/A,Pre-PQ Process,11/12/07,29-Jan-08,29-Jan-08,29-Jan-08,ARV,Adult,"JSI R&T INSTITUTE, INC.","Lamivudine 150mg [Epivir], tablets, 60 Tabs",Lamivudine,Epivir,150mg,Tablet,60,1500,9600,6.4,0.11,GSK Cape Town Factory (South Africa),No,Weight Captured Separately,Freight Included in Commodity Cost,15.36
8192,107-RW-T01,Pre-PQ Process,SCMS-14220,ASN-1305,Rwanda,PMO - US,Direct Drop,CIP,Air,Pre-PQ Process,11/21/07,28-Apr-08,11-Mar-08,11-Mar-08,ARV,Adult,CIPLA LIMITED,"Lamivudine/Nevirapine/Stavudine 150/200/30mg, tablets, 60 Tabs",Lamivudine/Nevirapine/Stavudine,Generic,150/200/30mg,Tablet - FDC,60,100000,700000,7,0.12,"Cipla, Goa, India",Yes,10303,35034.75,1120
8204,102-BW-T01,Pre-PQ Process,SCMS-14600,ASN-1154,Botswana,PMO - US,Direct Drop,CIF,Air,Pre-PQ Process,11/27/07,27-Dec-07,27-Dec-07,27-Dec-07,HRDT,HIV test,Orasure Technologies Inc.,"HIV 1/2, OraQuick Advance HIV Rapid Antibody Kit, 100 Tests","HIV 1/2, OraQuick Advance HIV Rapid Antibody Kit",OraQuick,N/A,Test kit,100,5,1750,350,3.5,"Pacific Biotech, Thailand",Yes,Weight Captured Separately,Freight Included in Commodity Cost,2.8
8207,107-RW-T01,Pre-PQ Process,SCMS-14730,ASN-1066,Rwanda,PMO - US,Direct Drop,CIP,Air,Pre-PQ Process,12/3/07,3-Jan-08,3-Jan-08,3-Jan-08,ARV,Adult,Aurobindo Pharma Limited,"Efavirenz 600mg, tablets, 30 Tabs",Efavirenz,Generic,600mg,Tablet,30,32510,381992.5,11.75,0.39,"Aurobindo Unit III, India",Yes,2791,28336.18,611.19
8209,100-KZ-T01,Pre-PQ Process,SCMS-14780,ASN-1139,Kazakhstan,PMO - US,Direct Drop,DDP,Air,Pre-PQ Process,11/30/07,23-Jan-08,23-Jan-08,23-Jan-08,HRDT,HIV test,Orasure Technologies Inc.,"HIV 1/2, OraQuick Advance HIV Rapid Antibody Kit, 100 Tests","HIV 1/2, OraQuick Advance HIV Rapid Antibody Kit",OraQuick,N/A,Test kit,100,50,17500,350,3.5,"Pacific Biotech, Thailand",Yes,Weight Captured Separately,Freight Included in Commodity Cost,28
8213,102-NG-T01,Pre-PQ Process,SCMS-15060,ASN-1366,Nigeria,PMO - US,Direct Drop,DDP,N/A,Pre-PQ Process,12/20/07,24-Jan-08,24-Jan-08,24-Jan-08,HRDT,HIV test,BUNDI INTERNATIONAL DIAGNOSTICS LTD,"HIV 1/2, Bundi Rapid HIV Kit, 25 Tests","HIV 1/2, Bundi Rapid HIV Kit",Bundi,N/A,Test kit,1,600,22500,37.5,37.5,Not Applicable,Yes,Weight Captured Separately,Freight Included in Commodity Cost,36
8218,109-TZ-T01,Pre-PQ Process,SCMS-15220,ASN-1696,Tanzania,PMO - US,Direct Drop,CIP,Air,Pre-PQ Process,12/10/07,8-May-08,8-May-08,8-May-08,ARV,Pediatric,BRISTOL-MYERS SQUIBB,"Didanosine 2g [Videx], powder for oral solution 10mg/ml, reconstitute to 200 ml",Didanosine,Videx,2g,Powder for oral solution,200,712,8964.08,12.59,0.06,"BMS Meymac, France",Yes,Weight Captured Separately,Freight Included in Commodity Cost,14.34
8231,100-HT-T01,Pre-PQ Process,SCMS-15470,ASN-2759,Haiti,PMO - US,Direct Drop,EXW,Air,Pre-PQ Process,1/5/08,11-Nov-08,11-Nov-08,11-Nov-08,HRDT,HIV test,"Trinity Biotech, Plc","HIV 1/2, Capillus HIV Kit, 100 Tests","HIV 1/2, Capillus HIV Kit",Capillus,N/A,Test kit,100,2,278,139,1.39,"Trinity Biotech, Plc",Yes,4,523.12,0.54
8232,106-HT-T01,Pre-PQ Process,SCMS-15510,ASN-1273,Haiti,PMO - US,Direct Drop,EXW,Air,Pre-PQ Process,Date Not Captured,11-Feb-08,11-Feb-08,11-Feb-08,HRDT,HIV test,"Trinity Biotech, Plc","HIV 1/2, Capillus HIV Kit, 100 Tests","HIV 1/2, Capillus HIV Kit",Capillus,N/A,Test kit,100,125,17375,139,1.39,"Trinity Biotech, Plc",Yes,92,1425.77,27.8
8258,116-ZA-T01,Pre-PQ Process,SCMS-16600,ASN-1520,South Africa,PMO - US,Direct Drop,DDP,N/A,Pre-PQ Process,1/4/08,21-Jan-08,4-Jan-08,4-Jan-08,ARV,Adult,"JSI R&T INSTITUTE, INC.","Lopinavir/Ritonavir 133.3/33.3mg [Kaletra], capsules, cool, 2 x 90 Caps",Lopinavir/Ritonavir,Kaletra,133.3/33.3mg,Capsule,180,400,18460,46.15,0.26,ABBVIE (Abbott) Logis. UK,No,Weight Captured Separately,Freight Included in Commodity Cost,29.54
8263,102-NG-T01,Pre-PQ Process,SCMS-16890,ASN-2267,Nigeria,PMO - US,Direct Drop,EXW,Air,Pre-PQ Process,1/29/08,19-Sep-08,20-Aug-08,20-Aug-08,HRDT,HIV test,"CHEMBIO DIAGNOSTIC SYSTEMS, INC.","HIV 1/2, Stat-Pak HIV, Kit, 20 Tests","HIV 1/2, Stat-Pak HIV, Kit",Stat-Pak,N/A,Test kit,20,6520,176040,27,1.35,Chembio Diagnostics Sys. Inc.,Yes,2224,12768.47,281.66
8264,102-NG-T01,Pre-PQ Process,SCMS-16900,ASN-1410,Nigeria,PMO - US,Direct Drop,EXW,Air,Pre-PQ Process,1/29/08,12-Mar-08,10-Mar-08,10-Mar-08,HRDT,HIV test - Ancillary,"Orgenics, Ltd","HIV, Lancet, Safety, for HIV Test kits, 100 Pcs","HIV, Lancet, Safety, for HIV Test kits, 100 Pcs",Generic,N/A,Test kit - Ancillary,100,6199,61.99,0.01,0,Inverness Japan,Yes,Weight Captured Separately,Invoiced Separately,0.1
8271,128-BJ-T01,Pre-PQ Process,SCMS-17290,ASN-1355,Benin,PMO - US,Direct Drop,EXW,Air,Pre-PQ Process,2/6/08,4-Mar-08,4-Mar-08,4-Mar-08,HRDT,HIV test,"Standard Diagnostics, Inc.","HIV 1/2, Bioline 3.0 Kit, Lancets, Capillary pipets, Alcohol swabs included, 25 Tests","HIV 1/2, Bioline 3.0 Kit, Lancets, Capillary pipets, Alcohol swabs included",Bioline,N/A,Test kit,25,232,4640,20,0.8,"Standard Diagnostics, Korea",Yes,70,1136.37,7.42
8315,106-HT-T01,Pre-PQ Process,SCMS-18270,ASN-1463,Haiti,PMO - US,Direct Drop,EXW,Air,Pre-PQ Process,2/27/08,29-Mar-08,29-Mar-08,29-Mar-08,HRDT,HIV test,Orasure Technologies Inc.,"HIV 1/2, OraQuick Advance HIV Rapid Antibody Kit, 100 Tests","HIV 1/2, OraQuick Advance HIV Rapid Antibody Kit",OraQuick,N/A,Test kit,100,30,10500,350,3.5,"Pacific Biotech, Thailand",Yes,72,2556.61,16.8
8316,104-CI-T01,Pre-PQ Process,SCMS-18330,ASN-3024,Côte d'Ivoire,PMO - US,Direct Drop,EXW,Air,Pre-PQ Process,2/27/08,18-Feb-09,18-Feb-09,18-Feb-09,HRDT,HIV test,"CHEMBIO DIAGNOSTIC SYSTEMS, INC.","HIV 1/2, Stat-Pak HIV, Kit, 20 Tests","HIV 1/2, Stat-Pak HIV, Kit",Stat-Pak,N/A,Test kit,20,289,7803,27,1.35,Chembio Diagnostics Sys. Inc.,Yes,84,1550.95,15.29
8317,111-MZ-T01,Pre-PQ Process,SCMS-18340,ASN-1747,Mozambique,PMO - US,Direct Drop,EXW,Air,Pre-PQ Process,2/27/08,9-Jul-08,9-Jul-08,9-Jul-08,HRDT,HIV test - Ancillary,"Orgenics, Ltd","HIV, Lancet, Safety, for HIV Test kits, 100 Pcs","HIV, Lancet, Safety, for HIV Test kits, 100 Pcs",Generic,N/A,Test kit - Ancillary,100,3000,30,0.01,0,Inverness Japan,Yes,Weight Captured Separately,Invoiced Separately,0.05
8344,129-KG-T01,Pre-PQ Process,SCMS-19120,ASN-2356,Kyrgyzstan,PMO - US,Direct Drop,DDP,Air,Pre-PQ Process,3/18/08,19-Sep-08,19-Sep-08,19-Sep-08,HRDT,HIV test,"Orgenics, Ltd","HIV 1/2, DoubleCheck II Kit, 40 Tests","HIV 1/2, DoubleCheck II Kit",DoubleCheck,N/A,Test kit,40,500,39500,79,1.98,Not Applicable,Yes,Weight Captured Separately,Freight Included in Commodity Cost,63.2
8378,108-VN-T01,Pre-PQ Process,SCMS-20360,ASN-2043,Vietnam,PMO - US,Direct Drop,EXW,Air,Pre-PQ Process,3/31/08,17-Jul-08,17-Jul-08,17-Jul-08,ARV,Adult,MYLAN LABORATORIES LTD (FORMERLY MATRIX LABORATORIES),"Efavirenz 600mg, tablets, 30 Tabs",Efavirenz,Generic,600mg,Tablet,30,10080,115718.4,11.48,0.38,Mylan (formerly Matrix) Nashik,Yes,772,4408.29,185.15
8407,102-NG-T01,Pre-PQ Process,SCMS-21580,ASN-1786,Nigeria,PMO - US,Direct Drop,EXW,Air,Pre-PQ Process,Date Not Captured,28-May-08,28-May-08,28-May-08,HRDT,HIV test,"Orgenics, Ltd","HIV 1/2, Determine HIV Kit, without Lancets, 100 Tests","HIV 1/2, Determine HIV Kit, without Lancets",Determine,N/A,Test kit,100,1130,90388.7,79.99,0.8,Inverness Japan,Yes,258,3748.24,144.62
8437,102-BW-T01,Pre-PQ Process,SCMS-22700,ASN-1908,Botswana,PMO - US,Direct Drop,EXW,Air,Pre-PQ Process,4/28/08,31-Jul-08,31-Jul-08,31-Jul-08,HRDT,HIV test,"Orgenics, Ltd","HIV 1/2, Determine HIV Kit, without Lancets, 100 Tests","HIV 1/2, Determine HIV Kit, without Lancets",Determine,N/A,Test kit,100,100,7199,71.99,0.72,Inverness Japan,Yes,28,641.06,11.52
8438,102-BW-T01,Pre-PQ Process,SCMS-22700,ASN-1909,Botswana,PMO - US,Direct Drop,EXW,Air,Pre-PQ Process,4/28/08,31-Jul-08,11-Jul-08,11-Jul-08,HRDT,HIV test - Ancillary,"Orgenics, Ltd","HIV, Lancet, Safety, for HIV Test kits, 100 Pcs","HIV, Lancet, Safety, for HIV Test kits, 100 Pcs",Generic,N/A,Test kit - Ancillary,100,100,1,0.01,0,Inverness Japan,Yes,Weight Captured Separately,Invoiced Separately,0
8440,102-BW-T01,Pre-PQ Process,SCMS-22740,ASN-2400,Botswana,PMO - US,Direct Drop,EXW,Air,Pre-PQ Process,4/28/08,18-Nov-08,18-Nov-08,18-Nov-08,HRDT,HIV test,"Trinity Biotech, Plc","HIV 1/2, Uni-Gold HIV Kit, 20 Tests","HIV 1/2, Uni-Gold HIV Kit",Uni-Gold,N/A,Test kit,20,500,16000,32,1.6,"Trinity Biotech, Plc",Yes,166,1225.17,25.6
8459,108-VN-T01,Pre-PQ Process,SCMS-23300,ASN-2485,Vietnam,PMO - US,Direct Drop,EXW,Air,Pre-PQ Process,5/13/08,6-Oct-08,6-Oct-08,6-Oct-08,ARV,Adult,CIPLA LIMITED,"Lamivudine/Nevirapine/Stavudine 150/200/30mg, tablets, 60 Tabs",Lamivudine/Nevirapine/Stavudine,Generic,150/200/30mg,Tablet - FDC,60,9792,72460.8,7.4,0.12,"Cipla, Goa, India",Yes,836,5136.08,115.94
8460,108-VN-T01,Pre-PQ Process,SCMS-23340,ASN-2277,Vietnam,PMO - US,Direct Drop,EXW,Air,Pre-PQ Process,5/13/08,19-Sep-08,19-Sep-08,19-Sep-08,ARV,Adult,Aurobindo Pharma Limited,"Nevirapine 200mg, tablets, 60 Tabs",Nevirapine,Generic,200mg,Tablet,60,3840,12326.4,3.21,0.05,"Aurobindo Unit III, India",No,See ASN-2277 (ID#:5793),See ASN-2277 (ID#:5793),19.72
8461,108-VN-T01,Pre-PQ Process,SCMS-23440,ASN-2335,Vietnam,PMO - US,Direct Drop,EXW,Air,Pre-PQ Process,5/13/08,20-Sep-08,20-Sep-08,20-Sep-08,ARV,Adult,MYLAN LABORATORIES LTD (FORMERLY MATRIX LABORATORIES),"Zidovudine 300mg, tablets, 60 Tabs",Zidovudine,Generic,300mg,Tablet,60,432,3240,7.5,0.12,Mylan (formerly Matrix) Nashik,No,See ASN-2335 (ID#:5796),See ASN-2335 (ID#:5796),5.18
8462,108-VN-T01,Pre-PQ Process,SCMS-23450,ASN-2336,Vietnam,PMO - US,Direct Drop,EXW,Air,Pre-PQ Process,5/14/08,19-Sep-08,19-Sep-08,19-Sep-08,ARV,Adult,MYLAN LABORATORIES LTD (FORMERLY MATRIX LABORATORIES),"Lamivudine 150mg, tablets, 60 Tabs",Lamivudine,Generic,150mg,Tablet,60,14364,37346.4,2.6,0.04,Mylan (formerly Matrix) Nashik,No,See ASN-2336 (ID#:530),See ASN-2336 (ID#:530),59.75
8463,116-ZA-T01,Pre-PQ Process,SCMS-23500,ASN-2293,South Africa,PMO - US,Direct Drop,DDP,Truck,Pre-PQ Process,Date Not Captured,20-Aug-08,8-May-08,8-May-08,ARV,Adult,S. BUYS WHOLESALER,"Stavudine 40mg [Zerit], capsules, 60 Caps",Stavudine,Zerit,40mg,Capsule,60,100,517,5.17,0.09,"BMS Meymac, France",No,Weight Captured Separately,Freight Included in Commodity Cost,0.83
8464,116-ZA-T01,Pre-PQ Process,SCMS-23500,ASN-2293,South Africa,PMO - US,Direct Drop,DDP,Truck,Pre-PQ Process,Date Not Captured,20-Aug-08,8-May-08,8-May-08,ARV,Adult,S. BUYS WHOLESALER,"Didanosine EC 400mg [Videx EC], delayed-release capsules, Blister 3 x 10 Caps",Didanosine EC,Videx EC,400mg,Delayed-release capsules - blister,30,80,1968,24.6,0.82,"BMS Meymac, France",No,Weight Captured Separately,Freight Included in Commodity Cost,3.15
8465,116-ZA-T01,Pre-PQ Process,SCMS-23500,ASN-2293,South Africa,PMO - US,Direct Drop,DDP,Truck,Pre-PQ Process,Date Not Captured,20-Aug-08,8-May-08,8-May-08,ARV,Pediatric,S. BUYS WHOLESALER,"Efavirenz 50mg [Stocrin/Sustiva], capsule, 30 Caps",Efavirenz,Stocrin/Sustiva,50mg,Capsule,30,240,717.6,2.99,0.1,"MSD Midrand, J'burg, SA",No,Weight Captured Separately,Freight Included in Commodity Cost,1.15
8470,125-HT-T01,Pre-PQ Process,SCMS-23580,ASN-1821,Haiti,PMO - US,Direct Drop,EXW,Air,Pre-PQ Process,5/13/08,6-Jun-08,6-Jun-08,6-Jun-08,HRDT,HIV test,"Trinity Biotech, Plc","HIV 1/2, Capillus HIV Kit, 100 Tests","HIV 1/2, Capillus HIV Kit",Capillus,N/A,Test kit,100,4,556,139,1.39,"Trinity Biotech, Plc",Yes,3,1808.19,0.89
8475,106-HT-T01,Pre-PQ Process,SCMS-23790,ASN-2146,Haiti,PMO - US,Direct Drop,CIP,Air,Pre-PQ Process,5/20/08,20-Aug-08,20-Aug-08,20-Aug-08,HRDT,HIV test,Orasure Technologies Inc.,"HIV 1/2, OraQuick Advance HIV Rapid Antibody Kit, 100 Tests","HIV 1/2, OraQuick Advance HIV Rapid Antibody Kit",OraQuick,N/A,Test kit,100,54,18900,350,3.5,"Pacific Biotech, Thailand",Yes,Weight Captured Separately,Freight Included in Commodity Cost,30.24
8554,110-ZM-T01,Pre-PQ Process,SCMS-25710,ASN-2843,Zambia,PMO - US,Direct Drop,EXW,Air,Pre-PQ Process,6/20/08,18-Nov-08,18-Nov-08,18-Nov-08,HRDT,HIV test,"Standard Diagnostics, Inc.","HIV 1/2, Bioline 3.0 Kit, Lancets, Capillary pipets, Alcohol swabs included, 25 Tests","HIV 1/2, Bioline 3.0 Kit, Lancets, Capillary pipets, Alcohol swabs included",Bioline,N/A,Test kit,25,500,10000,20,0.8,"Standard Diagnostics, Korea",Yes,157,1754.04,19.6
8590,116-ZA-T01,Pre-PQ Process,SCMS-26820,ASN-2488,South Africa,PMO - US,Direct Drop,DDP,Truck,Pre-PQ Process,Date Not Captured,10-Jul-08,8-Jul-08,8-Jul-08,ARV,Pediatric,S. BUYS WHOLESALER,"Lopinavir/Ritonavir 80/20mg/ml [Kaletra], oral solution, cool, Bottle 5 x 60 ml",Lopinavir/Ritonavir,Kaletra,80/20mg/ml,Oral solution,300,10,354.6,35.46,0.12,ABBVIE (Abbott) Logis. UK,No,Weight Captured Separately,Freight Included in Commodity Cost,0.57
8603,108-VN-T01,Pre-PQ Process,SCMS-27300,ASN-2855,Vietnam,PMO - US,Direct Drop,FCA,Air,Pre-PQ Process,7/24/08,3-Dec-08,3-Dec-08,3-Dec-08,ARV,Adult,ABBVIE LOGISTICS (FORMERLY ABBOTT LOGISTICS BV),"Lopinavir/Ritonavir 200/50mg [Aluvia], tablets, 120 Tabs",Lopinavir/Ritonavir,Aluvia,200/50mg,Tablet,120,1080,88776,82.2,0.68,ABBVIE Ludwigshafen Germany,Yes,259,2985.93,174
8604,108-VN-T01,Pre-PQ Process,SCMS-27310,ASN-2809,Vietnam,PMO - US,Direct Drop,EXW,Air,Pre-PQ Process,7/24/08,24-Nov-08,24-Nov-08,24-Nov-08,ARV,Adult,Aurobindo Pharma Limited,"Abacavir 300mg, tablets, 60 Tabs",Abacavir,Generic,300mg,Tablet,60,380,8930,23.5,0.39,"Aurobindo Unit III, India",No,See ASN-2809 (ID#:1955),See ASN-2809 (ID#:1955),17.5
8605,108-VN-T01,Pre-PQ Process,SCMS-27320,ASN-2792,Vietnam,PMO - US,Direct Drop,EXW,Air,Pre-PQ Process,7/24/08,21-Nov-08,21-Nov-08,21-Nov-08,ARV,Adult,Aurobindo Pharma Limited,"Lamivudine/Nevirapine/Zidovudine 150/200/300mg, tablets, 60 Tabs",Lamivudine/Nevirapine/Zidovudine,Generic,150/300/200mg,Tablet - FDC,60,2200,25080,11.4,0.19,"Aurobindo Unit III, India",No,See ASN-2792 (ID#:5936),See ASN-2792 (ID#:5936),49.16
8616,106-HT-T01,Pre-PQ Process,SCMS-27880,ASN-2378,Haiti,PMO - US,Direct Drop,FCA,Air,Pre-PQ Process,8/5/08,29-Sep-08,29-Sep-08,29-Sep-08,ARV,Pediatric,ABBVIE LOGISTICS (FORMERLY ABBOTT LOGISTICS BV),"Lopinavir/Ritonavir 100/25mg [Aluvia], tablets, 60 Tabs",Lopinavir/Ritonavir,Generic,100/25mg,Tablet,60,20,205.6,10.28,0.17,ABBVIE Ludwigshafen Germany,Yes,19,658.68,0.33
8642,117-ET-T01,Pre-PQ Process,SCMS-28710,ASN-2575,Ethiopia,PMO - US,Direct Drop,EXW,Air,Pre-PQ Process,8/22/08,7-Oct-08,6-Oct-08,6-Oct-08,HRDT,HIV test,"SHANGHAI KEHUA BIOENGINEERING CO.,LTD.  (KHB)","HIV 1/2, SKB Colloidal Gold, Diagnostic Kit, Antibody, 50 Tests","HIV 1/2, Colloidal Gold, Diagnostic Kit, Antibody",Colloidal Gold,N/A,Test kit,1,7002,161046,23,23,"KHB Test Kit Facility, Shanghai China",Yes,5057,44347.71,257.67
8645,116-ZA-T01,Pre-PQ Process,SCMS-28830,ASN-2503,South Africa,PMO - US,Direct Drop,DDP,Truck,Pre-PQ Process,Date Not Captured,25-Aug-08,14-Aug-08,14-Aug-08,ARV,Adult,S. BUYS WHOLESALER,"Efavirenz 600mg, tablets, 30 Tabs",Efavirenz,Generic,600mg,Tablet,30,1500,24300,16.2,0.54,"Cipla, Goa, India",No,Weight Captured Separately,Freight Included in Commodity Cost,38.88
8646,116-ZA-T01,Pre-PQ Process,SCMS-28830,ASN-2503,South Africa,PMO - US,Direct Drop,DDP,Truck,Pre-PQ Process,Date Not Captured,25-Aug-08,14-Aug-08,14-Aug-08,ARV,Pediatric,S. BUYS WHOLESALER,"Efavirenz 50mg [Stocrin/Sustiva], capsule, 30 Caps",Efavirenz,Stocrin/Sustiva,50mg,Capsule,30,200,572,2.86,0.1,"MSD Midrand, J'burg, SA",No,Weight Captured Separately,Freight Included in Commodity Cost,0.92
8648,133-NG-T01,Pre-PQ Process,SCMS-28870,ASN-2794,Nigeria,PMO - US,Direct Drop,EXW,Air,Pre-PQ Process,8/26/08,15-Jan-09,20-Nov-08,20-Nov-08,HRDT,HIV test,"CHEMBIO DIAGNOSTIC SYSTEMS, INC.","HIV 1/2, Stat-Pak HIV, Kit, 20 Tests","HIV 1/2, Stat-Pak HIV, Kit",Stat-Pak,N/A,Test kit,20,10594,286038,27,1.35,Chembio Diagnostics Sys. Inc.,Yes,3039,24025.77,560.63
8692,131-NG-T01,Pre-PQ Process,SCMS-30500,ASN-2896,Nigeria,PMO - US,Direct Drop,CIP,Air,Pre-PQ Process,9/23/08,10-Mar-09,24-Nov-08,24-Nov-08,ARV,Adult,MERCK SHARP & DOHME IDEA GMBH (FORMALLY MERCK SHARP & DOHME B.V.),"Efavirenz/Emtricitabine/Tenofovir Disoproxil Fumarate 600/200/300mg [Atripla], tablets, 30 Tabs",Efavirenz/Emtricitabine/Tenofovir Disoproxil Fumarate,Atripla,600/200/300mg,Tablet - FDC,30,2000,100800,50.4,1.68,"MSD, Haarlem, NL",Yes,169,924.4,197.57
8693,131-NG-T01,Pre-PQ Process,SCMS-30501,ASN-3706,Nigeria,PMO - US,Direct Drop,CIP,Air,Pre-PQ Process,9/23/08,10-Mar-09,10-Mar-09,10-Mar-09,ARV,Adult,MERCK SHARP & DOHME IDEA GMBH (FORMALLY MERCK SHARP & DOHME B.V.),"Efavirenz/Emtricitabine/Tenofovir Disoproxil Fumarate 600/200/300mg [Atripla], tablets, 30 Tabs",Efavirenz/Emtricitabine/Tenofovir Disoproxil Fumarate,Atripla,600/200/300mg,Tablet - FDC,30,3991,201146.4,50.4,1.68,"MSD, Haarlem, NL",Yes,Weight Captured Separately,Freight Included in Commodity Cost,394.25
8713,102-BW-T01,Pre-PQ Process,SCMS-31360,ASN-2737,Botswana,PMO - US,Direct Drop,EXW,Air,Pre-PQ Process,10/2/08,20-Nov-08,20-Nov-08,20-Nov-08,HRDT,HIV test - Ancillary,Orasure Technologies Inc.,"#109435**HIV, OraQuick Controls Kit, 3 Vials","HIV, OraQuick Controls Kit, 3 Vials",OraQuick,N/A,Test kit - Ancillary,3,10,152.5,15.25,5.08,"Orasure Technologies, Inc USA",Yes,7,526.05,0.3
8714,110-ZM-T01,Pre-PQ Process,SCMS-31390,ASN-3508,Zambia,PMO - US,Direct Drop,EXW,Air,Pre-PQ Process,10/2/08,18-Mar-09,18-Mar-09,18-Mar-09,HRDT,HIV test - Ancillary,"Orgenics, Ltd","HIV, Lancet, Safety, for HIV Test kits, 100 Pcs","HIV, Lancet, Safety, for HIV Test kits, 100 Pcs",Generic,N/A,Test kit - Ancillary,100,5500,55,0.01,0,Inverness Japan,No,See ASN-3508 (ID#:3441),See ASN-3508 (ID#:3441),0.11
8735,111-MZ-T01,Pre-PQ Process,SCMS-31750,ASN-3507,Mozambique,PMO - US,Direct Drop,EXW,Air,Pre-PQ Process,10/14/08,14-Apr-09,14-Apr-09,14-Apr-09,HRDT,HIV test,"Orgenics, Ltd","HIV 1/2, Determine Complete HIV Kit, 100 Tests","HIV 1/2, Determine Complete HIV Kit",Determine,N/A,Test kit,100,4800,345600,72,0.72,Inverness Japan,Yes,1417,13093.27,677.38
8737,119-NA-T01,Pre-PQ Process,SCMS-31790,ASN-2947,Namibia,PMO - US,Direct Drop,EXW,Air,Pre-PQ Process,10/14/08,22-Dec-08,22-Dec-08,22-Dec-08,HRDT,HIV test,"Trinity Biotech, Plc","HIV 1/2, Uni-Gold HIV Kit, 20 Tests","HIV 1/2, Uni-Gold HIV Kit",Uni-Gold,N/A,Test kit,20,650,20800,32,1.6,"Trinity Biotech, Plc",Yes,278,7936.81,40.77
8738,119-NA-T01,Pre-PQ Process,SCMS-31800,ASN-3210,Namibia,PMO - US,Direct Drop,EXW,Air,Pre-PQ Process,10/14/08,23-Jan-09,23-Jan-09,23-Jan-09,HRDT,HIV test,"Orgenics, Ltd","HIV 1/2, Clearview Complete Kit, 25 Tests","HIV 1/2, Clearview Complete Kit",Clearview,N/A,Test kit,25,20,1500,75,3,Inverness USA,Yes,9,1153.43,2.94
8760,141-NA-T01,Pre-PQ Process,SCMS-32420,ASN-3079,Namibia,PMO - US,Direct Drop,EXW,Air,Pre-PQ Process,10/24/08,14-Jan-09,14-Jan-09,14-Jan-09,HRDT,HIV test,"Trinity Biotech, Plc","HIV 1/2, Uni-Gold HIV Kit, 20 Tests","HIV 1/2, Uni-Gold HIV Kit",Uni-Gold,N/A,Test kit,20,35,1120,32,1.6,"Trinity Biotech, Plc",Yes,12,585.12,2.2
8770,117-ET-T01,Pre-PQ Process,SCMS-32640,ASN-2936,Ethiopia,PMO - US,Direct Drop,EXW,Air,Pre-PQ Process,10/27/08,3-Dec-08,1-Dec-08,1-Dec-08,HRDT,HIV test,"SHANGHAI KEHUA BIOENGINEERING CO.,LTD.  (KHB)","HIV 1/2, SKB Colloidal Gold, Diagnostic Kit, Antibody, 50 Tests","HIV 1/2, Colloidal Gold, Diagnostic Kit, Antibody",Colloidal Gold,N/A,Test kit,1,3470,79810,23,23,"KHB Test Kit Facility, Shanghai China",Yes,2509,22803.8,156.43
8802,109-TZ-T01,Pre-PQ Process,SCMS-34430,ASN-3699,Tanzania,PMO - US,Direct Drop,EXW,Air,Pre-PQ Process,12/2/08,17-May-09,17-May-09,17-May-09,HRDT,HIV test,"Trinity Biotech, Plc","HIV 1/2, Uni-Gold HIV Kit, 20 Tests","HIV 1/2, Uni-Gold HIV Kit",Uni-Gold,N/A,Test kit,20,839,26848,32,1.6,"Trinity Biotech, Plc",Yes,277,3146.63,52.62
8803,109-TZ-T01,Pre-PQ Process,SCMS-34690,ASN-3853,Tanzania,PMO - US,Direct Drop,CIP,Air,Pre-PQ Process,12/30/08,15-Jun-09,15-Jun-09,15-Jun-09,ARV,Adult,MERCK SHARP & DOHME IDEA GMBH (FORMALLY MERCK SHARP & DOHME B.V.),"Efavirenz/Emtricitabine/Tenofovir Disoproxil Fumarate 600/200/300mg [Atripla], tablets, 30 Tabs",Efavirenz/Emtricitabine/Tenofovir Disoproxil Fumarate,Atripla,600/200/300mg,Tablet - FDC,30,2680,135072,50.4,1.68,"MSD, Haarlem, NL",No,See ASN-3853 (ID#:4824),See ASN-3853 (ID#:4824),264.74
8864,109-TZ-T01,Pre-PQ Process,SCMS-36490,ASN-3170,Tanzania,PMO - US,Direct Drop,FCA,Air,Pre-PQ Process,12/30/08,23-Feb-09,23-Feb-09,23-Feb-09,ARV,Adult,ABBVIE LOGISTICS (FORMERLY ABBOTT LOGISTICS BV),"Lopinavir/Ritonavir 200/50mg [Aluvia], tablets, 120 Tabs",Lopinavir/Ritonavir,Aluvia,200/50mg,Tablet,120,12500,513750,41.1,0.34,ABBVIE Ludwigshafen Germany,Yes,3088,12937.16,1006.95
8892,108-VN-T01,Pre-PQ Process,SCMS-37200,ASN-3630,Vietnam,PMO - US,Direct Drop,EXW,Air,Pre-PQ Process,1/16/09,9-Apr-09,9-Apr-09,9-Apr-09,ARV,Adult,MYLAN LABORATORIES LTD (FORMERLY MATRIX LABORATORIES),"Zidovudine 300mg, tablets, 60 Tabs",Zidovudine,Generic,300mg,Tablet,60,168,1260,7.5,0.12,Mylan (formerly Matrix) Nashik,Yes,9,2793.62,2.47
8893,108-VN-T01,Pre-PQ Process,SCMS-37190,ASN-3522,Vietnam,PMO - US,Direct Drop,EXW,Air,Pre-PQ Process,1/16/09,27-Mar-09,27-Mar-09,27-Mar-09,ARV,Adult,CIPLA LIMITED,"Lamivudine/Nevirapine/Stavudine 150/200/30mg, tablets, 60 Tabs",Lamivudine/Nevirapine/Stavudine,Generic,150/200/30mg,Tablet - FDC,60,24480,168912,6.9,0.12,"Cipla, Goa, India",Yes,2165,4443.97,331.07
8909,144-BW-T01,Pre-PQ Process,SCMS-38050,ASN-3424,Botswana,PMO - US,Direct Drop,EXW,Air,Pre-PQ Process,2/6/09,3-Mar-09,3-Mar-09,3-Mar-09,HRDT,HIV test,Orasure Technologies Inc.,"HIV 1/2, OraQuick Advance HIV Rapid Antibody Kit, 100 Tests","HIV 1/2, OraQuick Advance HIV Rapid Antibody Kit",OraQuick,N/A,Test kit,100,5,1750,350,3.5,"Pacific Biotech, Thailand",Yes,12,810.85,3.43
8922,109-TZ-T01,Pre-PQ Process,SCMS-38410,ASN-4381,Tanzania,PMO - US,Direct Drop,FCA,Air,Pre-PQ Process,2/5/09,11-Aug-09,11-Aug-09,11-Aug-09,ARV,Adult,ABBVIE LOGISTICS (FORMERLY ABBOTT LOGISTICS BV),"Lopinavir/Ritonavir 200/50mg [Aluvia], tablets, 120 Tabs",Lopinavir/Ritonavir,Aluvia,200/50mg,Tablet,120,60,2466,41.1,0.34,ABBVIE Ludwigshafen Germany,No,See ASN-4381 (ID#:4949),See ASN-4381 (ID#:4949),4.83
8951,107-RW-T01,Pre-PQ Process,SCMS-38680,ASN-3697,Rwanda,PMO - US,Direct Drop,EXW,Air,Pre-PQ Process,2/18/09,6-Apr-09,6-Apr-09,6-Apr-09,HRDT,HIV test,"Trinity Biotech, Plc","HIV 1/2, Uni-Gold HIV Kit, 20 Tests","HIV 1/2, Uni-Gold HIV Kit",Uni-Gold,N/A,Test kit,20,1163,37216,32,1.6,"Trinity Biotech, Plc",Yes,385,6269.97,72.94
8989,107-RW-T01,Pre-PQ Process,SCMS-30311,ASN-3852,Rwanda,PMO - US,Direct Drop,CIP,Air,Pre-PQ Process,10/21/08,21-Apr-09,21-Apr-09,21-Apr-09,ARV,Adult,CIPLA LIMITED,"Lamivudine/Zidovudine 150/300mg, tablets, 60 Tabs",Lamivudine/Zidovudine,Generic,150/300mg,Tablet - FDC,60,22752,207043.2,9.1,0.15,"Cipla, Goa, India",Yes,2086,853.87,405.8
8996,106-HT-T01,Pre-PQ Process,SCMS-39940,ASN-3753,Haiti,PMO - US,Direct Drop,FCA,Air,Pre-PQ Process,3/4/09,15-Apr-09,15-Apr-09,15-Apr-09,ARV,Pediatric,ABBVIE LOGISTICS (FORMERLY ABBOTT LOGISTICS BV),"Lopinavir/Ritonavir 100/25mg [Aluvia], tablets, 60 Tabs",Lopinavir/Ritonavir,Generic,100/25mg,Tablet,60,14,143.92,10.28,0.17,ABBVIE Ludwigshafen Germany,Yes,7,810.36,0.28
9000,106-HT-T01,Pre-PQ Process,SCMS-40050,ASN-3743,Haiti,PMO - US,Direct Drop,EXW,Air,Pre-PQ Process,3/6/09,21-Apr-09,21-Apr-09,21-Apr-09,ARV,Adult,MYLAN LABORATORIES LTD (FORMERLY MATRIX LABORATORIES),"Tenofovir Disoproxil Fumarate 300mg, tablets, 30 Tabs",Tenofovir Disoproxil Fumarate,Generic,300mg,Tablet,30,560,5040,9,0.3,Mylan (formerly Matrix) Nashik,Yes,32050,806.55,9.88
9002,106-HT-T01,Pre-PQ Process,SCMS-40060,ASN-3712,Haiti,PMO - US,Direct Drop,FCA,Air,Pre-PQ Process,3/6/09,20-Apr-09,20-Apr-09,20-Apr-09,ARV,Pediatric,ABBVIE LOGISTICS (FORMERLY ABBOTT LOGISTICS BV),"Lopinavir/Ritonavir 80/20mg/ml [Kaletra], oral solution, cool, Bottle 5 x 60 ml",Lopinavir/Ritonavir,Kaletra,80/20mg/ml,Oral solution,300,50,2055,41.1,0.14,ABBVIE (Abbott) Logis. UK,Yes,99,2704.58,4.03
9022,116-ZA-T01,Pre-PQ Process,SCMS-40800,ASN-3577,South Africa,PMO - US,Direct Drop,DDP,Air,Pre-PQ Process,Date Not Captured,24-Mar-09,1-Dec-08,1-Dec-08,ARV,Pediatric,S. BUYS WHOLESALER,"Lopinavir/Ritonavir 80/20mg/ml [Kaletra], oral solution, cool, Bottle 5 x 60 ml",Lopinavir/Ritonavir,Kaletra,80/20mg/ml,Oral solution,300,90,2834.1,31.49,0.1,ABBVIE (Abbott) Logis. UK,Yes,Weight Captured Separately,Freight Included in Commodity Cost,5.55
9023,116-ZA-T01,Pre-PQ Process,SCMS-40830,ASN-3578,South Africa,PMO - US,Direct Drop,DDP,Air,Pre-PQ Process,Date Not Captured,28-Apr-09,19-Dec-08,19-Dec-08,ARV,Adult,S. BUYS WHOLESALER,"Efavirenz 600mg, tablets, 30 Tabs",Efavirenz,Generic,600mg,Tablet,30,3710,60732.7,16.37,0.55,"Aurobindo Unit III, India",Yes,Weight Captured Separately,Freight Included in Commodity Cost,119.04
9024,116-ZA-T01,Pre-PQ Process,SCMS-40840,ASN-3779,South Africa,PMO - US,Direct Drop,DDP,Air,Pre-PQ Process,Date Not Captured,3-Apr-09,3-Apr-09,3-Apr-09,ARV,Adult,S. BUYS WHOLESALER,"Stavudine 30mg, capsules, 60 Caps",Stavudine,Generic,30mg,Capsule,60,25637,63323.39,2.47,0.04,"Aurobindo Unit III, India",Yes,Weight Captured Separately,Freight Included in Commodity Cost,124.11
9025,116-ZA-T01,Pre-PQ Process,SCMS-40870,ASN-3582,South Africa,PMO - US,Direct Drop,DDP,Air,Pre-PQ Process,Date Not Captured,30-Jun-09,30-Jan-09,30-Jan-09,ARV,Adult,S. BUYS WHOLESALER,"Lamivudine 150mg, tablets, 60 Tabs",Lamivudine,Generic,150mg,Tablet,60,1200,6564,5.47,0.09,"Aurobindo Unit III, India",Yes,Weight Captured Separately,Freight Included in Commodity Cost,12.87
9026,116-ZA-T01,Pre-PQ Process,SCMS-40880,ASN-3610,South Africa,PMO - US,Direct Drop,DDP,Air,Pre-PQ Process,Date Not Captured,7-Jul-09,2-Feb-09,2-Feb-09,ARV,Adult,S. BUYS WHOLESALER,"Lamivudine 150mg, tablets, 60 Tabs",Lamivudine,Generic,150mg,Tablet,60,16000,85280,5.33,0.09,"Aurobindo Unit III, India",No,Weight Captured Separately,Freight Included in Commodity Cost,167.15
9032,116-ZA-T01,Pre-PQ Process,SCMS-41040,ASN-3623,South Africa,PMO - US,Direct Drop,DDP,Air,Pre-PQ Process,Date Not Captured,7-Apr-09,3-Dec-08,3-Dec-08,ARV,Pediatric,S. BUYS WHOLESALER,"Lamivudine 10mg/ml [Epivir], oral solution, Bottle, 240 ml",Lamivudine,Epivir,10mg/ml,Oral solution,240,2000,10380,5.19,0.02,GSK Mississauga (Canada),No,Weight Captured Separately,Freight Included in Commodity Cost,20.34
9033,116-ZA-T01,Pre-PQ Process,SCMS-41080,ASN-3637,South Africa,PMO - US,Direct Drop,DDP,Air,Pre-PQ Process,Date Not Captured,26-May-09,22-Jan-09,22-Jan-09,ARV,Pediatric,S. BUYS WHOLESALER,"Lamivudine 10mg/ml, oral solution, Bottle, 240 ml",Lamivudine,Generic,10mg/ml,Oral solution,240,1500,5445,3.63,0.02,"Aurobindo Unit III, India",No,Weight Captured Separately,Freight Included in Commodity Cost,10.67
9034,116-ZA-T01,Pre-PQ Process,SCMS-41100,ASN-4668,South Africa,PMO - US,Direct Drop,DDP,Air,Pre-PQ Process,3/13/09,17-Jun-09,3-Apr-09,3-Apr-09,ARV,Adult,S. BUYS WHOLESALER,"Zidovudine 300mg, tablets, 60 Tabs",Zidovudine,Generic,300mg,Tablet,60,4023,46988.64,11.68,0.19,"Aurobindo Unit III, India",Yes,Weight Captured Separately,Freight Included in Commodity Cost,92.1
9036,116-ZA-T01,Pre-PQ Process,SCMS-41140,ASN-3752,South Africa,PMO - US,Direct Drop,DDP,Air,Pre-PQ Process,Date Not Captured,31-Mar-09,21-Nov-08,21-Nov-08,ARV,Adult,S. BUYS WHOLESALER,"Nevirapine 200mg, tablets, 60 Tabs",Nevirapine,Generic,200mg,Tablet,60,200,2998,14.99,0.25,"Cipla, Goa, India",No,Weight Captured Separately,Freight Included in Commodity Cost,5.88
9037,116-ZA-T01,Pre-PQ Process,SCMS-41140,ASN-3752,South Africa,PMO - US,Direct Drop,DDP,Air,Pre-PQ Process,Date Not Captured,31-Mar-09,21-Nov-08,21-Nov-08,ARV,Pediatric,S. BUYS WHOLESALER,"Efavirenz 200mg [Stocrin/Sustiva], capsule, 90 Caps",Efavirenz,Stocrin/Sustiva,200mg,Capsule,90,100,2454,24.54,0.27,"MSD Midrand, J'burg, SA",No,Weight Captured Separately,Freight Included in Commodity Cost,4.81
9038,116-ZA-T01,Pre-PQ Process,SCMS-41150,ASN-3759,South Africa,PMO - US,Direct Drop,DDP,Air,Pre-PQ Process,Date Not Captured,1-Apr-09,21-Nov-08,21-Nov-08,ARV,Pediatric,S. BUYS WHOLESALER,"Lopinavir/Ritonavir 80/20mg/ml [Kaletra], oral solution, cool, Bottle 5 x 60 ml",Lopinavir/Ritonavir,Kaletra,80/20mg/ml,Oral solution,300,80,2388.8,29.86,0.1,ABBVIE (Abbott) Logis. UK,No,Weight Captured Separately,Freight Included in Commodity Cost,4.68
9039,116-ZA-T01,Pre-PQ Process,SCMS-41190,ASN-3732,South Africa,PMO - US,Direct Drop,DDP,Air,Pre-PQ Process,Date Not Captured,30-Mar-09,21-Jan-09,21-Jan-09,ARV,Adult,S. BUYS WHOLESALER,"Lopinavir/Ritonavir 200/50mg [Aluvia], tablets, 120 Tabs",Lopinavir/Ritonavir,Aluvia,200/50mg,Tablet,120,200,6182,30.91,0.26,ABBVIE Ludwigshafen Germany,No,Weight Captured Separately,Freight Included in Commodity Cost,12.12
9040,116-ZA-T01,Pre-PQ Process,SCMS-41190,ASN-3732,South Africa,PMO - US,Direct Drop,DDP,Air,Pre-PQ Process,Date Not Captured,30-Mar-09,21-Jan-09,21-Jan-09,ARV,Pediatric,S. BUYS WHOLESALER,"Zidovudine 10mg/ml [Retrovir], oral solution, Bottle, 200 ml",Zidovudine,Retrovir,10mg/ml,Oral solution,200,140,833,5.95,0.03,GSK Mississauga (Canada),No,Weight Captured Separately,Freight Included in Commodity Cost,1.63
9041,116-ZA-T01,Pre-PQ Process,SCMS-41190,ASN-3732,South Africa,PMO - US,Direct Drop,DDP,Air,Pre-PQ Process,Date Not Captured,30-Mar-09,21-Jan-09,21-Jan-09,ARV,Adult,S. BUYS WHOLESALER,"Emtricitabine/Tenofovir Disoproxil Fumarate 200/300mg [Truvada], tablets, 30 Tabs",Emtricitabine/Tenofovir Disoproxil Fumarate,Truvada,300/200mg,Tablet - FDC,30,60,1813.2,30.22,1.01,"Aspen-OSD, Port Elizabeth, SA",No,Weight Captured Separately,Freight Included in Commodity Cost,3.55
9042,116-ZA-T01,Pre-PQ Process,SCMS-41190,ASN-3732,South Africa,PMO - US,Direct Drop,DDP,Air,Pre-PQ Process,Date Not Captured,30-Mar-09,21-Jan-09,21-Jan-09,ARV,Pediatric,S. BUYS WHOLESALER,"Nevirapine 10mg/ml [Viramune], oral suspension, Bottle, 240 ml",Nevirapine,Viramune,10mg/ml,Oral suspension,240,30,323.4,10.78,0.04,"BI, Ingelheim, Germany",No,Weight Captured Separately,Freight Included in Commodity Cost,0.63
9043,116-ZA-T01,Pre-PQ Process,SCMS-41210,ASN-3737,South Africa,PMO - US,Direct Drop,DDP,Air,Pre-PQ Process,Date Not Captured,30-Mar-09,23-Jan-09,23-Jan-09,ARV,Adult,S. BUYS WHOLESALER,"Lamivudine 150mg [Epivir], tablets, 60 Tabs",Lamivudine,Epivir,150mg,Tablet,60,1200,6012,5.01,0.08,GSK Cape Town Factory (South Africa),No,Weight Captured Separately,Freight Included in Commodity Cost,11.78
9053,116-ZA-T01,Pre-PQ Process,SCMS-41588,ASN-4359,South Africa,PMO - US,Direct Drop,DDP,Air,Pre-PQ Process,3/27/09,25-Jun-09,17-Apr-09,17-Apr-09,ARV,Pediatric,S. BUYS WHOLESALER,"Didanosine 100mg [Videx],chewable tablets, 60 Tabs",Didanosine,Videx,100mg,Chewable/dispersible tablet,60,2160,23133.6,10.71,0.18,"BMS Meymac, France",Yes,Weight Captured Separately,Freight Included in Commodity Cost,45.34
9054,116-ZA-T01,Pre-PQ Process,SCMS-41585,ASN-4386,South Africa,PMO - US,Direct Drop,DDP,Air,Pre-PQ Process,3/27/09,25-Jun-09,21-Apr-09,21-Apr-09,ARV,Adult,S. BUYS WHOLESALER,"Lamivudine 150mg [Epivir], tablets, 60 Tabs",Lamivudine,Epivir,150mg,Tablet,60,3000,16080,5.36,0.09,GSK Cape Town Factory (South Africa),No,Weight Captured Separately,Freight Included in Commodity Cost,31.52
9055,116-ZA-T01,Pre-PQ Process,SCMS-41586,ASN-4387,South Africa,PMO - US,Direct Drop,DDP,Air,Pre-PQ Process,3/27/09,25-Jun-09,15-Apr-09,15-Apr-09,ARV,Adult,S. BUYS WHOLESALER,"Nevirapine 200mg [Viramune], tablets, 60 Tabs",Nevirapine,Viramune,200mg,Tablet,60,6000,100560,16.76,0.28,"Boehringer Ing., Koropi, GR",No,Weight Captured Separately,Freight Included in Commodity Cost,197.1
9056,116-ZA-T01,Pre-PQ Process,SCMS-41587,ASN-4602,South Africa,PMO - US,Direct Drop,DDP,Air,Pre-PQ Process,3/27/09,25-Jun-09,16-Apr-09,16-Apr-09,ARV,Pediatric,S. BUYS WHOLESALER,"Didanosine 100mg [Videx],chewable tablets, 60 Tabs",Didanosine,Videx,100mg,Chewable/dispersible tablet,60,6840,73256.4,10.71,0.18,"BMS Meymac, France",No,Weight Captured Separately,Freight Included in Commodity Cost,143.58
9078,116-ZA-T01,Pre-PQ Process,SCMS-47390,ASN-4402,South Africa,PMO - US,Direct Drop,DDP,Truck,Pre-PQ Process,4/2/09,31-Jul-09,21-Apr-09,21-Apr-09,ARV,Adult,S. BUYS WHOLESALER,"Ritonavir 100mg [Norvir], capsules, cool, 84 Caps",Ritonavir,Norvir,100mg,Capsule,84,10,84,8.4,0.1,ABBVIE (Abbott) Logis. UK,No,Weight Captured Separately,Freight Included in Commodity Cost,0.16
9080,116-ZA-T01,Pre-PQ Process,SCMS-47320,ASN-4224,South Africa,PMO - US,Direct Drop,DDP,Truck,Pre-PQ Process,4/2/09,15-May-09,15-May-09,15-May-09,ARV,Adult,S. BUYS WHOLESALER,"Didanosine EC 400mg [Videx EC], delayed-release capsules, Blister 3 x 10 Caps",Didanosine EC,Videx EC,400mg,Delayed-release capsules - blister,30,80,1502.4,18.78,0.63,"BMS Meymac, France",Yes,Weight Captured Separately,Freight Included in Commodity Cost,2.94
9081,116-ZA-T01,Pre-PQ Process,SCMS-47500,ASN-4332,South Africa,PMO - US,Direct Drop,DDP,Truck,Pre-PQ Process,4/2/09,15-May-09,23-Apr-09,23-Apr-09,ARV,Pediatric,S. BUYS WHOLESALER,"Zidovudine 10mg/ml, oral solution, Bottle, 240 ml",Zidovudine,Generic,10mg/ml,Oral solution,240,200,1208,6.04,0.03,"Aurobindo Unit III, India",No,See ASN-4332 (ID#:1115),See ASN-4332 (ID#:1115),2.37
9085,104-CI-T01,Pre-PQ Process,SCMS-42600,ASN-4242,Côte d'Ivoire,PMO - US,Direct Drop,EXW,Air,Pre-PQ Process,4/2/09,1-Jul-09,1-Jul-09,1-Jul-09,HRDT,HIV test,"Standard Diagnostics, Inc.","HIV 1/2, Bioline 3.0 Kit, Lancets, Capillary pipets, Alcohol swabs included, 25 Tests","HIV 1/2, Bioline 3.0 Kit, Lancets, Capillary pipets, Alcohol swabs included",Bioline,N/A,Test kit,25,500,10000,20,0.8,"Standard Diagnostics, Korea",Yes,136,2094.08,19.6
9086,110-ZM-T01,Pre-PQ Process,SCMS-42640,ASN-4439,Zambia,PMO - US,Direct Drop,EXW,Air,Pre-PQ Process,4/2/09,23-Jul-09,23-Jul-09,23-Jul-09,HRDT,HIV test,"Orgenics, Ltd","HIV 1/2, Determine Complete HIV Kit, 100 Tests","HIV 1/2, Determine Complete HIV Kit",Determine,N/A,Test kit,100,4500,324000,72,0.72,Inverness Japan,Yes,1330,11559.65,635.04
9088,106-HT-T01,Pre-PQ Process,SCMS-42680,ASN-3808,Haiti,PMO - US,Direct Drop,EXW,Air,Pre-PQ Process,4/2/09,24-Apr-09,24-Apr-09,24-Apr-09,HRDT,HIV test,"Trinity Biotech, Plc","HIV 1/2, Capillus HIV Kit, 100 Tests","HIV 1/2, Capillus HIV Kit",Capillus,N/A,Test kit,100,150,20850,139,1.39,"Trinity Biotech, Plc",Yes,105,1894.41,40.87
9089,106-HT-T01,Pre-PQ Process,SCMS-42690,ASN-4799,Haiti,PMO - US,Direct Drop,EXW,Air,Pre-PQ Process,4/2/09,31-Aug-09,31-Aug-09,31-Aug-09,HRDT,HIV test,"Trinity Biotech, Plc","HIV 1/2, Capillus HIV Kit, 100 Tests","HIV 1/2, Capillus HIV Kit",Capillus,N/A,Test kit,100,150,20850,139,1.39,"Trinity Biotech, Plc",Yes,113,2486.15,40.87
9090,106-HT-T01,Pre-PQ Process,SCMS-42700,ASN-4005,Haiti,PMO - US,Direct Drop,EXW,Air,Pre-PQ Process,4/2/09,3-Jun-09,3-Jun-09,3-Jun-09,HRDT,HIV test,Orasure Technologies Inc.,"HIV 1/2, OraQuick Advance HIV Rapid Antibody Kit, 100 Tests","HIV 1/2, OraQuick Advance HIV Rapid Antibody Kit",OraQuick,N/A,Test kit,100,55,19250,350,3.5,"Pacific Biotech, Thailand",Yes,132,3013.19,37.73
9093,112-NG-T01,Pre-PQ Process,SCMS-42830,ASN-3984,Nigeria,PMO - US,Direct Drop,FCA,Air,Pre-PQ Process,4/1/09,20-May-09,20-May-09,20-May-09,ARV,Adult,ABBVIE LOGISTICS (FORMERLY ABBOTT LOGISTICS BV),"Lopinavir/Ritonavir 200/50mg [Aluvia], tablets, 120 Tabs",Lopinavir/Ritonavir,Aluvia,200/50mg,Tablet,120,159,6534.9,41.1,0.34,ABBVIE Ludwigshafen Germany,No,See ASN-3984 (ID#:2499),See ASN-3984 (ID#:2499),12.81
9095,102-KE-T01,Pre-PQ Process,SCMS-42981,ASN-4647,Kenya,PMO - US,Direct Drop,EXW,Air,Pre-PQ Process,5/14/09,10-Jul-09,28-Aug-09,28-Aug-09,HRDT,HIV test,"Orgenics, Ltd","HIV 1/2, Determine Complete HIV Kit, 100 Tests","HIV 1/2, Determine Complete HIV Kit",Determine,N/A,Test kit,100,7500,600000,80,0.8,Inverness Japan,Yes,2215,17974.69,1176
9096,102-KE-T01,Pre-PQ Process,SCMS-42990,ASN-3894,Kenya,PMO - US,Direct Drop,EXW,Air,Pre-PQ Process,4/4/09,20-May-09,20-May-09,20-May-09,HRDT,HIV test,"Standard Diagnostics, Inc.","HIV 1/2, Bioline 3.0 Kit, (no accessories), 30 Tests","HIV 1/2, Bioline 3.0 Kit (no accessories)",Bioline,N/A,Test kit,30,5000,120000,24,0.8,"Standard Diagnostics, Korea",Yes,1558,11653.64,235.2
9100,133-NG-T01,Pre-PQ Process,SCMS-43320,ASN-4100,Nigeria,PMO - US,Direct Drop,EXW,Air,Pre-PQ Process,4/9/09,24-Jun-09,8-Jun-09,8-Jun-09,HRDT,HIV test,"Orgenics, Ltd","HIV 1/2, Determine Complete HIV Kit, 100 Tests","HIV 1/2, Determine Complete HIV Kit",Determine,N/A,Test kit,100,1500,120000,80,0.8,Inverness Japan,Yes,445,7120,235.2
9145,139-NA-T01,Pre-PQ Process,SCMS-44710,ASN-3897,Namibia,PMO - US,Direct Drop,EXW,Air,Pre-PQ Process,4/20/09,5-Jun-09,5-Jun-09,5-Jun-09,HRDT,HIV test,"Trinity Biotech, Plc","HIV 1/2, Uni-Gold HIV Kit, 20 Tests","HIV 1/2, Uni-Gold HIV Kit",Uni-Gold,N/A,Test kit,20,600,19200,32,1.6,"Trinity Biotech, Plc",Yes,205,6148.29,37.63
9151,108-VN-T01,Pre-PQ Process,SCMS-45010,ASN-4303,Vietnam,PMO - US,Direct Drop,EXW,Air,Pre-PQ Process,4/29/09,11-Jul-09,11-Jul-09,11-Jul-09,ARV,Adult,CIPLA LIMITED,"Lamivudine/Nevirapine/Stavudine 150/200/30mg, tablets, 60 Tabs",Lamivudine/Nevirapine/Stavudine,Generic,150/200/30mg,Tablet - FDC,60,19392,130896,6.75,0.11,"Cipla, Goa, India",Yes,1899,5209.46,256.56
9154,108-VN-T01,Pre-PQ Process,SCMS-45070,ASN-4419,Vietnam,PMO - US,Direct Drop,EXW,Air,Pre-PQ Process,4/29/09,10-Jul-09,10-Jul-09,10-Jul-09,ARV,Adult,Aurobindo Pharma Limited,"Lamivudine 150mg, tablets, 60 Tabs",Lamivudine,Generic,150mg,Tablet,60,6000,14400,2.4,0.04,"Aurobindo Unit III, India",No,See ASN-4419 (ID#:3851),See ASN-4419 (ID#:3851),28.22
9173,119-NA-T01,Pre-PQ Process,SCMS-45630,ASN-4079,Namibia,PMO - US,Direct Drop,EXW,Air,Pre-PQ Process,5/8/09,8-Jun-09,8-Jun-09,8-Jun-09,ARV,Pediatric,Aurobindo Pharma Limited,"Stavudine 1mg/ml, powder for oral solution, 200 ml",Stavudine,Generic,1mg/ml,Oral solution,200,800,1072,1.34,0.01,"Aurobindo Unit III, India",Yes,98,1770.43,2.1
9179,102-BW-T01,Pre-PQ Process,SCMS-46110,ASN-4184,Botswana,PMO - US,Direct Drop,EXW,Air,Pre-PQ Process,5/18/09,19-Jun-09,19-Jun-09,19-Jun-09,HRDT,HIV test,"Trinity Biotech, Plc","HIV 1/2, Uni-Gold HIV Kit, 20 Tests","HIV 1/2, Uni-Gold HIV Kit",Uni-Gold,N/A,Test kit,20,75,2400,32,1.6,"Trinity Biotech, Plc",Yes,25,808,4.7
9187,108-VN-T01,Pre-PQ Process,SCMS-46540,ASN-4487,Vietnam,PMO - US,Direct Drop,CIP,Air,Pre-PQ Process,5/27/09,23-Jul-09,23-Jul-09,23-Jul-09,ARV,Pediatric,BRISTOL-MYERS SQUIBB,"Didanosine 25mg [Videx], chewable tablets, 60 Tabs",Didanosine,Videx,25mg,Chewable/dispersible tablet,60,80,560,7,0.12,"BMS Meymac, France",No,Weight Captured Separately,Freight Included in Commodity Cost,1.1
9200,116-ZA-T01,Pre-PQ Process,SCMS-47050,ASN-4819,South Africa,PMO - US,Direct Drop,DDP,Truck,Pre-PQ Process,6/5/09,12-Oct-09,21-Jul-09,21-Jul-09,ARV,Adult,S. BUYS WHOLESALER,"Efavirenz 600mg, tablets, 30 Tabs",Efavirenz,Generic,600mg,Tablet,30,1000,17020,17.02,0.57,"Cipla, Goa, India",No,Weight Captured Separately,Freight Included in Commodity Cost,33.36
9201,116-ZA-T01,Pre-PQ Process,SCMS-47050,ASN-4819,South Africa,PMO - US,Direct Drop,DDP,Truck,Pre-PQ Process,6/5/09,12-Oct-09,21-Jul-09,21-Jul-09,ARV,Adult,S. BUYS WHOLESALER,"Emtricitabine/Tenofovir Disoproxil Fumarate 200/300mg [Truvada], tablets, 30 Tabs",Emtricitabine/Tenofovir Disoproxil Fumarate,Truvada,300/200mg,Tablet - FDC,30,260,10670.4,41.04,1.37,"Aspen-OSD, Port Elizabeth, SA",No,Weight Captured Separately,Freight Included in Commodity Cost,20.91
9202,116-ZA-T01,Pre-PQ Process,SCMS-47052,ASN-5370,South Africa,PMO - US,Direct Drop,DDP,Truck,Pre-PQ Process,6/5/09,12-Oct-09,8-Oct-09,8-Oct-09,ARV,Pediatric,S. BUYS WHOLESALER,"Stavudine 1mg/ml, powder for oral solution, 200 ml",Stavudine,Generic,1mg/ml,Oral solution,200,1200,2796,2.33,0.01,"Aurobindo Unit III, India",Yes,Weight Captured Separately,Freight Included in Commodity Cost,6.03
9225,123-NG-T01,Pre-PQ Process,SCMS-48440,ASN-4596,Nigeria,PMO - US,Direct Drop,FCA,Air,Pre-PQ Process,7/13/09,3-Sep-09,3-Sep-09,3-Sep-09,ARV,Adult,ABBVIE LOGISTICS (FORMERLY ABBOTT LOGISTICS BV),"Lopinavir/Ritonavir 200/50mg [Aluvia], tablets, 120 Tabs",Lopinavir/Ritonavir,Aluvia,200/50mg,Tablet,120,5000,205500,41.1,0.34,ABBVIE Ludwigshafen Germany,Yes,1246,10490.77,402.78
9243,104-CI-T01,Pre-PQ Process,SCMS-29,ASN-114,Côte d'Ivoire,PMO - US,Direct Drop,EXW,Air,Pre-PQ Process,Date Not Captured,10-Oct-06,10-Oct-06,10-Oct-06,HRDT,HIV test,BIO-RAD LABORATORIES (FRANCE),"#108853** HIV, Genie II HIV-1/HIV-2 Kit, 40 Tests","HIV, Genie II HIV-1/HIV-2 Kit",Genie,N/A,Test kit,40,733,55231.55,75.35,1.88,Bio-Rad Laboratories,Yes,783,7079.25,
9252,110-ZM-T01,Pre-PQ Process,SCMS-61,ASN-43,Zambia,PMO - US,Direct Drop,EXW,Air,Pre-PQ Process,Date Not Captured,30-Sep-06,30-Sep-06,30-Sep-06,HRDT,HIV test,Abbott GmbH & Co. KG,"HIV 1/2, Determine Complete HIV Kit, 100 Tests","HIV 1/2, Determine Complete HIV Kit",Determine,N/A,Test kit,100,1250,100000,80,0.8,ABBVIE GmbH & Co.KG Wiesbaden,Yes,428,2829.61,
9253,106-HT-T01,Pre-PQ Process,SCMS-63,ASN-83,Haiti,PMO - US,Direct Drop,EXW,Air,Pre-PQ Process,Date Not Captured,18-Oct-06,18-Oct-06,18-Oct-06,HRDT,HIV test,Abbott GmbH & Co. KG,"HIV 1/2, Determine Complete HIV Kit, 100 Tests","HIV 1/2, Determine Complete HIV Kit",Determine,N/A,Test kit,100,500,40000,80,0.8,ABBVIE GmbH & Co.KG Wiesbaden,Yes,169,1215.84,
9255,108-VN-T01,Pre-PQ Process,SCMS-77,ASN-56,Vietnam,PMO - US,Direct Drop,EXW,Air,Pre-PQ Process,Date Not Captured,3-Oct-06,3-Oct-06,3-Oct-06,ARV,Adult,Aurobindo Pharma Limited,"Abacavir 300mg, tablets, 60 Tabs",Abacavir,Generic,300mg,Tablet,60,1000,44500,44.5,0.74,"Aurobindo Unit III, India",Yes,91,7878.06,
9269,105-GY-T01,Pre-PQ Process,SCMS-123,ASN-78,Guyana,PMO - US,Direct Drop,EXW,Air,Pre-PQ Process,Date Not Captured,8-Nov-06,8-Nov-06,8-Nov-06,ARV,Adult,Aurobindo Pharma Limited,"Zidovudine 300mg, tablets, 60 Tabs",Zidovudine,Generic,300mg,Tablet,60,245,2707.25,11.05,0.18,"Aurobindo Unit III, India",Yes,13,1020.6,
9279,114-UG-T01,Pre-PQ Process,SCMS-157,ASN-127,Uganda,PMO - US,Direct Drop,EXW,Air,Pre-PQ Process,Date Not Captured,21-Dec-06,21-Dec-06,21-Dec-06,ARV,Adult,Aurobindo Pharma Limited,"Efavirenz 600mg, tablets, 30 Tabs",Efavirenz,Generic,600mg,Tablet,30,5080,85090,16.75,0.56,"Aurobindo Unit III, India",No,See ASN-127 (ID#:3955),See ASN-127 (ID#:3955),
9280,110-ZM-T01,Pre-PQ Process,SCMS-163,ASN-123,Zambia,PMO - US,Direct Drop,EXW,Air,Pre-PQ Process,Date Not Captured,20-Dec-06,20-Dec-06,20-Dec-06,ARV,Adult,Aurobindo Pharma Limited,"Lamivudine/Zidovudine 150/300mg, tablets, 60 Tabs",Lamivudine/Zidovudine,Generic,150/300mg,Tablet - FDC,60,38534,423874,11,0.18,"Aurobindo Unit III, India",No,See ASN-123 (ID#:2685),See ASN-123 (ID#:2685),
9316,102-NG-T01,Pre-PQ Process,SCMS-694,ASN-582,Nigeria,PMO - US,Direct Drop,EXW,Air,Pre-PQ Process,6/6/07,6-Aug-07,6-Aug-07,6-Aug-07,HRDT,HIV test,Abbott GmbH & Co. KG,"HIV 1/2, Determine Complete HIV Kit, 100 Tests","HIV 1/2, Determine Complete HIV Kit",Determine,N/A,Test kit,100,3500,280000,80,0.8,ABBVIE GmbH & Co.KG Wiesbaden,Yes,1192,10879.22,448
9321,104-CI-T01,Pre-PQ Process,SCMS-698,ASN-727,Côte d'Ivoire,PMO - US,Direct Drop,CIP,Air,Pre-PQ Process,7/13/07,2-Oct-07,2-Oct-07,2-Oct-07,ARV,Adult,BRISTOL-MYERS SQUIBB,"Stavudine 20mg [Zerit], capsules, 60 Caps",Stavudine,Zerit,20mg,Capsule,60,1389,7833.96,5.64,0.09,"BMS Meymac, France",No,Weight Captured Separately,Freight Included in Commodity Cost,12.53
9331,108-VN-T01,Pre-PQ Process,SCMS-749,ASN-737,Vietnam,PMO - US,Direct Drop,EXW,Air,Pre-PQ Process,7/3/07,2-Oct-07,2-Oct-07,2-Oct-07,ARV,Adult,Aurobindo Pharma Limited,"Lamivudine/Nevirapine/Zidovudine 150/200/300mg, tablets, 60 Tabs",Lamivudine/Nevirapine/Zidovudine,Generic,150/300/200mg,Tablet - FDC,60,7000,94500,13.5,0.22,"Aurobindo Unit III, India",No,See ASN-737 (ID#:2765),See ASN-737 (ID#:2765),151.2
9351,109-TZ-T01,Pre-PQ Process,SCMS-10280,ASN-787,Tanzania,PMO - US,Direct Drop,EXW,Air,Pre-PQ Process,Date Not Captured,22-Nov-07,22-Nov-07,22-Nov-07,HRDT,HIV test,"Standard Diagnostics, Inc.","HIV 1/2, Bioline 3.0 Kit, Lancets, Capillary pipets, Alcohol swabs included, 25 Tests","HIV 1/2, Bioline 3.0 Kit, Lancets, Capillary pipets, Alcohol swabs included",Bioline,N/A,Test kit,25,10000,200000,20,0.8,"Standard Diagnostics, Korea",Yes,3345,29470,320
9352,109-TZ-T01,Pre-PQ Process,SCMS-10350,ASN-1933,Tanzania,PMO - US,Direct Drop,EXW,Air,Pre-PQ Process,10/23/07,22-Jul-08,22-Jul-08,22-Jul-08,HRDT,HIV test,"Standard Diagnostics, Inc.","HIV 1/2, Bioline 3.0 Kit, Lancets, Capillary pipets, Alcohol swabs included, 25 Tests","HIV 1/2, Bioline 3.0 Kit, Lancets, Capillary pipets, Alcohol swabs included",Bioline,N/A,Test kit,25,10000,200000,20,0.8,"Standard Diagnostics, Korea",Yes,3110,22663.18,320
9353,102-BW-T01,Pre-PQ Process,SCMS-10390,ASN-644,Botswana,PMO - US,Direct Drop,EXW,Air,Pre-PQ Process,7/31/07,31-Aug-07,31-Aug-07,31-Aug-07,HRDT,HIV test,Orasure Technologies Inc.,"HIV 1/2, OraQuick Advance HIV Rapid Antibody Kit, 100 Tests","HIV 1/2, OraQuick Advance HIV Rapid Antibody Kit",OraQuick,N/A,Test kit,100,10,3500,350,3.5,"Pacific Biotech, Thailand",Yes,24,1091.64,5.6
9366,108-VN-T01,Pre-PQ Process,SCMS-10980,ASN-1016,Vietnam,PMO - US,Direct Drop,EXW,Air,Pre-PQ Process,7/4/07,6-Dec-07,6-Dec-07,6-Dec-07,ARV,Pediatric,Aurobindo Pharma Limited,"Didanosine 100mg, chewable/dispersible tablets, 60 Tabs",Didanosine,Generic,100mg,Chewable/dispersible tablet,60,1300,10075,7.75,0.13,"Aurobindo Unit III, India",Yes,270,3850.43,16.12
9389,102-GY-T01,Pre-PQ Process,SCMS-11660,ASN-766,Guyana,PMO - US,Direct Drop,EXW,Air,Pre-PQ Process,8/28/07,5-Oct-07,5-Oct-07,5-Oct-07,HRDT,HIV test,"CHEMBIO DIAGNOSTIC SYSTEMS, INC.","HIV 1/2, Stat-Pak HIV, Kit, 20 Tests","HIV 1/2, Stat-Pak HIV, Kit",Stat-Pak,N/A,Test kit,20,120,3240,27,1.35,Chembio Diagnostics Sys. Inc.,Yes,35,379.62,5.18
9390,113-ZW-T01,Pre-PQ Process,SCMS-11680,ASN-746,Zimbabwe,PMO - US,Direct Drop,EXW,Air,Pre-PQ Process,8/28/07,9-Oct-07,9-Oct-07,9-Oct-07,HRDT,HIV test,Orasure Technologies Inc.,"HIV 1/2, OraQuick Advance HIV Rapid Antibody Kit, 100 Tests","HIV 1/2, OraQuick Advance HIV Rapid Antibody Kit",OraQuick,N/A,Test kit,100,10,3500,350,3.5,"Pacific Biotech, Thailand",Yes,24,536.08,5.6
9422,107-RW-T01,Pre-PQ Process,SCMS-13010,ASN-904,Rwanda,PMO - US,Direct Drop,EXW,Air,Pre-PQ Process,10/18/07,16-Nov-07,16-Nov-07,16-Nov-07,HRDT,HIV test,Premier Medical Corporation Ltd.,"HIV 1/2/O, First Response HIV 1-2.0, v.3.0 Cards Kit, 30 Tests","HIV 1/2/O, First Response HIV 1-2.0, v.3.0 Cards Kit",First Response,N/A,Test kit,30,3991,65851.5,16.5,0.55,Premier Med. Corp Ltd. India,Yes,1150,9898.8,105.36
9487,107-RW-T01,Pre-PQ Process,SCMS-14150,ASN-1085,Rwanda,PMO - US,Direct Drop,EXW,Air,Pre-PQ Process,11/19/07,18-Jan-08,18-Jan-08,18-Jan-08,HRDT,HIV test,"Trinity Biotech, Plc","HIV 1/2, Capillus HIV Kit, 100 Tests","HIV 1/2, Capillus HIV Kit",Capillus,N/A,Test kit,100,463,64357,139,1.39,"Trinity Biotech, Plc",Yes,450,4360.83,102.97
9488,107-RW-T01,Pre-PQ Process,SCMS-14150,ASN-1085,Rwanda,PMO - US,Direct Drop,EXW,Air,Pre-PQ Process,11/19/07,18-Jan-08,18-Jan-08,18-Jan-08,HRDT,HIV test,"Trinity Biotech, Plc","HIV 1/2, Capillus HIV Kit, 100 Tests","HIV 1/2, Capillus HIV Kit",Capillus,N/A,Test kit,100,300,41700,139,1.39,"Trinity Biotech, Plc",No,See ASN-1085 (ID#:9487),See ASN-1085 (ID#:9487),66.72
9489,108-VN-T01,Pre-PQ Process,SCMS-14201,ASN-1172,Vietnam,PMO - US,Direct Drop,EXW,Air,Pre-PQ Process,11/21/07,22-Jan-08,25-Jan-08,25-Jan-08,ARV,Adult,SUN PHARMACEUTICAL INDUSTRIES LTD (RANBAXY LABORATORIES LIMITED),"Zidovudine 300mg, tablets, 60 Tabs",Zidovudine,Generic,300mg,Tablet,60,600,5028,8.38,0.14,"Ranbaxy, Paonta Shahib, India",Yes,34,2127.22,8.04
9499,107-RW-T01,Pre-PQ Process,SCMS-14730,ASN-1067,Rwanda,PMO - US,Direct Drop,CIP,Air,Pre-PQ Process,12/3/07,3-Jan-08,3-Jan-08,3-Jan-08,ARV,Adult,Aurobindo Pharma Limited,"Efavirenz 600mg, tablets, 30 Tabs",Efavirenz,Generic,600mg,Tablet,30,48259,567043.25,11.75,0.39,"Aurobindo Unit III, India",Yes,4143,19088.86,907.27
9530,100-HT-T01,Pre-PQ Process,SCMS-15490,ASN-4374,Haiti,PMO - US,Direct Drop,EXW,Air,Pre-PQ Process,1/8/08,6-Jul-09,6-Jul-09,6-Jul-09,HRDT,HIV test,"Trinity Biotech, Plc","HIV 1/2, Capillus HIV Kit, 100 Tests","HIV 1/2, Capillus HIV Kit",Capillus,N/A,Test kit,100,3,417,139,1.39,"Trinity Biotech, Plc",Yes,2,1800.33,0.82
9531,106-HT-T01,Pre-PQ Process,SCMS-15520,ASN-1199,Haiti,PMO - US,Direct Drop,EXW,Air,Pre-PQ Process,Date Not Captured,23-Jan-08,23-Jan-08,23-Jan-08,HRDT,HIV test,"Orgenics, Ltd","HIV 1/2, Determine HIV Kit, without Lancets, 100 Tests","HIV 1/2, Determine HIV Kit, without Lancets",Determine,N/A,Test kit,100,1000,70000,70,0.7,Inverness Japan,Yes,228,4829.61,112
9536,100-HT-T01,Pre-PQ Process,SCMS-15870,ASN-1319,Haiti,PMO - US,Direct Drop,EXW,Air,Pre-PQ Process,1/3/08,18-Feb-08,18-Feb-08,18-Feb-08,HRDT,HIV test,"Trinity Biotech, Plc","HIV 1/2, Capillus HIV Kit, 100 Tests","HIV 1/2, Capillus HIV Kit",Capillus,N/A,Test kit,100,2,278,139,1.39,"Trinity Biotech, Plc",Yes,Weight Captured Separately,Invoiced Separately,0.44
9550,117-ET-T01,Pre-PQ Process,SCMS-16220,ASN-1329,Ethiopia,PMO - US,Direct Drop,EXW,Air,Pre-PQ Process,1/3/08,4-Mar-08,4-Mar-08,4-Mar-08,ARV,Adult,ASPEN PHARMACARE,"Tenofovir Disoproxil Fumarate 300mg [Viread], tablets, 30 Tabs",Tenofovir Disoproxil Fumarate,Viread,300mg,Tablet,30,780,7.8,0.01,0,"Aspen-OSD, Port Elizabeth, SA",No,See ASN-1329 (ID#:6896),See ASN-1329 (ID#:6896),0.01
9564,116-ZA-T01,Pre-PQ Process,SCMS-16600,ASN-2292,South Africa,PMO - US,Direct Drop,DDP,N/A,Pre-PQ Process,1/4/08,21-Jan-08,25-Apr-08,25-Apr-08,ARV,Pediatric,"JSI R&T INSTITUTE, INC.","Didanosine 2g [Videx], powder for oral solution 10mg/ml, reconstitute to 200 ml",Didanosine,Videx,2g,Powder for oral solution,200,4,57.92,14.48,0.07,"BMS Meymac, France",Yes,Weight Captured Separately,Freight Included in Commodity Cost,0.09
9565,116-ZA-T01,Pre-PQ Process,SCMS-16600,ASN-1526,South Africa,PMO - US,Direct Drop,DDP,N/A,Pre-PQ Process,1/4/08,21-Jan-08,21-Jan-08,21-Jan-08,ARV,Adult,"JSI R&T INSTITUTE, INC.","Stavudine 30mg [Zerit], capsules, 60 Caps",Stavudine,Zerit,30mg,Capsule,60,2500,14325,5.73,0.1,"BMS Meymac, France",Yes,Weight Captured Separately,Freight Included in Commodity Cost,22.92
9566,116-ZA-T01,Pre-PQ Process,SCMS-16600,ASN-1520,South Africa,PMO - US,Direct Drop,DDP,N/A,Pre-PQ Process,1/4/08,21-Jan-08,4-Jan-08,4-Jan-08,ARV,Pediatric,"JSI R&T INSTITUTE, INC.","Efavirenz 200mg [Stocrin/Sustiva], capsule, 90 Caps",Efavirenz,Stocrin/Sustiva,200mg,Capsule,90,100,3297,32.97,0.37,"MSD Midrand, J'burg, SA",No,Weight Captured Separately,Freight Included in Commodity Cost,5.28
9567,116-ZA-T01,Pre-PQ Process,SCMS-16600,ASN-1520,South Africa,PMO - US,Direct Drop,DDP,N/A,Pre-PQ Process,1/4/08,21-Jan-08,4-Jan-08,4-Jan-08,ARV,Adult,"JSI R&T INSTITUTE, INC.","Tenofovir Disoproxil Fumarate 300mg [Viread], tablets, 30 Tabs",Tenofovir Disoproxil Fumarate,Viread,300mg,Tablet,30,150,3838.5,25.59,0.85,"Aspen-OSD, Port Elizabeth, SA",No,Weight Captured Separately,Freight Included in Commodity Cost,6.14
9578,106-HT-T01,Pre-PQ Process,SCMS-16700,ASN-1327,Haiti,PMO - US,Direct Drop,EXW,Air,Pre-PQ Process,2/4/08,18-Feb-08,18-Feb-08,18-Feb-08,HRDT,HIV test,"Trinity Biotech, Plc","HIV 1/2, Capillus HIV Kit, 100 Tests","HIV 1/2, Capillus HIV Kit",Capillus,N/A,Test kit,100,250,34750,139,1.39,"Trinity Biotech, Plc",Yes,Weight Captured Separately,Invoiced Separately,55.6
9579,102-NG-T01,Pre-PQ Process,SCMS-16880,ASN-1592,Nigeria,PMO - US,Direct Drop,EXW,Air,Pre-PQ Process,1/7/08,21-Apr-08,21-Apr-08,21-Apr-08,HRDT,HIV test,"CHEMBIO DIAGNOSTIC SYSTEMS, INC.","HIV 1/2, Stat-Pak HIV, Kit, 20 Tests","HIV 1/2, Stat-Pak HIV, Kit",Stat-Pak,N/A,Test kit,20,7719,208413,27,1.35,Chembio Diagnostics Sys. Inc.,Yes,2502,15636.7,333.46
9585,111-MZ-T01,Pre-PQ Process,SCMS-17260,ASN-2532,Mozambique,PMO - US,Direct Drop,EXW,Air,Pre-PQ Process,2/6/08,17-Oct-08,17-Oct-08,17-Oct-08,HRDT,HIV test,"Trinity Biotech, Plc","HIV 1/2, Uni-Gold HIV Kit, 20 Tests","HIV 1/2, Uni-Gold HIV Kit",Uni-Gold,N/A,Test kit,20,5300,169600,32,1.6,"Trinity Biotech, Plc",Yes,1796,32437.45,271.36
9603,116-ZA-T01,Pre-PQ Process,SCMS-17630,ASN-1532,South Africa,PMO - US,Direct Drop,DDP,Truck,Pre-PQ Process,1/21/08,5-Feb-08,21-Jan-08,21-Jan-08,ARV,Adult,"JSI R&T INSTITUTE, INC.","Stavudine 30mg [Zerit], capsules, 60 Caps",Stavudine,Zerit,30mg,Capsule,60,600,3426,5.71,0.1,"BMS Meymac, France",No,Weight Captured Separately,Freight Included in Commodity Cost,5.48
9628,102-GY-T01,Pre-PQ Process,SCMS-18480,ASN-1503,Guyana,PMO - US,Direct Drop,EXW,Air,Pre-PQ Process,2/28/08,9-Apr-08,9-Apr-08,9-Apr-08,HRDT,HIV test,"Orgenics, Ltd","HIV 1/2, Determine HIV Kit, without Lancets, 100 Tests","HIV 1/2, Determine HIV Kit, without Lancets",Determine,N/A,Test kit,100,240,17277.6,71.99,0.72,Inverness Japan,Yes,55,1442.92,27.64
9629,117-ET-T01,Pre-PQ Process,SCMS-18520,ASN-1591,Ethiopia,PMO - US,Direct Drop,EXW,Air,Pre-PQ Process,2/29/08,17-Apr-08,17-Apr-08,17-Apr-08,HRDT,HIV test,"SHANGHAI KEHUA BIOENGINEERING CO.,LTD.  (KHB)","HIV 1/2, SKB Colloidal Gold, Diagnostic Kit, Antibody, 50 Tests","HIV 1/2, Colloidal Gold, Diagnostic Kit, Antibody",Colloidal Gold,N/A,Test kit,1,1044,24012,23,23,"KHB Test Kit Facility, Shanghai China",Yes,754,6267.38,38.42
9639,106-HT-T01,Pre-PQ Process,SCMS-18720,ASN-1610,Haiti,PMO - US,Direct Drop,EXW,Air,Pre-PQ Process,3/11/08,9-May-08,9-May-08,9-May-08,HRDT,HIV test,"Orgenics, Ltd","HIV 1/2, Determine HIV Kit, without Lancets, 100 Tests","HIV 1/2, Determine HIV Kit, without Lancets",Determine,N/A,Test kit,100,955,63985,67,0.67,Inverness Japan,Yes,164,1802.14,102.38
9640,102-GY-T01,Pre-PQ Process,SCMS-18800,ASN-1613,Guyana,PMO - US,Direct Drop,EXW,Air,Pre-PQ Process,3/13/08,6-May-08,6-May-08,6-May-08,HRDT,HIV test,"Trinity Biotech, Plc","HIV 1/2, Uni-Gold HIV Kit, 20 Tests","HIV 1/2, Uni-Gold HIV Kit",Uni-Gold,N/A,Test kit,20,748,23936,32,1.6,"Trinity Biotech, Plc",Yes,748,3740.04,38.3
9655,116-ZA-T01,Pre-PQ Process,SCMS-19800,ASN-1665,South Africa,PMO - US,Direct Drop,DDP,Truck,Pre-PQ Process,2/20/08,24-Apr-08,24-Apr-08,24-Apr-08,ARV,Pediatric,S. BUYS WHOLESALER,"Efavirenz 200mg [Stocrin/Sustiva], capsule, 90 Caps",Efavirenz,Stocrin/Sustiva,200mg,Capsule,90,80,2252,28.15,0.31,"MSD Midrand, J'burg, SA",No,Weight Captured Separately,Freight Included in Commodity Cost,3.6
9656,116-ZA-T01,Pre-PQ Process,SCMS-19800,ASN-1665,South Africa,PMO - US,Direct Drop,DDP,Truck,Pre-PQ Process,2/20/08,24-Apr-08,24-Apr-08,24-Apr-08,ARV,Adult,S. BUYS WHOLESALER,"Ritonavir 100mg [Norvir], capsules, cool, 84 Caps",Ritonavir,Norvir,100mg,Capsule,84,10,91.9,9.19,0.11,ABBVIE (Abbott) Logis. UK,No,Weight Captured Separately,Freight Included in Commodity Cost,0.15
9657,116-ZA-T01,Pre-PQ Process,SCMS-19800,ASN-1665,South Africa,PMO - US,Direct Drop,DDP,Truck,Pre-PQ Process,2/20/08,24-Apr-08,24-Apr-08,24-Apr-08,ARV,Adult,S. BUYS WHOLESALER,"Stavudine 30mg [Zerit], capsules, 60 Caps",Stavudine,Zerit,30mg,Capsule,60,1000,4890,4.89,0.08,"BMS Meymac, France",No,Weight Captured Separately,Freight Included in Commodity Cost,7.82
9658,116-ZA-T01,Pre-PQ Process,SCMS-19800,ASN-1665,South Africa,PMO - US,Direct Drop,DDP,Truck,Pre-PQ Process,2/20/08,24-Apr-08,24-Apr-08,24-Apr-08,ARV,Pediatric,S. BUYS WHOLESALER,"Efavirenz 50mg [Stocrin/Sustiva], capsule, 30 Caps",Efavirenz,Stocrin/Sustiva,50mg,Capsule,30,200,596,2.98,0.1,"MSD Midrand, J'burg, SA",No,Weight Captured Separately,Freight Included in Commodity Cost,0.95
9669,108-VN-T01,Pre-PQ Process,SCMS-20200,ASN-2017,Vietnam,PMO - US,Direct Drop,EXW,Air,Pre-PQ Process,3/31/08,14-Jul-08,14-Jul-08,14-Jul-08,ARV,Pediatric,Aurobindo Pharma Limited,"Didanosine 100mg, chewable/dispersible tablets, 60 Tabs",Didanosine,Generic,100mg,Chewable/dispersible tablet,60,360,2790,7.75,0.13,"Aurobindo Unit III, India",No,See ASN-2017 (ID#:5701),See ASN-2017 (ID#:5701),4.46
9673,108-VN-T01,Pre-PQ Process,SCMS-20520,ASN-1794,Vietnam,PMO - US,Direct Drop,EXW,Air,Pre-PQ Process,3/31/08,2-Jun-08,2-Jun-08,2-Jun-08,ARV,Pediatric,Aurobindo Pharma Limited,"Zidovudine 100mg, capsules, 100 Caps",Zidovudine,Generic,100mg,Capsule,100,1400,7686,5.49,0.05,"Aurobindo Unit III, India",Yes,106,2869.03,12.3
9675,108-VN-T01,Pre-PQ Process,SCMS-20540,ASN-2044,Vietnam,PMO - US,Direct Drop,EXW,Air,Pre-PQ Process,3/31/08,18-Jul-08,18-Jul-08,18-Jul-08,ARV,Adult,MYLAN LABORATORIES LTD (FORMERLY MATRIX LABORATORIES),"Efavirenz 600mg, tablets, 30 Tabs",Efavirenz,Generic,600mg,Tablet,30,10080,115718.4,11.48,0.38,Mylan (formerly Matrix) Nashik,Yes,772,5893.08,185.15
9676,108-VN-T01,Pre-PQ Process,SCMS-20541,ASN-1793,Vietnam,PMO - US,Direct Drop,EXW,Air,Pre-PQ Process,4/10/08,18-Jul-08,2-Jun-08,2-Jun-08,ARV,Adult,MYLAN LABORATORIES LTD (FORMERLY MATRIX LABORATORIES),"Tenofovir Disoproxil Fumarate 300mg, tablets, 30 Tabs",Tenofovir Disoproxil Fumarate,Generic,300mg,Tablet,30,2016,27538.56,13.66,0.46,Mylan (formerly Matrix) Nashik,Yes,122,2867.81,44.06
9694,116-ZA-T01,Pre-PQ Process,SCMS-21460,ASN-1667,South Africa,PMO - US,Direct Drop,DDP,N/A,Pre-PQ Process,4/4/08,25-Apr-08,7-Apr-08,7-Apr-08,ARV,Adult,S. BUYS WHOLESALER,"Didanosine EC 400mg [Videx EC], delayed-release capsules, Blister 3 x 10 Caps",Didanosine EC,Videx EC,400mg,Delayed-release capsules - blister,30,100,2386,23.86,0.8,"BMS Meymac, France",No,Weight Captured Separately,Freight Included in Commodity Cost,3.82
9749,108-VN-T01,Pre-PQ Process,SCMS-23360,ASN-2490,Vietnam,PMO - US,Direct Drop,FCA,Air,Pre-PQ Process,5/15/08,16-Nov-08,16-Nov-08,16-Nov-08,ARV,Adult,ABBVIE LOGISTICS (FORMERLY ABBOTT LOGISTICS BV),"Lopinavir/Ritonavir 200/50mg [Aluvia], tablets, 120 Tabs",Lopinavir/Ritonavir,Aluvia,200/50mg,Tablet,120,1480,121656,82.2,0.68,ABBVIE Ludwigshafen Germany,Yes,370,2652.33,194.65
9750,108-VN-T01,Pre-PQ Process,SCMS-23440,ASN-2335,Vietnam,PMO - US,Direct Drop,EXW,Air,Pre-PQ Process,5/13/08,20-Sep-08,20-Sep-08,20-Sep-08,ARV,Adult,MYLAN LABORATORIES LTD (FORMERLY MATRIX LABORATORIES),"Efavirenz 600mg, tablets, 30 Tabs",Efavirenz,Generic,600mg,Tablet,30,5040,51609.6,10.24,0.34,Mylan (formerly Matrix) Nashik,No,See ASN-2335 (ID#:5796),See ASN-2335 (ID#:5796),82.58
9751,116-ZA-T01,Pre-PQ Process,SCMS-23500,ASN-2293,South Africa,PMO - US,Direct Drop,DDP,Truck,Pre-PQ Process,Date Not Captured,20-Aug-08,8-May-08,8-May-08,ARV,Pediatric,S. BUYS WHOLESALER,"Efavirenz 200mg [Stocrin/Sustiva], capsule, 90 Caps",Efavirenz,Stocrin/Sustiva,200mg,Capsule,90,80,2572,32.15,0.36,"MSD Midrand, J'burg, SA",No,Weight Captured Separately,Freight Included in Commodity Cost,4.12
9752,116-ZA-T01,Pre-PQ Process,SCMS-23500,ASN-2300,South Africa,PMO - US,Direct Drop,DDP,Truck,Pre-PQ Process,Date Not Captured,20-Aug-08,14-May-08,14-May-08,ARV,Adult,S. BUYS WHOLESALER,"Emtricitabine/Tenofovir Disoproxil Fumarate 200/300mg [Truvada], tablets, 30 Tabs",Emtricitabine/Tenofovir Disoproxil Fumarate,Truvada,300/200mg,Tablet - FDC,30,20,765,38.25,1.27,Gilead(Nycomed) Oranienburg DE,No,Weight Captured Separately,Freight Included in Commodity Cost,1.22
9753,116-ZA-T01,Pre-PQ Process,SCMS-23500,ASN-2300,South Africa,PMO - US,Direct Drop,DDP,Truck,Pre-PQ Process,Date Not Captured,20-Aug-08,14-May-08,14-May-08,ARV,Adult,S. BUYS WHOLESALER,"Saquinavir 200mg [Invirase], capsules, 270 Caps",Saquinavir,Invirase,200mg,Capsule,270,4,285.52,71.38,0.26,Roche Basel,No,Weight Captured Separately,Freight Included in Commodity Cost,0.46
9804,117-ET-T01,Pre-PQ Process,SCMS-24890,ASN-2218,Ethiopia,PMO - US,Direct Drop,EXW,Air,Pre-PQ Process,6/10/08,13-Aug-08,13-Aug-08,13-Aug-08,ANTM,Malaria,MISSIONPHARMA A/S,"Primaquine 15mg base (as diphosphate), tablets, 1000 Tabs",Primaquine base (as diphosphate),Generic,15mg,Tablet,1000,32,1434.88,44.84,0.04,"Weifa A.S., Hausmanngt. 6, P.O. Box 9113 GrÃ¸nland, 0133, Oslo, Norway",Yes,7,399.18,2.3
9815,113-ZW-T01,Pre-PQ Process,SCMS-25300,ASN-2997,Zimbabwe,PMO - US,Direct Drop,EXW,Air,Pre-PQ Process,6/12/08,22-Jan-09,22-Jan-09,22-Jan-09,HRDT,HIV test - Ancillary,"Orgenics, Ltd","HIV, Lancet, Safety, for HIV Test kits, 100 Pcs","HIV, Lancet, Safety, for HIV Test kits, 100 Pcs",Generic,N/A,Test kit - Ancillary,100,1396,13.96,0.01,0,Inverness Japan,No,See ASN-2997 (ID#:5860),See ASN-2997 (ID#:5860),0.03
9836,107-RW-T01,Pre-PQ Process,SCMS-25910,ASN-2390,Rwanda,PMO - US,Direct Drop,CIP,Air,Pre-PQ Process,8/6/08,23-Sep-08,23-Sep-08,23-Sep-08,ARV,Adult,HETERO LABS LIMITED,"Efavirenz 600mg, tablets, 30 Tabs",Efavirenz,Generic,600mg,Tablet,30,83400,931578,11.17,0.37,Hetero Unit III Hyderabad IN,Yes,6701,87692.85,1490.52
9841,112-NG-T01,Pre-PQ Process,SCMS-26290,ASN-2106,Nigeria,PMO - US,Direct Drop,EXW,Air,Pre-PQ Process,6/30/08,5-Aug-08,5-Aug-08,5-Aug-08,ACT,ACT,IDA FOUNDATION,"Artemether/Lumefantrine 20/120mg [Coartem], scored tablets, Blister 30 x 18 Tabs",Artemether/Lumefantrine,Coartem,20/120mg,Tablet - FDC + blister,540,34,1547.68,45.52,0.08,"Novartis Pharma AG, Switzerland",Yes,159,1976.57,2.48
9842,112-NG-T01,Pre-PQ Process,SCMS-26290,ASN-2106,Nigeria,PMO - US,Direct Drop,EXW,Air,Pre-PQ Process,6/30/08,5-Aug-08,5-Aug-08,5-Aug-08,ACT,ACT,IDA FOUNDATION,"Artemether/Lumefantrine 20/120mg [Coartem], scored tablets, Blister 30 x 18 Tabs",Artemether/Lumefantrine,Coartem,20/120mg,Tablet - FDC + blister,540,34,1547.68,45.52,0.08,"Novartis Pharma AG, Switzerland",No,See ASN-2106 (ID#:9841),See ASN-2106 (ID#:9841),2.48
9860,116-ZA-T01,Pre-PQ Process,SCMS-26820,ASN-2487,South Africa,PMO - US,Direct Drop,DDP,Truck,Pre-PQ Process,Date Not Captured,10-Jul-08,14-Jul-08,14-Jul-08,ARV,Adult,S. BUYS WHOLESALER,"Lamivudine 150mg [Epivir], tablets, 60 Tabs",Lamivudine,Epivir,150mg,Tablet,60,1000,5310,5.31,0.09,GSK Cape Town Factory (South Africa),No,Weight Captured Separately,Freight Included in Commodity Cost,8.5
9866,133-NG-T01,Pre-PQ Process,SCMS-27060,ASN-2438,Nigeria,PMO - US,Direct Drop,EXW,Air,Pre-PQ Process,7/18/08,15-Oct-08,15-Oct-08,15-Oct-08,HRDT,HIV test,"Orgenics, Ltd","HIV 1/2, Determine HIV Kit, without Lancets, 100 Tests","HIV 1/2, Determine HIV Kit, without Lancets",Determine,N/A,Test kit,100,6502,520094.98,79.99,0.8,Inverness Japan,No,See ASN-2438 (ID#:1941),See ASN-2438 (ID#:1941),832.15
9874,108-VN-T01,Pre-PQ Process,SCMS-27330,ASN-2861,Vietnam,PMO - US,Direct Drop,CIP,Air,Pre-PQ Process,7/23/08,13-Nov-08,13-Nov-08,13-Nov-08,ARV,Pediatric,BRISTOL-MYERS SQUIBB,"Didanosine 25mg [Videx], chewable tablets, 60 Tabs",Didanosine,Videx,25mg,Chewable/dispersible tablet,60,240,1680,7,0.12,"BMS Meymac, France",Yes,52,1516.05,3.29
9916,123-NG-T01,Pre-PQ Process,SCMS-28390,ASN-2367,Nigeria,PMO - US,Direct Drop,EXW,Air,Pre-PQ Process,8/15/08,23-Oct-08,23-Oct-08,23-Oct-08,ACT,ACT,IDA FOUNDATION,"Artemether/Lumefantrine 20/120mg [Coartem], scored tablets, Blister 30 x 18 Tabs",Artemether/Lumefantrine,Coartem,20/120mg,Tablet - FDC + blister,540,25,875,35,0.06,"Novartis Pharma AG, Switzerland",Yes,86,1528.06,1.4
9918,108-VN-T01,Pre-PQ Process,SCMS-26171,ASN-2515,Vietnam,PMO - US,Direct Drop,EXW,Air,Pre-PQ Process,7/1/08,25-Sep-08,25-Sep-08,25-Sep-08,ARV,Adult,Aurobindo Pharma Limited,"Lamivudine/Zidovudine 150/300mg, tablets, 60 Tabs",Lamivudine/Zidovudine,Generic,150/300mg,Tablet - FDC,60,1800,15498,8.61,0.14,"Aurobindo Unit III, India",No,See ASN-2515 (ID#:4635),See ASN-2515 (ID#:4635),24.8
9933,117-ET-T01,Pre-PQ Process,SCMS-28700,ASN-2720,Ethiopia,PMO - US,Direct Drop,EXW,Air,Pre-PQ Process,8/22/08,30-Oct-08,30-Oct-08,30-Oct-08,HRDT,HIV test,"SHANGHAI KEHUA BIOENGINEERING CO.,LTD.  (KHB)","HIV 1/2, SKB Colloidal Gold, Diagnostic Kit, Antibody, 50 Tests","HIV 1/2, Colloidal Gold, Diagnostic Kit, Antibody",Colloidal Gold,N/A,Test kit,1,6998,160954,23,23,"KHB Test Kit Facility, Shanghai China",Yes,5056,44360.44,315.47
9936,116-ZA-T01,Pre-PQ Process,SCMS-28830,ASN-2502,South Africa,PMO - US,Direct Drop,DDP,Truck,Pre-PQ Process,Date Not Captured,25-Aug-08,18-Aug-08,18-Aug-08,ARV,Adult,S. BUYS WHOLESALER,"Zidovudine 300mg [Retrovir], tablets, 60 Tabs",Zidovudine,Retrovir,300mg,Tablet,60,550,6820,12.4,0.21,GSK Aranda,No,Weight Captured Separately,Freight Included in Commodity Cost,10.91
9937,116-ZA-T01,Pre-PQ Process,SCMS-28830,ASN-2503,South Africa,PMO - US,Direct Drop,DDP,Truck,Pre-PQ Process,Date Not Captured,25-Aug-08,14-Aug-08,14-Aug-08,ARV,Pediatric,S. BUYS WHOLESALER,"Didanosine 2g [Videx], powder for oral solution 10mg/ml, reconstitute to 200 ml",Didanosine,Videx,2g,Powder for oral solution,200,10,125.4,12.54,0.06,"BMS Meymac, France",No,Weight Captured Separately,Freight Included in Commodity Cost,0.2
9939,119-NA-T01,Pre-PQ Process,SCMS-28850,ASN-2513,Namibia,PMO - US,Direct Drop,EXW,Air,Pre-PQ Process,8/26/08,25-Sep-08,25-Sep-08,25-Sep-08,HRDT,HIV test,"Orgenics, Ltd","HIV 1/2, Determine HIV Kit, without Lancets, 100 Tests","HIV 1/2, Determine HIV Kit, without Lancets",Determine,N/A,Test kit,100,2,140,70,0.7,Inverness Japan,No,See ASN-2513 (ID#:3360),See ASN-2513 (ID#:3360),0.22
9952,104-CI-T01,Pre-PQ Process,SCMS-29340,ASN-2921,Côte d'Ivoire,PMO - US,Direct Drop,EXW,Air,Pre-PQ Process,9/3/08,23-Jan-09,23-Jan-09,23-Jan-09,ACT,ACT,IDA FOUNDATION,"Artesunate+Amodiaquine 50+153mg, tablets, co-blister 12+12 Tabs",Artesunate+Amodiaquine,Generic,50+153mg,Tablet - FDC + co-blister,24,20000,14000,0.7,0.03,Ipca Dadra/Nagar Haveli IN,No,See ASN-2921 (ID#:719),See ASN-2921 (ID#:719),27.44
9960,111-MZ-T01,Pre-PQ Process,SCMS-29440,ASN-2403,Mozambique,PMO - US,Direct Drop,EXW,Air,Pre-PQ Process,8/29/08,3-Oct-08,3-Oct-08,3-Oct-08,HRDT,HIV test - Ancillary,"Orgenics, Ltd","HIV, Lancet, Safety, for HIV Test kits, 100 Pcs","HIV, Lancet, Safety, for HIV Test kits, 100 Pcs",Generic,N/A,Test kit - Ancillary,100,1000,10,0.01,0,Inverness Japan,No,See ASN-2403 (ID#:3386),See ASN-2403 (ID#:3386),0.02
10062,108-VN-T01,Pre-PQ Process,SCMS-31730,ASN-3313,Vietnam,PMO - US,Direct Drop,EXW,Air,Pre-PQ Process,10/21/08,23-Feb-09,23-Feb-09,23-Feb-09,ARV,Adult,Aurobindo Pharma Limited,"Lamivudine 150mg, tablets, 60 Tabs",Lamivudine,Generic,150mg,Tablet,60,6966,16718.4,2.4,0.04,"Aurobindo Unit III, India",No,See ASN-3313 (ID#:3456),See ASN-3313 (ID#:3456),32.77
10063,113-ZW-T01,Pre-PQ Process,SCMS-31850,ASN-2711,Zimbabwe,PMO - US,Direct Drop,CIP,Air,Pre-PQ Process,10/10/08,15-Nov-08,15-Nov-08,15-Nov-08,HRDT,HIV test,BIOLYTICAL LABORATORIES INC.,"#109440**HIV 1/2, INSTI HIV Antibody Individual POC, 1 Test","HIV 1/2, INSTI HIV Antibody Individual POC, 1 Test",INSTi,N/A,Test kit,1,5000,13398.72,2.68,2.68,bioLytical Laboratories,Yes,Weight Captured Separately,Freight Included in Commodity Cost,26.26
10085,117-ET-T01,Pre-PQ Process,SCMS-32410,ASN-3178,Ethiopia,PMO - US,Direct Drop,EXW,Air,Pre-PQ Process,10/22/08,30-Jan-09,20-Jan-09,20-Jan-09,HRDT,HIV test,"CHEMBIO DIAGNOSTIC SYSTEMS, INC.","HIV 1/2, Stat-Pak HIV, Kit, 20 Tests","HIV 1/2, Stat-Pak HIV, Kit",Stat-Pak,N/A,Test kit,20,9325,251775,27,1.35,Chembio Diagnostics Sys. Inc.,Yes,3061,15288.75,493.48
10086,117-ET-T01,Pre-PQ Process,SCMS-32410,ASN-3259,Ethiopia,PMO - US,Direct Drop,EXW,Air,Pre-PQ Process,10/22/08,30-Jan-09,30-Jan-09,30-Jan-09,HRDT,HIV test,"CHEMBIO DIAGNOSTIC SYSTEMS, INC.","HIV 1/2, Stat-Pak HIV, Kit, 20 Tests","HIV 1/2, Stat-Pak HIV, Kit",Stat-Pak,N/A,Test kit,20,3711,100197,27,1.35,Chembio Diagnostics Sys. Inc.,Yes,1341,6112.63,196.39
10089,102-BW-T01,Pre-PQ Process,SCMS-32490,ASN-2941,Botswana,PMO - US,Direct Drop,DDP,Truck,Pre-PQ Process,10/21/08,12-Nov-08,12-Nov-08,12-Nov-08,HRDT,HIV test,AHN (PTY) LTD (AKA UCB (S.A.),"HIV 1/2, OraQuick Advance HIV Rapid Antibody Kit, 100 Tests","HIV 1/2, OraQuick Advance HIV Rapid Antibody Kit",OraQuick,N/A,Test kit,100,5,3500,700,7,"Pacific Biotech, Thailand",Yes,Weight Captured Separately,Freight Included in Commodity Cost,6.86
10102,133-NG-T01,Pre-PQ Process,SCMS-32920,ASN-2909,Nigeria,PMO - US,Direct Drop,EXW,Air,Pre-PQ Process,10/30/08,2-Dec-08,2-Dec-08,2-Dec-08,HRDT,HIV test,"Orgenics, Ltd","HIV 1/2, Determine Complete HIV Kit, 100 Tests","HIV 1/2, Determine Complete HIV Kit",Determine,N/A,Test kit,100,3622,289760,80,0.8,Inverness Japan,Yes,1091,15045.56,567.93
10126,109-TZ-T01,Pre-PQ Process,SCMS-34690,ASN-3853,Tanzania,PMO - US,Direct Drop,CIP,Air,Pre-PQ Process,12/30/08,15-Jun-09,15-Jun-09,15-Jun-09,ARV,Adult,MERCK SHARP & DOHME IDEA GMBH (FORMALLY MERCK SHARP & DOHME B.V.),"Efavirenz/Emtricitabine/Tenofovir Disoproxil Fumarate 600/200/300mg [Atripla], tablets, 30 Tabs",Efavirenz/Emtricitabine/Tenofovir Disoproxil Fumarate,Atripla,600/200/300mg,Tablet - FDC,30,2357,118792.8,50.4,1.68,"MSD, Haarlem, NL",No,See ASN-3853 (ID#:4824),See ASN-3853 (ID#:4824),232.83
10155,102-GY-T01,Pre-PQ Process,SCMS-35540,ASN-3208,Guyana,PMO - US,Direct Drop,EXW,Air,Pre-PQ Process,12/11/08,30-Jan-09,30-Jan-09,30-Jan-09,HRDT,HIV test,"Trinity Biotech, Plc","HIV 1/2, Uni-Gold HIV Kit, 20 Tests","HIV 1/2, Uni-Gold HIV Kit",Uni-Gold,N/A,Test kit,20,2086,66752,32,1.6,"Trinity Biotech, Plc",Yes,707,5926.53,130.83
10228,108-VN-T01,Pre-PQ Process,SCMS-37160,ASN-3561,Vietnam,PMO - US,Direct Drop,EXW,Air,Pre-PQ Process,1/16/09,7-Apr-09,7-Apr-09,7-Apr-09,ARV,Adult,Aurobindo Pharma Limited,"Nevirapine 200mg, tablets, 60 Tabs",Nevirapine,Generic,200mg,Tablet,60,7800,22620,2.9,0.05,"Aurobindo Unit III, India",No,See ASN-3561 (ID#:2297),See ASN-3561 (ID#:2297),44.34
10229,108-VN-T01,Pre-PQ Process,SCMS-37170,ASN-3562,Vietnam,PMO - US,Direct Drop,EXW,Air,Pre-PQ Process,1/16/09,10-Apr-09,10-Apr-09,10-Apr-09,ARV,Adult,Aurobindo Pharma Limited,"Stavudine 30mg, capsules, 60 Caps",Stavudine,Generic,30mg,Capsule,60,22428,32520.6,1.45,0.02,"Aurobindo Unit III, India",No,See ASN-3562 (ID#:960),See ASN-3562 (ID#:960),63.74
10239,110-ZM-T01,Pre-PQ Process,SCMS-37780,ASN-3698,Zambia,PMO - US,Direct Drop,EXW,Air,Pre-PQ Process,1/27/09,9-Apr-09,9-Apr-09,9-Apr-09,HRDT,HIV test,"Trinity Biotech, Plc","HIV 1/2, Uni-Gold HIV Kit, 20 Tests","HIV 1/2, Uni-Gold HIV Kit",Uni-Gold,N/A,Test kit,20,8000,256000,32,1.6,"Trinity Biotech, Plc",Yes,2657,25513.66,501.76
10240,109-TZ-T01,Pre-PQ Process,SCMS-37800,ASN-3479,Tanzania,PMO - US,Direct Drop,DDP,Truck,Pre-PQ Process,1/26/09,23-Feb-09,23-Feb-09,23-Feb-09,HRDT,HIV test,KAS MEDICS LIMITED,"HIV 1/2, Determine Complete HIV Kit, 100 Tests","HIV 1/2, Determine Complete HIV Kit",Determine,N/A,Test kit,100,110,12650,115,1.15,Inverness Japan,Yes,Weight Captured Separately,Freight Included in Commodity Cost,24.79
10246,108-VN-T01,Pre-PQ Process,SCMS-31731,ASN-3455,Vietnam,PMO - US,Direct Drop,EXW,Air,Pre-PQ Process,10/21/08,10-Mar-09,10-Mar-09,10-Mar-09,ARV,Adult,Aurobindo Pharma Limited,"Lamivudine/Zidovudine 150/300mg, tablets, 60 Tabs",Lamivudine/Zidovudine,Generic,150/300mg,Tablet - FDC,60,1176,10125.36,8.61,0.14,"Aurobindo Unit III, India",Yes,105,865.6,19.85
10282,107-RW-T01,Pre-PQ Process,SCMS-38670,ASN-3678,Rwanda,PMO - US,Direct Drop,EXW,Air,Pre-PQ Process,2/18/09,6-Apr-09,6-Apr-09,6-Apr-09,HRDT,HIV test,"Trinity Biotech, Plc","HIV 1/2, Uni-Gold HIV Kit, 20 Tests","HIV 1/2, Uni-Gold HIV Kit",Uni-Gold,N/A,Test kit,20,963,30816,32,1.6,"Trinity Biotech, Plc",Yes,320,3100.66,60.4
10298,104-CI-T01,Pre-PQ Process,SCMS-39430,ASN-3761,Côte d'Ivoire,PMO - US,Direct Drop,EXW,Air,Pre-PQ Process,2/24/09,14-May-09,14-May-09,14-May-09,HRDT,HIV test,"Orgenics, Ltd","HIV 1/2, Determine HIV Kit, without Lancets, 100 Tests","HIV 1/2, Determine HIV Kit, without Lancets",Determine,N/A,Test kit,100,1500,105000,70,0.7,Inverness Japan,Yes,341,9749.73,205.8
10342,116-ZA-T01,Pre-PQ Process,SCMS-40780,ASN-3607,South Africa,PMO - US,Direct Drop,DDP,Air,Pre-PQ Process,Date Not Captured,17-Mar-09,28-Nov-08,28-Nov-08,ARV,Pediatric,S. BUYS WHOLESALER,"Stavudine 1mg/ml [Zerit], powder for oral solution, Bottle, 200 ml",Stavudine,Zerit,1mg/ml,Powder for oral solution,200,180,210.6,1.17,0.01,"BMS Meymac, France",No,Weight Captured Separately,Freight Included in Commodity Cost,0.41
10343,116-ZA-T01,Pre-PQ Process,SCMS-40790,ASN-3575,South Africa,PMO - US,Direct Drop,DDP,Air,Pre-PQ Process,Date Not Captured,24-Mar-09,1-Dec-08,1-Dec-08,ARV,Adult,S. BUYS WHOLESALER,"Lamivudine 150mg, tablets, 60 Tabs",Lamivudine,Generic,150mg,Tablet,60,6000,32520,5.42,0.09,"Aurobindo Unit III, India",No,Weight Captured Separately,Freight Included in Commodity Cost,63.74
10344,116-ZA-T01,Pre-PQ Process,SCMS-40810,ASN-3634,South Africa,PMO - US,Direct Drop,DDP,Air,Pre-PQ Process,Date Not Captured,31-Mar-09,2-Dec-08,2-Dec-08,ARV,Adult,S. BUYS WHOLESALER,"Stavudine 30mg [Zerit], capsules, 60 Caps",Stavudine,Zerit,30mg,Capsule,60,3600,13896,3.86,0.06,"BMS Meymac, France",No,Weight Captured Separately,Freight Included in Commodity Cost,27.24
10345,116-ZA-T01,Pre-PQ Process,SCMS-40870,ASN-3582,South Africa,PMO - US,Direct Drop,DDP,Air,Pre-PQ Process,Date Not Captured,30-Jun-09,30-Jan-09,30-Jan-09,ARV,Adult,S. BUYS WHOLESALER,"Zidovudine 300mg, tablets, 60 Tabs",Zidovudine,Generic,300mg,Tablet,60,5550,68098.5,12.27,0.2,"Aurobindo Unit III, India",No,Weight Captured Separately,Freight Included in Commodity Cost,133.47
10347,116-ZA-T01,Pre-PQ Process,SCMS-41070,ASN-3625,South Africa,PMO - US,Direct Drop,DDP,Air,Pre-PQ Process,Date Not Captured,12-May-09,30-Dec-08,30-Dec-08,ARV,Pediatric,S. BUYS WHOLESALER,"Stavudine 1mg/ml [Zerit], powder for oral solution, Bottle, 200 ml",Stavudine,Zerit,1mg/ml,Powder for oral solution,200,40,48.4,1.21,0.01,"BMS Meymac, France",No,Weight Captured Separately,Freight Included in Commodity Cost,0.09
10348,116-ZA-T01,Pre-PQ Process,SCMS-41090,ASN-3626,South Africa,PMO - US,Direct Drop,DDP,Air,Pre-PQ Process,Date Not Captured,9-Jun-09,27-Jan-09,27-Jan-09,ARV,Adult,S. BUYS WHOLESALER,"Stavudine 30mg, capsules, 60 Caps",Stavudine,Generic,30mg,Capsule,60,24150,59892,2.48,0.04,"Aurobindo Unit III, India",No,Weight Captured Separately,Freight Included in Commodity Cost,117.39
10350,116-ZA-T01,Pre-PQ Process,SCMS-41100,ASN-4018,South Africa,PMO - US,Direct Drop,DDP,Air,Pre-PQ Process,3/13/09,17-Jun-09,3-Apr-09,3-Apr-09,ARV,Adult,S. BUYS WHOLESALER,"Lamivudine 150mg, tablets, 60 Tabs",Lamivudine,Generic,150mg,Tablet,60,100,520,5.2,0.09,"Aurobindo Unit III, India",No,Weight Captured Separately,Freight Included in Commodity Cost,1.02
10351,116-ZA-T01,Pre-PQ Process,SCMS-50670,ASN-4609,South Africa,PMO - US,Direct Drop,DDP,Air,Pre-PQ Process,3/13/09,17-Jun-09,17-Jun-09,17-Jun-09,ARV,Pediatric,S. BUYS WHOLESALER,"Lamivudine 10mg/ml, oral solution, Bottle, 240 ml",Lamivudine,Generic,10mg/ml,Oral solution,240,1000,3550,3.55,0.01,"Aurobindo Unit III, India",Yes,Weight Captured Separately,Freight Included in Commodity Cost,6.96
10352,116-ZA-T01,Pre-PQ Process,SCMS-41140,ASN-3752,South Africa,PMO - US,Direct Drop,DDP,Air,Pre-PQ Process,Date Not Captured,31-Mar-09,21-Nov-08,21-Nov-08,ARV,Pediatric,S. BUYS WHOLESALER,"Didanosine 25mg [Videx], chewable tablets, 60 Tabs",Didanosine,Videx,25mg,Chewable/dispersible tablet,60,10,94.9,9.49,0.16,"BMS Meymac, France",No,Weight Captured Separately,Freight Included in Commodity Cost,0.19
10353,116-ZA-T01,Pre-PQ Process,SCMS-41160,ASN-3760,South Africa,PMO - US,Direct Drop,DDP,Air,Pre-PQ Process,Date Not Captured,1-Apr-09,26-Nov-08,26-Nov-08,ARV,Adult,S. BUYS WHOLESALER,"Lamivudine 150mg [Epivir], tablets, 60 Tabs",Lamivudine,Epivir,150mg,Tablet,60,2000,10460,5.23,0.09,GSK Cape Town Factory (South Africa),No,See ASN-3760 (ID#:5049),See ASN-3760 (ID#:5049),20.5
10354,116-ZA-T01,Pre-PQ Process,SCMS-41160,ASN-3760,South Africa,PMO - US,Direct Drop,DDP,Air,Pre-PQ Process,Date Not Captured,1-Apr-09,26-Nov-08,26-Nov-08,ARV,Pediatric,S. BUYS WHOLESALER,"Zidovudine 10mg/ml [Retrovir], oral solution, Bottle, 200 ml",Zidovudine,Retrovir,10mg/ml,Oral solution,200,150,949.5,6.33,0.03,GSK Mississauga (Canada),No,See ASN-3760 (ID#:5049),See ASN-3760 (ID#:5049),1.86
10355,116-ZA-T01,Pre-PQ Process,SCMS-41230,ASN-3758,South Africa,PMO - US,Direct Drop,DDP,Air,Pre-PQ Process,Date Not Captured,1-Apr-09,11-Feb-09,11-Feb-09,ARV,Adult,S. BUYS WHOLESALER,"Emtricitabine/Tenofovir Disoproxil Fumarate 200/300mg [Truvada], tablets, 30 Tabs",Emtricitabine/Tenofovir Disoproxil Fumarate,Truvada,300/200mg,Tablet - FDC,30,80,2542.4,31.78,1.06,"Aspen-OSD, Port Elizabeth, SA",Yes,Weight Captured Separately,Freight Included in Commodity Cost,4.98
10356,116-ZA-T01,Pre-PQ Process,SCMS-41230,ASN-3758,South Africa,PMO - US,Direct Drop,DDP,Air,Pre-PQ Process,Date Not Captured,1-Apr-09,11-Feb-09,11-Feb-09,ARV,Adult,S. BUYS WHOLESALER,"Stavudine 20mg [Zerit], capsules, 60 Caps",Stavudine,Zerit,20mg,Capsule,60,300,1212,4.04,0.07,"BMS Meymac, France",No,Weight Captured Separately,Freight Included in Commodity Cost,2.38
10357,116-ZA-T01,Pre-PQ Process,SCMS-41230,ASN-3758,South Africa,PMO - US,Direct Drop,DDP,Air,Pre-PQ Process,Date Not Captured,1-Apr-09,11-Feb-09,11-Feb-09,ARV,Adult,S. BUYS WHOLESALER,"Tenofovir Disoproxil Fumarate 300mg [Viread], tablets, 30 Tabs",Tenofovir Disoproxil Fumarate,Viread,300mg,Tablet,30,400,8692,21.73,0.72,"Aspen-OSD, Port Elizabeth, SA",No,Weight Captured Separately,Freight Included in Commodity Cost,17.04
10364,116-ZA-T01,Pre-PQ Process,SCMS-41582,ASN-4304,South Africa,PMO - US,Direct Drop,DDP,Air,Pre-PQ Process,3/27/09,25-Jun-09,8-Apr-09,8-Apr-09,ARV,Adult,S. BUYS WHOLESALER,"Zidovudine 300mg, tablets, 60 Tabs",Zidovudine,Generic,300mg,Tablet,60,1000,19760,19.76,0.33,"Aurobindo Unit III, India",No,Weight Captured Separately,Freight Included in Commodity Cost,38.73
10365,116-ZA-T01,Pre-PQ Process,SCMS-41585,ASN-4386,South Africa,PMO - US,Direct Drop,DDP,Air,Pre-PQ Process,3/27/09,25-Jun-09,21-Apr-09,21-Apr-09,ARV,Adult,S. BUYS WHOLESALER,"Lopinavir/Ritonavir 200/50mg [Aluvia], tablets, 120 Tabs",Lopinavir/Ritonavir,Aluvia,200/50mg,Tablet,120,1900,68362,35.98,0.3,ABBVIE Ludwigshafen Germany,No,Weight Captured Separately,Freight Included in Commodity Cost,133.99
10366,116-ZA-T01,Pre-PQ Process,SCMS-41585,ASN-4386,South Africa,PMO - US,Direct Drop,DDP,Air,Pre-PQ Process,3/27/09,25-Jun-09,21-Apr-09,21-Apr-09,ARV,Adult,S. BUYS WHOLESALER,"Lamivudine 150mg, tablets, 60 Tabs",Lamivudine,Generic,150mg,Tablet,60,3344,23675.52,7.08,0.12,"Aurobindo Unit III, India",No,Weight Captured Separately,Freight Included in Commodity Cost,46.4
10367,116-ZA-T01,Pre-PQ Process,SCMS-49550,ASN-4610,South Africa,PMO - US,Direct Drop,DDP,Truck,Pre-PQ Process,3/27/09,25-Jun-09,25-Jun-09,25-Jun-09,ARV,Adult,S. BUYS WHOLESALER,"Lamivudine 150mg [Epivir], tablets, 60 Tabs",Lamivudine,Epivir,150mg,Tablet,60,7000,37520,5.36,0.09,GSK Cape Town Factory (South Africa),Yes,Weight Captured Separately,Freight Included in Commodity Cost,73.54
10368,116-ZA-T01,Pre-PQ Process,SCMS-49530,ASN-4613,South Africa,PMO - US,Direct Drop,DDP,Truck,Pre-PQ Process,3/27/09,25-Jun-09,17-Jun-09,17-Jun-09,ARV,Pediatric,S. BUYS WHOLESALER,"Lamivudine 10mg/ml, oral solution, Bottle, 240 ml",Lamivudine,Generic,10mg/ml,Oral solution,240,1000,5650,5.65,0.02,"Aurobindo Unit III, India",Yes,Weight Captured Separately,Freight Included in Commodity Cost,11.07
10386,102-GY-T01,Pre-PQ Process,SCMS-42310,ASN-3896,Guyana,PMO - US,Direct Drop,EXW,Air,Pre-PQ Process,3/30/09,18-May-09,18-May-09,18-May-09,HRDT,HIV test,"Trinity Biotech, Plc","HIV 1/2, Uni-Gold HIV Kit, 20 Tests","HIV 1/2, Uni-Gold HIV Kit",Uni-Gold,N/A,Test kit,20,2026,64832,32,1.6,"Trinity Biotech, Plc",Yes,675,8727.54,127.07
10388,116-ZA-T01,Pre-PQ Process,SCMS-47320,ASN-4224,South Africa,PMO - US,Direct Drop,DDP,Truck,Pre-PQ Process,4/2/09,15-May-09,15-May-09,15-May-09,ARV,Adult,S. BUYS WHOLESALER,"Stavudine 30mg, capsules, 60 Caps",Stavudine,Generic,30mg,Capsule,60,1800,5418,3.01,0.05,"Aurobindo Unit III, India",No,Weight Captured Separately,Freight Included in Commodity Cost,10.62
10389,116-ZA-T01,Pre-PQ Process,SCMS-47320,ASN-4224,South Africa,PMO - US,Direct Drop,DDP,Truck,Pre-PQ Process,4/2/09,15-May-09,15-May-09,15-May-09,ARV,Pediatric,S. BUYS WHOLESALER,"Lamivudine 10mg/ml [Epivir], oral solution, Bottle, 240 ml",Lamivudine,Epivir,10mg/ml,Oral solution,240,650,3614,5.56,0.02,GSK Mississauga (Canada),No,Weight Captured Separately,Freight Included in Commodity Cost,7.08
10390,116-ZA-T01,Pre-PQ Process,SCMS-47380,ASN-4285,South Africa,PMO - US,Direct Drop,DDP,Truck,Pre-PQ Process,4/2/09,15-May-09,21-Apr-09,21-Apr-09,ARV,Adult,S. BUYS WHOLESALER,"Saquinavir 200mg [Invirase], capsules, 270 Caps",Saquinavir,Invirase,200mg,Capsule,270,30,1970.4,65.68,0.24,Roche Basel,No,Weight Captured Separately,Freight Included in Commodity Cost,3.86
10395,106-HT-T01,Pre-PQ Process,SCMS-42710,ASN-4322,Haiti,PMO - US,Direct Drop,EXW,Air,Pre-PQ Process,4/2/09,6-Jul-09,6-Jul-09,6-Jul-09,HRDT,HIV test,Orasure Technologies Inc.,"HIV 1/2, OraQuick Advance HIV Rapid Antibody Kit, 100 Tests","HIV 1/2, OraQuick Advance HIV Rapid Antibody Kit",OraQuick,N/A,Test kit,100,60,21000,350,3.5,"Pacific Biotech, Thailand",Yes,144,4185.29,41.16
10401,102-KE-T01,Pre-PQ Process,SCMS-42960,ASN-4500,Kenya,PMO - US,Direct Drop,EXW,Air,Pre-PQ Process,4/6/09,7-Aug-09,7-Aug-09,7-Aug-09,HRDT,HIV test,"Orgenics, Ltd","HIV 1/2, Determine Complete HIV Kit, 100 Tests","HIV 1/2, Determine Complete HIV Kit",Determine,N/A,Test kit,100,7500,600000,80,0.8,Inverness Japan,Yes,2215,17662.98,1176
10406,133-NG-T01,Pre-PQ Process,SCMS-43321,ASN-4294,Nigeria,PMO - US,Direct Drop,EXW,Air,Pre-PQ Process,5/14/09,24-Jun-09,24-Jun-09,24-Jun-09,HRDT,HIV test,"Orgenics, Ltd","HIV 1/2, Determine Complete HIV Kit, 100 Tests","HIV 1/2, Determine Complete HIV Kit",Determine,N/A,Test kit,100,6393,511440,80,0.8,Inverness Japan,Yes,1920,30697.91,1002.42
10416,107-RW-T01,Pre-PQ Process,SCMS-43790,ASN-4460,Rwanda,PMO - US,Direct Drop,CIP,Air,Pre-PQ Process,4/15/09,14-Sep-09,14-Sep-09,14-Sep-09,ARV,Adult,MYLAN LABORATORIES LTD (FORMERLY MATRIX LABORATORIES),"Lamivudine/Zidovudine 150/300mg, tablets, 60 Tabs",Lamivudine/Zidovudine,Generic,150/300mg,Tablet - FDC,60,38736,348624,9,0.15,Mylan (formerly Matrix) Nashik,Yes,3080,33235.44,683.3
10438,108-VN-T01,Pre-PQ Process,SCMS-45050,ASN-4446,Vietnam,PMO - US,Direct Drop,EXW,Air,Pre-PQ Process,4/29/09,3-Aug-09,3-Aug-09,3-Aug-09,ARV,Adult,MYLAN LABORATORIES LTD (FORMERLY MATRIX LABORATORIES),"Efavirenz 600mg, tablets, 30 Tabs",Efavirenz,Generic,600mg,Tablet,30,22512,146328,6.5,0.22,Mylan (formerly Matrix) Nashik,Yes,1775,5761.87,286.8
10446,139-NA-T01,Pre-PQ Process,SCMS-45430,ASN-4660,Namibia,PMO - US,Direct Drop,EXW,Air,Pre-PQ Process,5/4/09,1-Sep-09,1-Sep-09,1-Sep-09,HRDT,HIV test,"Orgenics, Ltd","HIV 1/2, Clearview Complete Kit, 25 Tests","HIV 1/2, Clearview Complete Kit",Clearview,N/A,Test kit,25,33,2475,75,3,Chembio Diagnostics Sys. Inc.,Yes,25,238.56,4.85
10464,119-NA-T01,Pre-PQ Process,SCMS-46050,ASN-4658,Namibia,PMO - US,Direct Drop,EXW,Air,Pre-PQ Process,5/18/09,8-Sep-09,8-Sep-09,8-Sep-09,HRDT,HIV test,"Orgenics, Ltd","HIV 1/2, Clearview Complete Kit, 25 Tests","HIV 1/2, Clearview Complete Kit",Clearview,N/A,Test kit,25,950,71250,75,3,Chembio Diagnostics Sys. Inc.,Yes,760,5213.02,139.65
10472,100-BW-T01,Pre-PQ Process,SCMS-46460,ASN-4185,Botswana,PMO - US,Direct Drop,EXW,Air,Pre-PQ Process,5/26/09,10-Jul-09,10-Jul-09,10-Jul-09,HRDT,HIV test,"Trinity Biotech, Plc","HIV 1/2, Uni-Gold HIV Kit, 20 Tests","HIV 1/2, Uni-Gold HIV Kit",Uni-Gold,N/A,Test kit,20,138,4416,32,1.6,"Trinity Biotech, Plc",Yes,56,1060.43,8.66
10476,108-VN-T01,Pre-PQ Process,SCMS-46570,ASN-4710,Vietnam,PMO - US,Direct Drop,CIP,Air,Pre-PQ Process,5/27/09,24-Aug-09,24-Aug-09,24-Aug-09,ARV,Pediatric,BRISTOL-MYERS SQUIBB,"Didanosine 25mg [Videx], chewable tablets, 60 Tabs",Didanosine,Videx,25mg,Chewable/dispersible tablet,60,480,3360,7,0.12,"BMS Meymac, France",Yes,Weight Captured Separately,Freight Included in Commodity Cost,6.59
10477,119-NA-T01,Pre-PQ Process,SCMS-46810,ASN-4412,Namibia,PMO - US,Direct Drop,EXW,Air,Pre-PQ Process,6/1/09,29-Jul-09,29-Jul-09,29-Jul-09,HRDT,HIV test,"Orgenics, Ltd","HIV 1/2, Determine Complete HIV Kit, 100 Tests","HIV 1/2, Determine Complete HIV Kit",Determine,N/A,Test kit,100,150,10800,72,0.72,Inverness Japan,Yes,47,2681.23,21.17
10498,116-ZA-T01,Pre-PQ Process,SCMS-47050,ASN-4819,South Africa,PMO - US,Direct Drop,DDP,Truck,Pre-PQ Process,6/5/09,12-Oct-09,21-Jul-09,21-Jul-09,ARV,Adult,S. BUYS WHOLESALER,"Zidovudine 300mg [Retrovir], tablets, 60 Tabs",Zidovudine,Retrovir,300mg,Tablet,60,550,8624,15.68,0.26,GSK Ware (UK),No,Weight Captured Separately,Freight Included in Commodity Cost,16.9
10499,116-ZA-T01,Pre-PQ Process,SCMS-47051,ASN-4837,South Africa,PMO - US,Direct Drop,DDP,Truck,Pre-PQ Process,6/5/09,12-Oct-09,3-Aug-09,3-Aug-09,ARV,Adult,S. BUYS WHOLESALER,"Stavudine 30mg, capsules, 60 Caps",Stavudine,Generic,30mg,Capsule,60,700,2457,3.51,0.06,"Aurobindo Unit III, India",No,Weight Captured Separately,Freight Included in Commodity Cost,4.82
10500,116-ZA-T01,Pre-PQ Process,SCMS-47052,ASN-5369,South Africa,PMO - US,Direct Drop,DDP,Truck,Pre-PQ Process,6/5/09,12-Oct-09,12-Oct-09,12-Oct-09,ARV,Pediatric,S. BUYS WHOLESALER,"Zidovudine 10mg/ml, oral solution, Bottle, 240 ml",Zidovudine,Generic,10mg/ml,Oral solution,240,200,1410,7.05,0.03,"Aurobindo Unit III, India",Yes,Weight Captured Separately,Freight Included in Commodity Cost,3.04
10501,116-ZA-T01,Pre-PQ Process,SCMS-47060,ASN-4815,South Africa,PMO - US,Direct Drop,DDP,Truck,Pre-PQ Process,6/5/09,21-Jul-09,21-Jul-09,21-Jul-09,ARV,Pediatric,S. BUYS WHOLESALER,"Efavirenz 50mg, capsule, 30 Caps",Efavirenz,Generic,50mg,Capsule,30,400,1468,3.67,0.12,"Aurobindo Unit III, India",Yes,Weight Captured Separately,Freight Included in Commodity Cost,2.88
10503,110-ZM-T01,Pre-PQ Process,SCMS-54620,ASN-5365,Zambia,PMO - US,Direct Drop,EXW,Air,Pre-PQ Process,10/5/09,11-Nov-09,11-Nov-09,11-Nov-09,HRDT,HIV test,"Orgenics, Ltd","HIV 1/2, Determine Complete HIV Kit, 100 Tests","HIV 1/2, Determine Complete HIV Kit",Determine,N/A,Test kit,100,2500,180000,72,0.72,Inverness Japan,Yes,740,7513.71,388.08
10504,119-NA-T01,Pre-PQ Process,SCMS-47150,ASN-4310,Namibia,PMO - US,Direct Drop,EXW,Air,Pre-PQ Process,6/4/09,29-Jun-09,29-Jun-09,29-Jun-09,HRDT,HIV test,"Trinity Biotech, Plc","HIV 1/2, Uni-Gold HIV Kit, 20 Tests","HIV 1/2, Uni-Gold HIV Kit",Uni-Gold,N/A,Test kit,20,120,3840,32,1.6,"Trinity Biotech, Plc",Yes,41,1862.27,7.53
10534,110-ZM-T01,Pre-PQ Process,SO-220,DN-4,Zambia,PMO - US,From RDC,N/A - From RDC,N/A,Pre-PQ Process,N/A - From RDC,2-Feb-07,2-Feb-07,2-Feb-07,ARV,Adult,SCMS from RDC,"Nelfinavir (as mesilate) 250mg [Viracept], tablets, 270 Tabs",Nelfinavir (as mesilate),Viracept,250mg,Tablet,270,228,17948.16,78.72,0.29,Roche Madrid,Yes,60,1218.91,
10535,111-MZ-T01,Pre-PQ Process,SO-321,DN-13,Mozambique,PMO - US,From RDC,N/A - From RDC,Air,Pre-PQ Process,N/A - From RDC,8-Jan-07,8-Jan-07,8-Jan-07,ARV,Adult,SCMS from RDC,"Nelfinavir (as mesilate) 250mg [Viracept], tablets, 270 Tabs",Nelfinavir (as mesilate),Viracept,250mg,Tablet,270,764,60814.4,79.6,0.29,Roche Madrid,Yes,1669,859.14,
10536,111-MZ-T01,Pre-PQ Process,SO-321,DN-13,Mozambique,PMO - US,From RDC,N/A - From RDC,Air,Pre-PQ Process,N/A - From RDC,8-Jan-07,8-Jan-07,8-Jan-07,ARV,Pediatric,SCMS from RDC,"Efavirenz 50mg [Stocrin/Sustiva], capsule, 30 Caps",Efavirenz,Stocrin/Sustiva,50mg,Capsule,30,341,1166.22,3.42,0.11,"MSD Manati, Puerto Rico, (USA)",No,See DN-13 (ID#:10535),See DN-13 (ID#:10535),
10537,111-MZ-T01,Pre-PQ Process,SO-322,DN-14,Mozambique,PMO - US,From RDC,N/A - From RDC,Air,Pre-PQ Process,N/A - From RDC,9-Jan-07,9-Jan-07,9-Jan-07,ARV,Adult,SCMS from RDC,"Efavirenz 600mg, tablets, 30 Tabs",Efavirenz,Generic,600mg,Tablet,30,10403,174250.25,16.75,0.56,"Aurobindo Unit III, India",Yes,1717,1893.82,
10539,112-NG-T01,Pre-PQ Process,SO-328,DN-22,Nigeria,PMO - US,From RDC,N/A - From RDC,N/A,Pre-PQ Process,N/A - From RDC,22-Feb-07,22-Feb-07,22-Feb-07,ARV,Adult,SCMS from RDC,"Lamivudine/Zidovudine+Nevirapine 150/300+200mg, tablets, co-blister, 60+60 Tabs",Lamivudine/Zidovudine+Nevirapine,Generic,150/300+200mg,Tablet - FDC + co-blister,120,5151,105595.5,20.5,0.17,"Aspen-OSD, Port Elizabeth, SA",Yes,667,2921,
10540,100-CI-T01,Pre-PQ Process,SO-283,DN-16,Côte d'Ivoire,PMO - US,From RDC,N/A - From RDC,N/A,Pre-PQ Process,N/A - From RDC,22-Feb-07,22-Feb-07,22-Feb-07,ARV,Adult,SCMS from RDC,"Lamivudine/Zidovudine 150/300mg, tablets, 60 Tabs",Lamivudine/Zidovudine,Generic,150/300mg,Tablet - FDC,60,2230,22857.5,10.25,0.17,"Aurobindo Unit III, India",Yes,909,2804,
10541,111-MZ-T01,Pre-PQ Process,SO-324,DN-17,Mozambique,PMO - US,From RDC,N/A - From RDC,Air,Pre-PQ Process,N/A - From RDC,9-Jan-07,9-Jan-07,9-Jan-07,ARV,Adult,SCMS from RDC,"Tenofovir Disoproxil Fumarate 300mg [Viread], tablets, 30 Tabs",Tenofovir Disoproxil Fumarate,Viread,300mg,Tablet,30,747,12699,17,0.57,Gilead(Nycomed) Oranienburg DE,Yes,84,1338.04,
10542,113-ZW-T01,Pre-PQ Process,SO-253,DN-5,Zimbabwe,PMO - US,From RDC,N/A - From RDC,N/A,Pre-PQ Process,N/A - From RDC,6-Feb-07,6-Feb-07,6-Feb-07,ARV,Adult,SCMS from RDC,"Efavirenz 600mg, tablets, 30 Tabs",Efavirenz,Generic,600mg,Tablet,30,1050,17062.5,16.25,0.54,"Aurobindo Unit III, India",Yes,90,1428.67,
10544,112-NG-T01,Pre-PQ Process,SO-339,DN-27,Nigeria,PMO - US,From RDC,N/A - From RDC,N/A,Pre-PQ Process,N/A - From RDC,22-Feb-07,22-Feb-07,22-Feb-07,ARV,Pediatric,SCMS from RDC,"Lamivudine 10mg/ml, oral solution, Bottle, 240 ml",Lamivudine,Generic,10mg/ml,Oral solution,240,1200,2640,2.2,0.01,"Aurobindo Unit III, India",Yes,1178,4535,
10545,112-NG-T01,Pre-PQ Process,SO-339,DN-27,Nigeria,PMO - US,From RDC,N/A - From RDC,N/A,Pre-PQ Process,N/A - From RDC,22-Feb-07,22-Feb-07,22-Feb-07,ARV,Adult,SCMS from RDC,"Lamivudine 150mg, tablets, 60 Tabs",Lamivudine,Generic,150mg,Tablet,60,2170,6727,3.1,0.05,"Aurobindo Unit III, India",No,See DN-27 (ID#:10544),See DN-27 (ID#:10544),
10546,112-NG-T01,Pre-PQ Process,SO-341,DN-93,Nigeria,PMO - US,From RDC,N/A - From RDC,N/A,Pre-PQ Process,N/A - From RDC,17-Apr-07,17-Apr-07,17-Apr-07,ARV,Pediatric,SCMS from RDC,"Nevirapine 10mg/ml, oral suspension, Bottle, 240 ml",Nevirapine,Generic,10mg/ml,Oral suspension,240,1216,4256,3.5,0.01,"Aurobindo Unit III, India",Yes,840,3736,
10547,110-ZM-T01,Pre-PQ Process,SO-210,DN-114,Zambia,PMO - US,From RDC,N/A - From RDC,N/A,Pre-PQ Process,N/A - From RDC,16-May-07,16-May-07,16-May-07,ARV,Adult,SCMS from RDC,"Emtricitabine/Tenofovir Disoproxil Fumarate 200/300mg [Truvada], tablets, 30 Tabs",Emtricitabine/Tenofovir Disoproxil Fumarate,Truvada,300/200mg,Tablet - FDC,30,14851,389838.75,26.25,0.88,Gilead(Nycomed) Oranienburg DE,Yes,899,5245.98,
10548,112-NG-T01,Pre-PQ Process,SO-343,DN-118,Nigeria,PMO - US,From RDC,N/A - From RDC,N/A,Pre-PQ Process,N/A - From RDC,8-May-07,8-May-07,8-May-07,ARV,Adult,SCMS from RDC,"Lamivudine/Zidovudine+Nevirapine 150/300+200mg, tablets, co-blister, 60+60 Tabs",Lamivudine/Zidovudine+Nevirapine,Generic,150/300+200mg,Tablet - FDC + co-blister,120,5661,116050.5,20.5,0.17,"Aspen-OSD, Port Elizabeth, SA",Yes,725,4104.5,
10549,111-MZ-T01,Pre-PQ Process,SO-293,DN-44,Mozambique,PMO - US,From RDC,N/A - From RDC,Air,Pre-PQ Process,N/A - From RDC,17-Apr-07,17-Apr-07,17-Apr-07,ARV,Adult,SCMS from RDC,"Saquinavir 200mg [Invirase], capsules, 270 Caps",Saquinavir,Invirase,200mg,Capsule,270,470,35856.3,76.29,0.28,Roche Basel,Yes,Weight Captured Separately,7364.3,
10550,100-CI-T01,Pre-PQ Process,SO-284,DN-46,Côte d'Ivoire,PMO - US,From RDC,N/A - From RDC,N/A,Pre-PQ Process,N/A - From RDC,4-May-07,4-May-07,4-May-07,ARV,Adult,SCMS from RDC,"Lamivudine/Zidovudine 150/300mg, tablets, 60 Tabs",Lamivudine/Zidovudine,Generic,150/300mg,Tablet - FDC,60,1778,18224.5,10.25,0.17,"Aurobindo Unit III, India",Yes,716,2601,
10551,100-CI-T01,Pre-PQ Process,SO-436,DN-73,Côte d'Ivoire,PMO - US,From RDC,N/A - From RDC,N/A,Pre-PQ Process,N/A - From RDC,30-Apr-07,30-Apr-07,30-Apr-07,ARV,Adult,SCMS from RDC,"Lamivudine/Nevirapine/Stavudine 150/200/30mg, tablets, 60 Tabs",Lamivudine/Nevirapine/Stavudine,Generic,150/200/30mg,Tablet - FDC,60,9000,67500,7.5,0.12,"Cipla, Goa, India",Yes,974,3166,
10553,110-ZM-T01,Pre-PQ Process,SO-537,DN-143,Zambia,PMO - US,From RDC,N/A - From RDC,N/A,Pre-PQ Process,N/A - From RDC,21-May-07,21-May-07,21-May-07,HRDT,HIV test,SCMS from RDC,"HIV 1/2, Uni-Gold HIV Kit, 20 Tests","HIV 1/2, Uni-Gold HIV Kit",Uni-Gold,N/A,Test kit,20,5212,166784,32,1.6,"Trinity Biotech, Plc",Yes,1780,13736.03,
10562,110-ZM-T01,Pre-PQ Process,SO-498,DN-182,Zambia,PMO - US,From RDC,N/A - From RDC,N/A,Pre-PQ Process,N/A - From RDC,14-Jun-07,14-Jun-07,14-Jun-07,ARV,Adult,SCMS from RDC,"Abacavir 300mg, tablets, 60 Tabs",Abacavir,Generic,300mg,Tablet,60,8905,318799,35.8,0.6,"Aurobindo Unit III, India",Yes,3139,13094.69,
10563,110-ZM-T01,Pre-PQ Process,SO-624,DN-203,Zambia,PMO - US,From RDC,N/A - From RDC,N/A,Pre-PQ Process,N/A - From RDC,27-Jul-07,27-Jul-07,27-Jul-07,ARV,Adult,SCMS from RDC,"Lopinavir/Ritonavir 200/50mg [Aluvia], tablets, 120 Tabs",Lopinavir/Ritonavir,Aluvia,200/50mg,Tablet,120,5019,206280.9,41.1,0.34,ABBVIE Ludwigshafen Germany,Yes,1092,4761.51,330.05
10564,111-MZ-T01,Pre-PQ Process,SO-576,DN-148,Mozambique,PMO - US,From RDC,N/A - From RDC,Air,Pre-PQ Process,N/A - From RDC,13-Jun-07,13-Jun-07,13-Jun-07,ARV,Adult,SCMS from RDC,"Indinavir 400mg [Crixivan], capsules, 180 Caps",Indinavir,Crixivan,400mg,Capsule,180,564,27816.48,49.32,0.27,MSD Elkton USA,Yes,3946,8892.48,
10565,111-MZ-T01,Pre-PQ Process,SO-576,DN-148,Mozambique,PMO - US,From RDC,N/A - From RDC,Air,Pre-PQ Process,N/A - From RDC,13-Jun-07,13-Jun-07,13-Jun-07,ARV,Adult,SCMS from RDC,"Saquinavir 200mg [Invirase], capsules, 270 Caps",Saquinavir,Invirase,200mg,Capsule,270,421,32118.09,76.29,0.28,Roche Basel,No,See DN-148 (ID#:10564),See DN-148 (ID#:10564),
10566,112-NG-T01,Pre-PQ Process,SO-557,DN-172,Nigeria,PMO - US,From RDC,N/A - From RDC,N/A,Pre-PQ Process,N/A - From RDC,26-Jun-07,26-Jun-07,26-Jun-07,ARV,Adult,SCMS from RDC,"Lamivudine 150mg, tablets, 60 Tabs",Lamivudine,Generic,150mg,Tablet,60,880,2912.8,3.31,0.06,"Ranbaxy, Paonta Shahib, India",Yes,226,1732,
10567,104-CI-T01,Pre-PQ Process,SO-556,DN-159,Côte d'Ivoire,PMO - US,From RDC,N/A - From RDC,N/A,Pre-PQ Process,N/A - From RDC,4-Jun-07,4-Jun-07,4-Jun-07,ARV,Adult,SCMS from RDC,"Stavudine 15mg, capsules, 60 Caps",Stavudine,Generic,15mg,Capsule,60,875,1881.25,2.15,0.04,"Aurobindo Unit III, India",Yes,58,727,
10570,112-NG-T01,Pre-PQ Process,SO-663,DN-190,Nigeria,PMO - US,From RDC,N/A - From RDC,N/A,Pre-PQ Process,N/A - From RDC,26-Jun-07,26-Jun-07,26-Jun-07,ARV,Adult,SCMS from RDC,"Stavudine 40mg, capsules, 60 Caps",Stavudine,Generic,40mg,Capsule,60,300,537,1.79,0.03,"Aurobindo Unit III, India",Yes,54,1283.24,0.86
10571,113-ZW-T01,Pre-PQ Process,SO-278,DN-141,Zimbabwe,PMO - US,From RDC,N/A - From RDC,N/A,Pre-PQ Process,N/A - From RDC,20-May-07,20-May-07,20-May-07,ARV,Adult,SCMS from RDC,"Efavirenz 600mg, tablets, 30 Tabs",Efavirenz,Generic,600mg,Tablet,30,6000,97500,16.25,0.54,"Aurobindo Unit III, India",Yes,553,1956.93,
10572,104-CI-T01,Pre-PQ Process,SO-618,DN-164,Côte d'Ivoire,PMO - US,From RDC,N/A - From RDC,N/A,Pre-PQ Process,N/A - From RDC,8-Jun-07,8-Jun-07,8-Jun-07,ARV,Adult,SCMS from RDC,"Zidovudine 300mg, tablets, 60 Tabs",Zidovudine,Generic,300mg,Tablet,60,1926,16409.52,8.52,0.14,"Ranbaxy, Paonta Shahib, India",Yes,105,977.55,
10573,104-CI-T01,Pre-PQ Process,SO-603,DN-196,Côte d'Ivoire,PMO - US,From RDC,N/A - From RDC,N/A,Pre-PQ Process,N/A - From RDC,28-Jun-07,28-Jun-07,28-Jun-07,ARV,Adult,SCMS from RDC,"Lamivudine/Nevirapine/Stavudine 150/200/30mg, tablets, 60 Tabs",Lamivudine/Nevirapine/Stavudine,Generic,150/200/30mg,Tablet - FDC,60,40411,303082.5,7.5,0.12,"Cipla, Goa, India",Yes,7185,17587,484.93
10576,104-CI-T01,Pre-PQ Process,SO-781,DN-245,Côte d'Ivoire,PMO - US,From RDC,N/A - From RDC,N/A,Pre-PQ Process,N/A - From RDC,31-Jul-07,31-Jul-07,31-Jul-07,HRDT,HIV test,SCMS from RDC,"HIV 1/2, Determine Complete HIV Kit, 100 Tests","HIV 1/2, Determine Complete HIV Kit",Determine,N/A,Test kit,100,2,160,80,0.8,ABBVIE GmbH & Co.KG Wiesbaden,Yes,1,9789.07,0.26
10577,105-GY-T01,Pre-PQ Process,SO-694,DN-280,Guyana,PMO - US,From RDC,N/A - From RDC,Air,Pre-PQ Process,N/A - From RDC,9-Aug-07,9-Aug-07,9-Aug-07,ARV,Adult,SCMS from RDC,"Zidovudine 300mg, tablets, 60 Tabs",Zidovudine,Generic,300mg,Tablet,60,564,4596.6,8.15,0.14,"Aurobindo Unit III, India",Yes,34,1920,7.35
10578,100-ZW-T01,Pre-PQ Process,SO-702,DN-212,Zimbabwe,PMO - US,From RDC,N/A - From RDC,Truck,Pre-PQ Process,N/A - From RDC,4-Jul-07,4-Jul-07,4-Jul-07,ARV,Adult,SCMS from RDC,"Lamivudine/Nevirapine/Stavudine 150/200/30mg, tablets, 60 Tabs",Lamivudine/Nevirapine/Stavudine,Generic,150/200/30mg,Tablet - FDC,60,8694,64335.6,7.4,0.12,"Cipla, Goa, India",Yes,819,3135,102.94
10579,109-TZ-T01,Pre-PQ Process,SO-749,DN-257,Tanzania,PMO - US,From RDC,N/A - From RDC,Air,Pre-PQ Process,N/A - From RDC,14-Aug-07,14-Aug-07,14-Aug-07,HRDT,HIV test,SCMS from RDC,"HIV 1/2, Determine Complete HIV Kit, 100 Tests","HIV 1/2, Determine Complete HIV Kit",Determine,N/A,Test kit,100,302,24160,80,0.8,ABBVIE GmbH & Co.KG Wiesbaden,Yes,98,1266.39,38.66
10580,104-CI-T01,Pre-PQ Process,SO-816,DN-265,Côte d'Ivoire,PMO - US,From RDC,N/A - From RDC,Air,Pre-PQ Process,N/A - From RDC,17-Aug-07,17-Aug-07,17-Aug-07,ARV,Adult,SCMS from RDC,"Lamivudine 150mg, tablets, 60 Tabs",Lamivudine,Generic,150mg,Tablet,60,3145,9560.8,3.04,0.05,"Aurobindo Unit III, India",Yes,206,2731.58,15.3
10585,104-CI-T01,Pre-PQ Process,SO-590,DN-220,Côte d'Ivoire,PMO - US,From RDC,N/A - From RDC,N/A,Pre-PQ Process,N/A - From RDC,18-Jul-07,18-Jul-07,18-Jul-07,ARV,Pediatric,SCMS from RDC,"Efavirenz 50mg [Stocrin/Sustiva], capsule, 30 Caps",Efavirenz,Stocrin/Sustiva,50mg,Capsule,30,5000,17350,3.47,0.12,"MSD, Haarlem, NL",Yes,263,1699,27.76
10587,119-NA-T01,Pre-PQ Process,SO-884,DN-322,Namibia,PMO - US,From RDC,N/A - From RDC,N/A,Pre-PQ Process,N/A - From RDC,7-Sep-07,7-Sep-07,7-Sep-07,HRDT,HIV test,SCMS from RDC,"HIV 1/2, Uni-Gold HIV Kit, 20 Tests","HIV 1/2, Uni-Gold HIV Kit",Uni-Gold,N/A,Test kit,20,300,9600,32,1.6,"Trinity Biotech, Plc",Yes,172,688.84,15.36
10588,104-CI-T01,Pre-PQ Process,SO-963,DN-323,Côte d'Ivoire,PMO - US,From RDC,N/A - From RDC,N/A,Pre-PQ Process,N/A - From RDC,14-Sep-07,14-Sep-07,14-Sep-07,ARV,Adult,SCMS from RDC,"Indinavir 400mg [Crixivan], capsules, 180 Caps",Indinavir,Crixivan,400mg,Capsule,180,1076,53800,50,0.28,MSD Elkton USA,Yes,1286,7629.94,86.08
10589,111-MZ-T01,Pre-PQ Process,SO-298,DN-304,Mozambique,PMO - US,From RDC,N/A - From RDC,Air,Pre-PQ Process,N/A - From RDC,21-Sep-07,21-Sep-07,21-Sep-07,ARV,Pediatric,SCMS from RDC,"Abacavir 20mg/ml, oral solution, Bottle, 240 ml",Abacavir,Generic,20mg/ml,Oral solution,240,338,7114.9,21.05,0.09,"Aurobindo Unit III, India",Yes,9006,9869.55,11.38
10590,100-ZW-T01,Pre-PQ Process,SO-897,DN-299,Zimbabwe,PMO - US,From RDC,N/A - From RDC,Truck,Pre-PQ Process,N/A - From RDC,17-Aug-07,17-Aug-07,17-Aug-07,ARV,Adult,SCMS from RDC,"Zidovudine 300mg, tablets, 60 Tabs",Zidovudine,Generic,300mg,Tablet,60,1200,9780,8.15,0.14,"Aurobindo Unit III, India",Yes,70,1949.84,15.65
10593,104-CI-T01,Pre-PQ Process,SO-959,DN-320,Côte d'Ivoire,PMO - US,From RDC,N/A - From RDC,N/A,Pre-PQ Process,N/A - From RDC,30-Aug-07,30-Aug-07,30-Aug-07,ARV,Adult,SCMS from RDC,"Stavudine 30mg, capsules, 60 Caps",Stavudine,Generic,30mg,Capsule,60,1796,2729.92,1.52,0.03,"Strides, Bangalore, India.",Yes,5880,14656,4.37
10596,100-ZW-T01,Pre-PQ Process,SO-719,DN-338,Zimbabwe,PMO - US,From RDC,N/A - From RDC,Truck,Pre-PQ Process,N/A - From RDC,26-Sep-07,26-Sep-07,26-Sep-07,ARV,Adult,SCMS from RDC,"Lamivudine/Nevirapine/Stavudine 150/200/30mg, tablets, 60 Tabs",Lamivudine/Nevirapine/Stavudine,Generic,150/200/30mg,Tablet - FDC,60,53546,396240.4,7.4,0.12,"Cipla, Goa, India",Yes,5467,18941.31,633.98
10597,100-ZW-T01,Pre-PQ Process,SO-1074,DN-354,Zimbabwe,PMO - US,From RDC,N/A - From RDC,Truck,Pre-PQ Process,N/A - From RDC,18-Sep-07,18-Sep-07,18-Sep-07,ARV,Adult,SCMS from RDC,"Lamivudine/Stavudine 150/30mg, tablets, 30 Tabs",Lamivudine/Stavudine,Generic,150/30mg,Tablet - FDC,30,537,1074,2,0.07,"Cipla, Goa, India",Yes,143,2099,1.72
10600,114-UG-T01,Pre-PQ Process,SO-1080,DN-362,Uganda,PMO - US,From RDC,N/A - From RDC,Air,Pre-PQ Process,N/A - From RDC,5-Nov-07,5-Nov-07,5-Nov-07,ARV,Adult,SCMS from RDC,"Lamivudine/Nevirapine/Stavudine 150/200/30mg, tablets, 60 Tabs",Lamivudine/Nevirapine/Stavudine,Generic,150/200/30mg,Tablet - FDC,60,1953,14452.2,7.4,0.12,"Cipla, Goa, India",Yes,283,1673,23.12
10610,104-CI-T01,Pre-PQ Process,SO-997,DN-324,Côte d'Ivoire,PMO - US,From RDC,N/A - From RDC,N/A,Pre-PQ Process,N/A - From RDC,31-Aug-07,31-Aug-07,31-Aug-07,ARV,Adult,SCMS from RDC,"Ritonavir 100mg [Norvir], capsules, cool, 4 x 84 Caps",Ritonavir,Norvir,100mg,Capsule,336,245,9398.2,38.36,0.11,ABBVIE (Abbott) France,Yes,1468,4602.4,15.04
10612,104-CI-T01,Pre-PQ Process,SO-843,DN-330,Côte d'Ivoire,PMO - US,From RDC,N/A - From RDC,N/A,Pre-PQ Process,N/A - From RDC,4-Sep-07,4-Sep-07,4-Sep-07,ARV,Adult,SCMS from RDC,"Efavirenz 600mg, tablets, 30 Tabs",Efavirenz,Generic,600mg,Tablet,30,24265,394548.9,16.26,0.54,"Strides, Bangalore, India.",Yes,2518,6667,631.28
10613,117-ET-T01,Pre-PQ Process,SO-914,DN-332,Ethiopia,PMO - US,From RDC,N/A - From RDC,N/A,Pre-PQ Process,N/A - From RDC,4-Sep-07,4-Sep-07,4-Sep-07,ARV,Pediatric,SCMS from RDC,"Zidovudine 10mg/ml, oral solution, Bottle, 240 ml",Zidovudine,Generic,10mg/ml,Oral solution,240,13850,29777.5,2.15,0.01,"Aurobindo Unit III, India",Yes,35216,88801,47.64
10614,104-CI-T01,Pre-PQ Process,SO-923,DN-336,Côte d'Ivoire,PMO - US,From RDC,N/A - From RDC,N/A,Pre-PQ Process,N/A - From RDC,21-Sep-07,21-Sep-07,21-Sep-07,ARV,Adult,SCMS from RDC,"Lamivudine/Zidovudine 150/300mg, tablets, 60 Tabs",Lamivudine/Zidovudine,Generic,150/300mg,Tablet - FDC,60,11803,126056.04,10.68,0.18,"Aurobindo Unit III, India",Yes,1148,2762,201.69
10616,110-ZM-T01,Pre-PQ Process,SO-804,DN-328,Zambia,PMO - US,From RDC,N/A - From RDC,N/A,Pre-PQ Process,N/A - From RDC,31-Aug-07,31-Aug-07,31-Aug-07,ARV,Adult,SCMS from RDC,"Lopinavir/Ritonavir 200/50mg [Aluvia], tablets, 120 Tabs",Lopinavir/Ritonavir,Aluvia,200/50mg,Tablet,120,3769,154905.9,41.1,0.34,ABBVIE Ludwigshafen Germany,Yes,821,4068.44,247.85
10622,110-ZM-T01,Pre-PQ Process,SO-535,DN-380,Zambia,PMO - US,From RDC,N/A - From RDC,N/A,Pre-PQ Process,N/A - From RDC,17-Oct-07,17-Oct-07,17-Oct-07,HRDT,HIV test,SCMS from RDC,"HIV 1/2, Determine Complete HIV Kit, 100 Tests","HIV 1/2, Determine Complete HIV Kit",Determine,N/A,Test kit,100,1128,90240,80,0.8,ABBVIE GmbH & Co.KG Wiesbaden,Yes,629,2938.27,144.38
10623,112-NG-T01,Pre-PQ Process,SO-565,DN-373,Nigeria,PMO - US,From RDC,N/A - From RDC,Air,Pre-PQ Process,N/A - From RDC,20-Sep-07,20-Sep-07,20-Sep-07,ARV,Adult,SCMS from RDC,"Lamivudine/Zidovudine+Nevirapine 150/300+200mg, tablets, co-blister, 60+60 Tabs",Lamivudine/Zidovudine+Nevirapine,Generic,150/300+200mg,Tablet - FDC + co-blister,120,9980,204590,20.5,0.17,"Aspen-OSD, Port Elizabeth, SA",Yes,2846,13873,327.34
10624,112-NG-T01,Pre-PQ Process,SO-565,DN-373,Nigeria,PMO - US,From RDC,N/A - From RDC,Air,Pre-PQ Process,N/A - From RDC,20-Sep-07,20-Sep-07,20-Sep-07,ARV,Adult,SCMS from RDC,"Lamivudine/Nevirapine/Stavudine 150/200/30mg, tablets, 60 Tabs",Lamivudine/Nevirapine/Stavudine,Generic,150/200/30mg,Tablet - FDC,60,222,1665,7.5,0.12,"Cipla, Goa, India",No,See DN-373 (ID#:10623),See DN-373 (ID#:10623),2.66
10625,112-NG-T01,Pre-PQ Process,SO-565,DN-373,Nigeria,PMO - US,From RDC,N/A - From RDC,Air,Pre-PQ Process,N/A - From RDC,20-Sep-07,20-Sep-07,20-Sep-07,ARV,Adult,SCMS from RDC,"Lamivudine/Nevirapine/Stavudine 150/200/40mg, tablets, 60 Tabs",Lamivudine/Nevirapine/Stavudine,Generic,150/200/40mg,Tablet - FDC,60,1132,8716.4,7.7,0.13,"Cipla, Goa, India",No,See DN-373 (ID#:10623),See DN-373 (ID#:10623),13.95
10626,112-NG-T01,Pre-PQ Process,SO-565,DN-373,Nigeria,PMO - US,From RDC,N/A - From RDC,Air,Pre-PQ Process,N/A - From RDC,20-Sep-07,20-Sep-07,20-Sep-07,ARV,Pediatric,SCMS from RDC,"Zidovudine 10mg/ml, oral solution, Bottle, 240 ml",Zidovudine,Generic,10mg/ml,Oral solution,240,1653,6529.35,3.95,0.02,"Aurobindo Unit III, India",No,See DN-373 (ID#:10623),See DN-373 (ID#:10623),10.45
10628,104-CI-T01,Pre-PQ Process,SO-845,DN-376,Côte d'Ivoire,PMO - US,From RDC,N/A - From RDC,Air,Pre-PQ Process,N/A - From RDC,2-Oct-07,2-Oct-07,2-Oct-07,HRDT,HIV test,SCMS from RDC,"HIV 1/2, Determine Complete HIV Kit, 100 Tests","HIV 1/2, Determine Complete HIV Kit",Determine,N/A,Test kit,100,1150,82800,72,0.72,Inverness Japan,Yes,476,2172,132.48
10630,110-ZM-T01,Pre-PQ Process,SO-1121,DN-418,Zambia,PMO - US,From RDC,N/A - From RDC,Air,Pre-PQ Process,N/A - From RDC,13-Nov-07,13-Nov-07,13-Nov-07,ARV,Adult,SCMS from RDC,"Emtricitabine/Tenofovir Disoproxil Fumarate 200/300mg [Truvada], tablets, 30 Tabs",Emtricitabine/Tenofovir Disoproxil Fumarate,Truvada,300/200mg,Tablet - FDC,30,3360,88200,26.25,0.88,Gilead(Nycomed) Oranienburg DE,Yes,281,1532.41,141.12
10631,112-NG-T01,Pre-PQ Process,SO-1225,DN-411,Nigeria,PMO - US,From RDC,N/A - From RDC,Air,Pre-PQ Process,N/A - From RDC,1-Nov-07,1-Nov-07,1-Nov-07,ARV,Adult,SCMS from RDC,"Stavudine 30mg, capsules, 60 Caps",Stavudine,Generic,30mg,Capsule,60,1500,2280,1.52,0.03,"Aurobindo Unit III, India",Yes,178,1621,3.65
10632,110-ZM-T01,Pre-PQ Process,SO-1122,DN-417,Zambia,PMO - US,From RDC,N/A - From RDC,Air,Pre-PQ Process,N/A - From RDC,2-Nov-07,2-Nov-07,2-Nov-07,ARV,Adult,SCMS from RDC,"Lamivudine/Zidovudine 150/300mg, tablets, 60 Tabs",Lamivudine/Zidovudine,Generic,150/300mg,Tablet - FDC,60,40245,382327.5,9.5,0.16,"Cipla, Goa, India",Yes,3254,13267.3,611.72
10633,111-MZ-T01,Pre-PQ Process,SO-1038,DN-426,Mozambique,PMO - US,From RDC,N/A - From RDC,Air,Pre-PQ Process,N/A - From RDC,29-Nov-07,29-Nov-07,29-Nov-07,ARV,Adult,SCMS from RDC,"Lamivudine/Zidovudine 150/300mg, tablets, 60 Tabs",Lamivudine/Zidovudine,Generic,150/300mg,Tablet - FDC,60,10044,95418,9.5,0.16,"Cipla, Goa, India",Yes,7341,10879.28,152.67
10634,112-NG-T01,Pre-PQ Process,SO-1109,DN-422,Nigeria,PMO - US,From RDC,N/A - From RDC,Air,Pre-PQ Process,N/A - From RDC,9-Nov-07,9-Nov-07,9-Nov-07,ARV,Adult,SCMS from RDC,"Lamivudine/Nevirapine/Zidovudine 150/200/300mg, tablets, 60 Tabs",Lamivudine/Nevirapine/Zidovudine,Generic,150/300/200mg,Tablet - FDC,60,7436,100386,13.5,0.22,"Aurobindo Unit III, India",Yes,962,5180,160.62
10636,110-ZM-T01,Pre-PQ Process,SO-1317,DN-605,Zambia,PMO - US,From RDC,N/A - From RDC,Truck,Pre-PQ Process,N/A - From RDC,21-Feb-08,21-Feb-08,21-Feb-08,ARV,Adult,SCMS from RDC,"Nevirapine 200mg, tablets, 60 Tabs",Nevirapine,Generic,200mg,Tablet,60,72333,245932.2,3.4,0.06,Hetero Unit III Hyderabad IN,Yes,4957,15220.18,393.49
10637,117-ET-T01,Pre-PQ Process,SO-1342,DN-459,Ethiopia,PMO - US,From RDC,N/A - From RDC,Air,Pre-PQ Process,N/A - From RDC,26-Nov-07,26-Nov-07,26-Nov-07,ARV,Pediatric,SCMS from RDC,"Stavudine 1mg/ml, powder for oral solution, 200 ml",Stavudine,Generic,1mg/ml,Oral solution,200,7294,10211.6,1.4,0.01,"Aurobindo Unit III, India",Yes,753,8004,16.34
10639,125-HT-T01,Pre-PQ Process,SO-1290,DN-444,Haiti,PMO - US,From RDC,N/A - From RDC,Air,Pre-PQ Process,N/A - From RDC,31-Dec-07,31-Dec-07,31-Dec-07,HRDT,HIV test,SCMS from RDC,"HIV 1/2, Determine HIV Kit, without Lancets, 100 Tests","HIV 1/2, Determine HIV Kit, without Lancets",Determine,N/A,Test kit,100,10,720,72,0.72,Inverness Japan,Yes,6,2219.44,1.15
10640,106-HT-T01,Pre-PQ Process,SO-1288,DN-445,Haiti,PMO - US,From RDC,N/A - From RDC,Air,Pre-PQ Process,N/A - From RDC,22-Jan-08,22-Jan-08,22-Jan-08,ARV,Pediatric,SCMS from RDC,"Lamivudine 10mg/ml, oral solution, Bottle, 240 ml",Lamivudine,Generic,10mg/ml,Oral solution,240,2000,3940,1.97,0.01,"Aurobindo Unit III, India",Yes,4213,38515.8,6.3
10641,106-HT-T01,Pre-PQ Process,SO-1288,DN-445,Haiti,PMO - US,From RDC,N/A - From RDC,Air,Pre-PQ Process,N/A - From RDC,22-Jan-08,22-Jan-08,22-Jan-08,ARV,Adult,SCMS from RDC,"Lamivudine 150mg, tablets, 60 Tabs",Lamivudine,Generic,150mg,Tablet,60,5000,15200,3.04,0.05,"Aurobindo Unit III, India",No,See DN-445 (ID#:10640),See DN-445 (ID#:10640),24.32
10642,112-NG-T01,Pre-PQ Process,SO-567,DN-475,Nigeria,PMO - US,From RDC,N/A - From RDC,Air,Pre-PQ Process,N/A - From RDC,3-Dec-07,3-Dec-07,3-Dec-07,ARV,Adult,SCMS from RDC,"Lamivudine/Nevirapine/Zidovudine 150/200/300mg, tablets, 60 Tabs",Lamivudine/Nevirapine/Zidovudine,Generic,150/300/200mg,Tablet - FDC,60,12984,266172,20.5,0.34,"Aurobindo Unit III, India",Yes,3286,18208,425.88
10643,110-ZM-T01,Pre-PQ Process,SO-1309,DN-484,Zambia,PMO - US,From RDC,N/A - From RDC,N/A,Pre-PQ Process,N/A - From RDC,7-Dec-07,7-Dec-07,7-Dec-07,ARV,Adult,SCMS from RDC,"Lamivudine/Nevirapine/Stavudine 150/200/30mg, tablets, 60 Tabs",Lamivudine/Nevirapine/Stavudine,Generic,150/200/30mg,Tablet - FDC,60,14052,103984.8,7.4,0.12,"Cipla, Goa, India",Yes,1420,5780.2,166.38
10644,110-ZM-T01,Pre-PQ Process,SO-1029,DN-486,Zambia,PMO - US,From RDC,N/A - From RDC,N/A,Pre-PQ Process,N/A - From RDC,6-Dec-07,6-Dec-07,6-Dec-07,ARV,Pediatric,SCMS from RDC,"Efavirenz 50mg, capsule, 30 Caps",Efavirenz,Generic,50mg,Capsule,30,3690,10147.5,2.75,0.09,"Aurobindo Unit III, India",Yes,226,1370.28,16.24
10645,104-CI-T01,Pre-PQ Process,SO-1408,DN-478,Côte d'Ivoire,PMO - US,From RDC,N/A - From RDC,Air,Pre-PQ Process,N/A - From RDC,10-Dec-07,10-Dec-07,10-Dec-07,ARV,Adult,SCMS from RDC,"Nevirapine 200mg, tablets, 60 Tabs",Nevirapine,Generic,200mg,Tablet,60,8000,27200,3.4,0.06,"Strides, Bangalore, India.",Yes,1013,3646,43.52
10647,100-ZW-T01,Pre-PQ Process,SO-708,DN-479,Zimbabwe,PMO - US,From RDC,N/A - From RDC,Air,Pre-PQ Process,N/A - From RDC,5-Feb-08,5-Feb-08,5-Feb-08,ARV,Adult,SCMS from RDC,"Efavirenz 600mg, tablets, 30 Tabs",Efavirenz,Generic,600mg,Tablet,30,1860,23101.2,12.42,0.41,"Cipla, Goa, India",Yes,2425,13356.65,36.96
10648,104-CI-T01,Pre-PQ Process,SO-1361,DN-503,Côte d'Ivoire,PMO - US,From RDC,N/A - From RDC,Air,Pre-PQ Process,N/A - From RDC,14-Dec-07,14-Dec-07,14-Dec-07,ARV,Adult,SCMS from RDC,"Abacavir/Lamivudine/Zidovudine 300/150/300mg [Trizivir], tablets, 60 Tabs",Abacavir/Lamivudine/Zidovudine,Trizivir,300/150/300mg,Tablet - FDC,60,1847,129290,70,1.17,GSK Ware (UK),Yes,271,1700,206.86
10650,102-BW-T01,Pre-PQ Process,SO-1662,DN-621,Botswana,PMO - US,From RDC,N/A - From RDC,Air,Pre-PQ Process,N/A - From RDC,12-Mar-08,12-Mar-08,12-Mar-08,HRDT,HIV test,SCMS from RDC,"HIV 1/2, Uni-Gold HIV Kit, 20 Tests","HIV 1/2, Uni-Gold HIV Kit",Uni-Gold,N/A,Test kit,20,100,3200,32,1.6,"Trinity Biotech, Plc",Yes,35,861,5.12
10651,111-MZ-T01,Pre-PQ Process,SO-1039,DN-601,Mozambique,PMO - US,From RDC,N/A - From RDC,Air,Pre-PQ Process,N/A - From RDC,8-Apr-08,5-Apr-08,5-Apr-08,ARV,Adult,SCMS from RDC,"Stavudine 30mg, capsules, 60 Caps",Stavudine,Generic,30mg,Capsule,60,120,182.4,1.52,0.03,"Aurobindo Unit III, India",Yes,5092,8118.64,0.29
10652,100-ZW-T01,Pre-PQ Process,SO-710,DN-488,Zimbabwe,PMO - US,From RDC,N/A - From RDC,Air,Pre-PQ Process,N/A - From RDC,14-Jan-08,14-Jan-08,14-Jan-08,ARV,Adult,SCMS from RDC,"Efavirenz 600mg, tablets, 30 Tabs",Efavirenz,Generic,600mg,Tablet,30,1860,23101.2,12.42,0.41,"Cipla, Goa, India",Yes,4091,12130.9,36.96
10653,111-MZ-T01,Pre-PQ Process,SO-579,DN-600,Mozambique,PMO - US,From RDC,N/A - From RDC,Air,Pre-PQ Process,N/A - From RDC,18-Apr-08,18-Apr-08,18-Apr-08,ARV,Pediatric,SCMS from RDC,"Lamivudine 10mg/ml, oral solution, Bottle, 240 ml",Lamivudine,Generic,10mg/ml,Oral solution,240,2744,6695.36,2.44,0.01,"Aurobindo Unit III, India",Yes,998,3894.6,10.71
10654,111-MZ-T01,Pre-PQ Process,SO-1039,DN-628,Mozambique,PMO - US,From RDC,N/A - From RDC,Air,Pre-PQ Process,N/A - From RDC,8-Apr-08,5-Apr-08,5-Apr-08,ARV,Adult,SCMS from RDC,"Lamivudine/Stavudine 150/30mg, tablets, 30 Tabs",Lamivudine/Stavudine,Generic,150/30mg,Tablet - FDC,30,52240,104480,2,0.07,"Cipla, Goa, India",Yes,4230,8771.34,167.17
10656,110-ZM-T01,Pre-PQ Process,SO-783,DN-481,Zambia,PMO - US,From RDC,N/A - From RDC,N/A,Pre-PQ Process,N/A - From RDC,15-Jan-08,15-Jan-08,15-Jan-08,HRDT,HIV test,SCMS from RDC,"HIV 1/2, Determine HIV Kit, without Lancets, 100 Tests","HIV 1/2, Determine HIV Kit, without Lancets",Determine,N/A,Test kit,100,2100,151179,71.99,0.72,Inverness Japan,Yes,498,2292.6,241.89
10658,112-NG-T01,Pre-PQ Process,SO-1570,DN-535,Nigeria,PMO - US,From RDC,N/A - From RDC,Air,Pre-PQ Process,N/A - From RDC,9-Jan-08,9-Jan-08,9-Jan-08,ARV,Adult,SCMS from RDC,"Lamivudine/Zidovudine 150/300mg, tablets, 60 Tabs",Lamivudine/Zidovudine,Generic,150/300mg,Tablet - FDC,60,367,3486.5,9.5,0.16,"Aurobindo Unit III, India",Yes,447,2230,5.58
10660,107-RW-T01,Pre-PQ Process,SO-1222,DN-571,Rwanda,PMO - US,From RDC,N/A - From RDC,Air,Pre-PQ Process,N/A - From RDC,28-Jan-08,28-Jan-08,28-Jan-08,HRDT,HIV test - Ancillary,SCMS from RDC,"HIV, Lancet, Safety, for HIV Test kits, 100 Pcs","HIV, Lancet, Safety, for HIV Test kits, 100 Pcs",Generic,N/A,Test kit - Ancillary,100,2093,20.93,0.01,0,Inverness Japan,Yes,609,12977.28,0.03
10662,109-TZ-T01,Pre-PQ Process,SO-1647,DN-556,Tanzania,PMO - US,From RDC,N/A - From RDC,Air,Pre-PQ Process,N/A - From RDC,6-Feb-08,6-Feb-08,6-Feb-08,ARV,Adult,SCMS from RDC,"Lamivudine/Zidovudine 150/300mg, tablets, 60 Tabs",Lamivudine/Zidovudine,Generic,150/300mg,Tablet - FDC,60,9476,90022,9.5,0.16,"Aurobindo Unit III, India",Yes,1008,4207.4,144.04
10663,105-GY-T01,Pre-PQ Process,SO-1239,DN-557,Guyana,PMO - US,From RDC,N/A - From RDC,Air,Pre-PQ Process,N/A - From RDC,24-Jan-08,24-Jan-08,24-Jan-08,ARV,Adult,SCMS from RDC,"Efavirenz 600mg, tablets, 30 Tabs",Efavirenz,Generic,600mg,Tablet,30,5670,70421.4,12.42,0.41,"Strides, Bangalore, India.",Yes,441,6141.25,112.67
10664,104-CI-T01,Pre-PQ Process,SO-1278,DN-561,Côte d'Ivoire,PMO - US,From RDC,N/A - From RDC,Air,Pre-PQ Process,N/A - From RDC,17-Jan-08,17-Jan-08,17-Jan-08,HRDT,HIV test,SCMS from RDC,"HIV 2, New LAV Blot 2 HIV Kit, 18 Tests","HIV 2, New LAV Blot 2 HIV Kit",LAV,N/A,Test kit,18,9,2773.53,308.17,17.12,Bio-Rad Laboratories,Yes,13,1148,4.44
10665,104-CI-T01,Pre-PQ Process,SO-1144,DN-539,Côte d'Ivoire,PMO - US,From RDC,N/A - From RDC,Air,Pre-PQ Process,N/A - From RDC,28-Dec-07,28-Dec-07,28-Dec-07,ARV,Pediatric,SCMS from RDC,"Nevirapine 10mg/ml, oral suspension, Bottle, 240 ml",Nevirapine,Generic,10mg/ml,Oral suspension,240,475,912,1.92,0.01,"Aurobindo Unit III, India",Yes,170,1301,1.46
10666,110-ZM-T01,Pre-PQ Process,SO-1034,DN-554,Zambia,PMO - US,From RDC,N/A - From RDC,N/A,Pre-PQ Process,N/A - From RDC,12-Feb-08,12-Feb-08,12-Feb-08,ARV,Adult,SCMS from RDC,"Efavirenz 600mg, tablets, 30 Tabs",Efavirenz,Generic,600mg,Tablet,30,44135,548156.7,12.42,0.41,Mylan (formerly Matrix) Nashik,Yes,3462,12569.92,877.05
10667,104-CI-T01,Pre-PQ Process,SO-1679,DN-581,Côte d'Ivoire,PMO - US,From RDC,N/A - From RDC,Air,Pre-PQ Process,N/A - From RDC,5-Feb-08,5-Feb-08,5-Feb-08,ARV,Pediatric,SCMS from RDC,"Stavudine 1mg/ml, powder for oral solution, 200 ml",Stavudine,Generic,1mg/ml,Oral solution,200,5900,8260,1.4,0.01,"Aurobindo Unit III, India",Yes,2093,5962.31,13.22
10669,114-UG-T01,Pre-PQ Process,SO-1715,DN-588,Uganda,PMO - US,From RDC,N/A - From RDC,N/A,Pre-PQ Process,N/A - From RDC,6-Mar-08,6-Mar-08,6-Mar-08,ARV,Adult,SCMS from RDC,"Emtricitabine/Tenofovir Disoproxil Fumarate 200/300mg [Truvada], tablets, 30 Tabs",Emtricitabine/Tenofovir Disoproxil Fumarate,Truvada,300/200mg,Tablet - FDC,30,656,17220,26.25,0.88,"Aspen-OSD, Port Elizabeth, SA",Yes,58,794.22,27.55
10670,114-UG-T01,Pre-PQ Process,SO-1082,DN-589,Uganda,PMO - US,From RDC,N/A - From RDC,N/A,Pre-PQ Process,N/A - From RDC,28-Feb-08,28-Feb-08,28-Feb-08,ARV,Adult,SCMS from RDC,"Lamivudine/Nevirapine/Stavudine 150/200/30mg, tablets, 60 Tabs",Lamivudine/Nevirapine/Stavudine,Generic,150/200/30mg,Tablet - FDC,60,93,688.2,7.4,0.12,"Cipla, Goa, India",Yes,311,1430.22,1.1
10671,111-MZ-T01,Pre-PQ Process,SO-1063,DN-597,Mozambique,PMO - US,From RDC,N/A - From RDC,Air,Pre-PQ Process,N/A - From RDC,29-Feb-08,29-Feb-08,29-Feb-08,HRDT,HIV test,SCMS from RDC,"HIV 1/2, Determine HIV Kit, without Lancets, 100 Tests","HIV 1/2, Determine HIV Kit, without Lancets",Determine,N/A,Test kit,100,4300,309557,71.99,0.72,Inverness Japan,Yes,1017,519.71,495.29
10672,111-MZ-T01,Pre-PQ Process,SO-1613,DN-599,Mozambique,PMO - US,From RDC,N/A - From RDC,Air,Pre-PQ Process,N/A - From RDC,10-Mar-08,10-Mar-08,10-Mar-08,ARV,Adult,SCMS from RDC,"Lamivudine 150mg, tablets, 60 Tabs",Lamivudine,Generic,150mg,Tablet,60,2106,6402.24,3.04,0.05,"Ranbaxy, Paonta Shahib, India",Yes,113,919.2,10.24
10673,110-ZM-T01,Pre-PQ Process,SO-2730,DN-821,Zambia,PMO - US,From RDC,N/A - From RDC,Truck,Pre-PQ Process,N/A - From RDC,29-Jul-08,29-Jul-08,29-Jul-08,ARV,Adult,SCMS from RDC,"Lamivudine/Nevirapine/Stavudine 150/200/30mg, tablets, 60 Tabs",Lamivudine/Nevirapine/Stavudine,Generic,150/200/30mg,Tablet - FDC,60,50000,360000,7.2,0.12,"Strides, Bangalore, India.",Yes,3679,5014.65,576
10674,109-TZ-T01,Pre-PQ Process,SO-2560,DN-826,Tanzania,PMO - US,From RDC,N/A - From RDC,Air,Pre-PQ Process,N/A - From RDC,29-Jul-08,29-Jul-08,29-Jul-08,ARV,Adult,SCMS from RDC,"Nevirapine 200mg, tablets, 60 Tabs",Nevirapine,Generic,200mg,Tablet,60,1300,4420,3.4,0.06,"Ranbaxy, Paonta Shahib, India",Yes,16709,15210,7.07
10675,100-PK-T01,Pre-PQ Process,SO-2496,DN-732,Pakistan,PMO - US,From RDC,N/A - From RDC,Air,Pre-PQ Process,N/A - From RDC,19-May-08,19-May-08,19-May-08,HRDT,HIV test,SCMS from RDC,"HIV 1/2, Determine HIV Kit, without Lancets, 100 Tests","HIV 1/2, Determine HIV Kit, without Lancets",Determine,N/A,Test kit,100,20,1439.8,71.99,0.72,Inverness Japan,Yes,Weight Captured Separately,Invoiced Separately,2.3
10676,131-NG-T01,Pre-PQ Process,SO-2577,DN-738,Nigeria,PMO - US,From RDC,N/A - From RDC,Air,Pre-PQ Process,N/A - From RDC,20-May-08,20-May-08,20-May-08,ARV,Adult,SCMS from RDC,"Lamivudine/Nevirapine/Zidovudine 150/200/300mg, tablets, 60 Tabs",Lamivudine/Nevirapine/Zidovudine,Generic,150/300/200mg,Tablet - FDC,60,3226,42841.28,13.28,0.22,"Aurobindo Unit III, India",Yes,359,2750.89,68.55
10677,119-NA-T01,Pre-PQ Process,SO-1765,DN-759,Namibia,PMO - US,From RDC,N/A - From RDC,Air,Pre-PQ Process,N/A - From RDC,19-Jun-08,19-Jun-08,19-Jun-08,ARV,Adult,SCMS from RDC,"Efavirenz 600mg, tablets, 30 Tabs",Efavirenz,Generic,600mg,Tablet,30,24320,292083.2,12.01,0.4,"Aurobindo Unit III, India",Yes,2094,4528.5,467.33
10678,110-ZM-T01,Pre-PQ Process,SO-2485,DN-828,Zambia,PMO - US,From RDC,N/A - From RDC,Truck,Pre-PQ Process,N/A - From RDC,29-Jul-08,29-Jul-08,29-Jul-08,ARV,Adult,SCMS from RDC,"Lamivudine/Zidovudine 150/300mg, tablets, 60 Tabs",Lamivudine/Zidovudine,Generic,150/300mg,Tablet - FDC,60,14124,133471.8,9.45,0.16,"Cipla, Goa, India",Yes,2115,2882.85,213.55
10679,102-KE-T01,Pre-PQ Process,SO-1740,DN-829,Kenya,PMO - US,From RDC,N/A - From RDC,Truck,Pre-PQ Process,N/A - From RDC,31-Mar-08,31-Mar-08,31-Mar-08,HRDT,HIV test,SCMS from RDC,"HIV, Bioline HIV 1/2 3.0 Kit, [DON] 25 Tests","HIV, Bioline HIV 1/2 3.0 Kit",Bioline,N/A,Test kit,25,3,0.03,0.01,0,"Standard Diagnostics, Korea",Yes,3,99,0
10680,102-KE-T01,Pre-PQ Process,SO-1720,DN-830,Kenya,PMO - US,From RDC,N/A - From RDC,Truck,Pre-PQ Process,N/A - From RDC,30-May-08,30-May-08,30-May-08,HRDT,HIV test,SCMS from RDC,"HIV, Bioline HIV 1/2 3.0 Kit, [DON] 25 Tests","HIV, Bioline HIV 1/2 3.0 Kit",Bioline,N/A,Test kit,25,997,9.97,0.01,0,"Standard Diagnostics, Korea",Yes,399,417.42,0.02
10681,100-ZW-T01,Pre-PQ Process,SO-1608,DN-771,Zimbabwe,PMO - US,From RDC,N/A - From RDC,Truck,Pre-PQ Process,N/A - From RDC,9-Jun-08,9-Jun-08,9-Jun-08,ARV,Adult,SCMS from RDC,"Lamivudine/Stavudine 150/30mg, tablets, 30 Tabs",Lamivudine/Stavudine,Generic,150/30mg,Tablet - FDC,30,1600,3200,2,0.07,"Cipla, Goa, India",Yes,96,2145.17,5.12
10682,104-CI-T01,Pre-PQ Process,SO-1680,DN-673,Côte d'Ivoire,PMO - US,From RDC,N/A - From RDC,Air,Pre-PQ Process,N/A - From RDC,27-Mar-08,27-Mar-08,27-Mar-08,ARV,Adult,SCMS from RDC,"Abacavir 300mg, tablets, 60 Tabs",Abacavir,Generic,300mg,Tablet,60,374,10296.22,27.53,0.46,"Aurobindo Unit III, India",Yes,1118,2810.58,16.47
10683,106-HT-T01,Pre-PQ Process,SO-2056,DN-743,Haiti,PMO - US,From RDC,N/A - From RDC,Air,Pre-PQ Process,N/A - From RDC,27-May-08,27-May-08,27-May-08,ARV,Pediatric,SCMS from RDC,"Nevirapine 10mg/ml, oral suspension, Bottle, 240 ml",Nevirapine,Generic,10mg/ml,Oral suspension,240,5056,9707.52,1.92,0.01,"Aurobindo Unit III, India",Yes,2166,22956,15.53
10684,106-HT-T01,Pre-PQ Process,SO-2053,DN-744,Haiti,PMO - US,From RDC,N/A - From RDC,Air,Pre-PQ Process,N/A - From RDC,2-Jun-08,2-Jun-08,2-Jun-08,ARV,Adult,SCMS from RDC,"Stavudine 30mg, capsules, 60 Caps",Stavudine,Generic,30mg,Capsule,60,4725,7182,1.52,0.03,"Aurobindo Unit III, India",Yes,1154,12508.65,11.49
10685,117-ET-T01,Pre-PQ Process,SO-1949,DN-668,Ethiopia,PMO - US,From RDC,N/A - From RDC,N/A,Pre-PQ Process,N/A - From RDC,25-Mar-08,25-Mar-08,25-Mar-08,ARV,Adult,SCMS from RDC,"Stavudine 30mg, capsules, 60 Caps",Stavudine,Generic,30mg,Capsule,60,51293,77965.36,1.52,0.03,"Aurobindo Unit III, India",Yes,3371,11862.2,124.74
10686,123-NG-T01,Pre-PQ Process,SO-2552,DN-834,Nigeria,PMO - US,From RDC,N/A - From RDC,Air,Pre-PQ Process,N/A - From RDC,16-Jul-08,16-Jul-08,16-Jul-08,ARV,Adult,SCMS from RDC,"Efavirenz 600mg, tablets, 30 Tabs",Efavirenz,Generic,600mg,Tablet,30,11527,138439.27,12.01,0.4,"Aurobindo Unit III, India",Yes,1994,10231.84,221.5
10687,102-KE-T01,Pre-PQ Process,SO-1389,DN-646,Kenya,PMO - US,From RDC,N/A - From RDC,Truck,Pre-PQ Process,N/A - From RDC,27-Feb-08,27-Feb-08,27-Feb-08,HRDT,HIV test,SCMS from RDC,"HIV 1/2, Bioline 3.0 Kit, Lancets, Capillary pipets, Alcohol swabs included, 25 Tests","HIV 1/2, Bioline 3.0 Kit, Lancets, Capillary pipets, Alcohol swabs included",Bioline,N/A,Test kit,25,270,5400,20,0.8,"Standard Diagnostics, Korea",Yes,97,98.08,8.64
10688,106-HT-T01,Pre-PQ Process,SO-2059,DN-733,Haiti,PMO - US,From RDC,N/A - From RDC,Air,Pre-PQ Process,N/A - From RDC,26-May-08,26-May-08,26-May-08,ARV,Adult,SCMS from RDC,"Nevirapine 200mg, tablets, 60 Tabs",Nevirapine,Generic,200mg,Tablet,60,11760,39984,3.4,0.06,"Aurobindo Unit III, India",Yes,3820,35933.8,63.97
10689,104-CI-T01,Pre-PQ Process,SO-2044,DN-734,Côte d'Ivoire,PMO - US,From RDC,N/A - From RDC,Air,Pre-PQ Process,N/A - From RDC,2-Jun-08,2-Jun-08,2-Jun-08,ARV,Pediatric,SCMS from RDC,"Abacavir 20mg/ml, oral solution, Bottle, 240 ml",Abacavir,Generic,20mg/ml,Oral solution,240,1664,27456,16.5,0.07,"Aurobindo Unit III, India",Yes,905,10451.25,43.93
10690,110-ZM-T01,Pre-PQ Process,SO-2546,DN-769,Zambia,PMO - US,From RDC,N/A - From RDC,Truck,Pre-PQ Process,N/A - From RDC,17-Jun-08,17-Jun-08,17-Jun-08,ARV,Adult,SCMS from RDC,"Lamivudine/Stavudine 150/30mg, tablets, 30 Tabs",Lamivudine/Stavudine,Generic,150/30mg,Tablet - FDC,30,42768,85536,2,0.07,"Cipla, Goa, India",Yes,2493,4887.18,136.86
10691,125-HT-T01,Pre-PQ Process,SO-1291,DN-686,Haiti,PMO - US,From RDC,N/A - From RDC,Air,Pre-PQ Process,N/A - From RDC,3-Apr-08,3-Apr-08,3-Apr-08,HRDT,HIV test,SCMS from RDC,"HIV 1/2, Determine HIV Kit, without Lancets, 100 Tests","HIV 1/2, Determine HIV Kit, without Lancets",Determine,N/A,Test kit,100,10,720,72,0.72,Inverness Japan,Yes,12,785.88,1.15
10692,125-HT-T01,Pre-PQ Process,SO-1291,DN-686,Haiti,PMO - US,From RDC,N/A - From RDC,Air,Pre-PQ Process,N/A - From RDC,3-Apr-08,3-Apr-08,3-Apr-08,HRDT,HIV test,SCMS from RDC,"HIV 1/2, Determine HIV Kit, without Lancets, 100 Tests","HIV 1/2, Determine HIV Kit, without Lancets",Determine,N/A,Test kit,100,10,720,72,0.72,Inverness Japan,No,See DN-686 (ID#:10691),See DN-686 (ID#:10691),1.15
10693,114-UG-T01,Pre-PQ Process,SO-1301,DN-480,Uganda,PMO - US,From RDC,N/A - From RDC,Air,Pre-PQ Process,N/A - From RDC,19-Mar-08,19-Mar-08,19-Mar-08,ARV,Adult,SCMS from RDC,"Efavirenz 600mg, tablets, 30 Tabs",Efavirenz,Generic,600mg,Tablet,30,2060,25585.2,12.42,0.41,"Aurobindo Unit III, India",Yes,196,1381.7,40.94
10694,119-NA-T01,Pre-PQ Process,SO-1131,DN-616,Namibia,PMO - US,From RDC,N/A - From RDC,Air,Pre-PQ Process,N/A - From RDC,5-Mar-08,5-Mar-08,5-Mar-08,HRDT,HIV test,SCMS from RDC,"HIV 1/2, Uni-Gold HIV Kit, 20 Tests","HIV 1/2, Uni-Gold HIV Kit",Uni-Gold,N/A,Test kit,20,737,23584,32,1.6,"Trinity Biotech, Plc",Yes,231,5491.08,37.73
10695,104-CI-T01,Pre-PQ Process,SO-791,DN-641,Côte d'Ivoire,PMO - US,From RDC,N/A - From RDC,N/A,Pre-PQ Process,N/A - From RDC,3-Mar-08,3-Mar-08,3-Mar-08,HRDT,HIV test - Ancillary,SCMS from RDC,"HIV, Lancet, Safety, for HIV Test kits, 100 Pcs","HIV, Lancet, Safety, for HIV Test kits, 100 Pcs",Generic,N/A,Test kit - Ancillary,100,1505,15.05,0.01,0,Inverness Japan,Yes,440,1759.4,0.02
10696,109-TZ-T01,Pre-PQ Process,SO-2704,DN-799,Tanzania,PMO - US,From RDC,N/A - From RDC,Air,Pre-PQ Process,N/A - From RDC,9-Jul-08,9-Jul-08,9-Jul-08,ARV,Adult,SCMS from RDC,"Abacavir 300mg, tablets, 60 Tabs",Abacavir,Generic,300mg,Tablet,60,5730,157746.9,27.53,0.46,"Aurobindo Unit III, India",Yes,569,886.35,252.4
10697,100-ZW-T01,Pre-PQ Process,SO-713,DN-687,Zimbabwe,PMO - US,From RDC,N/A - From RDC,Air,Pre-PQ Process,N/A - From RDC,30-Mar-08,30-Mar-08,30-Mar-08,ARV,Adult,SCMS from RDC,"Lamivudine/Stavudine 150/30mg, tablets, 30 Tabs",Lamivudine/Stavudine,Generic,150/30mg,Tablet - FDC,30,1600,3200,2,0.07,"Cipla, Goa, India",Yes,4252,15696.7,5.12
10698,104-CI-T01,Pre-PQ Process,SO-1663,DN-643,Côte d'Ivoire,PMO - US,From RDC,N/A - From RDC,Air,Pre-PQ Process,N/A - From RDC,6-Mar-08,6-Mar-08,6-Mar-08,ARV,Adult,SCMS from RDC,"Lamivudine/Nevirapine/Stavudine 150/200/30mg, tablets, 60 Tabs",Lamivudine/Nevirapine/Stavudine,Generic,150/200/30mg,Tablet - FDC,60,12833,94964.2,7.4,0.12,"Cipla, Goa, India",Yes,1316,3056.96,151.94
10700,104-CI-T01,Pre-PQ Process,SO-1685,DN-613,Côte d'Ivoire,PMO - US,From RDC,N/A - From RDC,Air,Pre-PQ Process,N/A - From RDC,19-Feb-08,19-Feb-08,19-Feb-08,ARV,Adult,SCMS from RDC,"Lamivudine/Zidovudine 150/300mg, tablets, 60 Tabs",Lamivudine/Zidovudine,Generic,150/300mg,Tablet - FDC,60,20284,192698,9.5,0.16,"Aurobindo Unit III, India",Yes,1897,3826.17,308.32
10702,110-ZM-T01,Pre-PQ Process,SO-1887,DN-700,Zambia,PMO - US,From RDC,N/A - From RDC,N/A,Pre-PQ Process,N/A - From RDC,8-May-08,8-May-08,8-May-08,ARV,Adult,SCMS from RDC,"Emtricitabine/Tenofovir Disoproxil Fumarate 200/300mg [Truvada], tablets, 30 Tabs",Emtricitabine/Tenofovir Disoproxil Fumarate,Truvada,300/200mg,Tablet - FDC,30,43154,1132792.5,26.25,0.88,"Aspen-OSD, Port Elizabeth, SA",Yes,3788,1910.61,1812.47
10703,119-NA-T01,Pre-PQ Process,SO-2349,DN-710,Namibia,PMO - US,From RDC,N/A - From RDC,Air,Pre-PQ Process,N/A - From RDC,10-Apr-08,10-Apr-08,10-Apr-08,ARV,Adult,SCMS from RDC,"Efavirenz 600mg, tablets, 30 Tabs",Efavirenz,Generic,600mg,Tablet,30,2100,25221,12.01,0.4,"Aurobindo Unit III, India",Yes,181,690.39,40.35
10704,106-HT-T01,Pre-PQ Process,SO-2600,DN-775,Haiti,PMO - US,From RDC,N/A - From RDC,Air,Pre-PQ Process,N/A - From RDC,27-Jun-08,27-Jun-08,27-Jun-08,ARV,Adult,SCMS from RDC,"Zidovudine 300mg, tablets, 60 Tabs",Zidovudine,Generic,300mg,Tablet,60,3150,25672.5,8.15,0.14,"Aurobindo Unit III, India",Yes,181,2944.21,41.08
10705,106-HT-T01,Pre-PQ Process,SO-2057,DN-691,Haiti,PMO - US,From RDC,N/A - From RDC,Air,Pre-PQ Process,N/A - From RDC,2-Apr-08,2-Apr-08,2-Apr-08,ARV,Adult,SCMS from RDC,"Lamivudine 150mg, tablets, 60 Tabs",Lamivudine,Generic,150mg,Tablet,60,10283,29923.53,2.91,0.05,"Aurobindo Unit III, India",Yes,519,5974.7,47.88
10706,106-HT-T01,Pre-PQ Process,SO-2055,DN-690,Haiti,PMO - US,From RDC,N/A - From RDC,Air,Pre-PQ Process,N/A - From RDC,14-Apr-08,14-Apr-08,14-Apr-08,ARV,Adult,SCMS from RDC,"Lopinavir/Ritonavir 200/50mg [Aluvia], tablets, 120 Tabs",Lopinavir/Ritonavir,Aluvia,200/50mg,Tablet,120,389,15987.9,41.1,0.34,ABBVIE Ludwigshafen Germany,Yes,4639,47525.69,25.58
10707,110-ZM-T01,Pre-PQ Process,SO-1890,DN-719,Zambia,PMO - US,From RDC,N/A - From RDC,N/A,Pre-PQ Process,N/A - From RDC,9-May-08,9-May-08,9-May-08,ARV,Adult,SCMS from RDC,"Lamivudine/Zidovudine 150/300mg, tablets, 60 Tabs",Lamivudine/Zidovudine,Generic,150/300mg,Tablet - FDC,60,40320,381024,9.45,0.16,"Aurobindo Unit III, India",Yes,3750,1891.44,609.64
10708,109-TZ-T01,Pre-PQ Process,SO-2720,DN-765,Tanzania,PMO - US,From RDC,N/A - From RDC,Air,Pre-PQ Process,N/A - From RDC,1-Jul-08,1-Jul-08,1-Jul-08,ARV,Adult,SCMS from RDC,"Lamivudine 150mg, tablets, 60 Tabs",Lamivudine,Generic,150mg,Tablet,60,23230,67599.3,2.91,0.05,"Aurobindo Unit III, India",Yes,1156,6308.6,108.16
10709,104-CI-T01,Pre-PQ Process,SO-16180,DN-1001,Côte d'Ivoire,PMO - US,From RDC,N/A - From RDC,Air,Pre-PQ Process,N/A - From RDC,3-Dec-08,3-Dec-08,3-Dec-08,ARV,Pediatric,SCMS from RDC,"Zidovudine 10mg/ml, oral solution, Bottle, 240 ml",Zidovudine,Generic,10mg/ml,Oral solution,240,1200,2520,2.1,0.01,"Aurobindo Unit III, India",Yes,448,2605.77,4.94
10710,123-NG-T01,Pre-PQ Process,SO-19071,DN-1045,Nigeria,PMO - US,From RDC,N/A - From RDC,Truck,Pre-PQ Process,N/A - From RDC,19-Jan-09,19-Jan-09,19-Jan-09,ARV,Adult,SCMS from RDC,"Stavudine 30mg, capsules, 60 Caps",Stavudine,Generic,30mg,Capsule,60,858,1329.9,1.55,0.03,"Aurobindo Unit III, India",Yes,58,7363.73,2.61
10711,114-UG-T01,Pre-PQ Process,SO-17760,DN-1143,Uganda,PMO - US,From RDC,N/A - From RDC,Air,Pre-PQ Process,N/A - From RDC,2-Apr-09,2-Apr-09,2-Apr-09,ARV,Adult,SCMS from RDC,"Lamivudine/Zidovudine 150/300mg, tablets, 60 Tabs",Lamivudine/Zidovudine,Generic,150/300mg,Tablet - FDC,60,3505,32771.75,9.35,0.16,"Aurobindo Unit III, India",Yes,6556,5401.95,64.23
10712,111-MZ-T01,Pre-PQ Process,SO-15081,DN-1035,Mozambique,PMO - US,From RDC,N/A - From RDC,Air,Pre-PQ Process,N/A - From RDC,21-Feb-09,21-Feb-09,21-Feb-09,ARV,Adult,SCMS from RDC,"Lamivudine/Nevirapine/Stavudine 150/200/30mg, tablets, 60 Tabs",Lamivudine/Nevirapine/Stavudine,Generic,150/200/30mg,Tablet - FDC,60,125000,900000,7.2,0.12,"Strides, Bangalore, India.",Yes,9228,3671.92,1764
10714,111-MZ-T01,Pre-PQ Process,SO-15082,DN-1036,Mozambique,PMO - US,From RDC,N/A - From RDC,Air,Pre-PQ Process,N/A - From RDC,26-Feb-09,21-Feb-09,21-Feb-09,ARV,Adult,SCMS from RDC,"Lamivudine/Nevirapine/Stavudine 150/200/30mg, tablets, 60 Tabs",Lamivudine/Nevirapine/Stavudine,Generic,150/200/30mg,Tablet - FDC,60,32067,230882.4,7.2,0.12,"Strides, Bangalore, India.",Yes,2382,3671.92,452.53
10715,110-ZM-T01,Pre-PQ Process,SO-2491,DN-951,Zambia,PMO - US,From RDC,N/A - From RDC,Truck,Pre-PQ Process,N/A - From RDC,21-Oct-08,21-Oct-08,21-Oct-08,ARV,Adult,SCMS from RDC,"Nevirapine 200mg, tablets, 60 Tabs",Nevirapine,Generic,200mg,Tablet,60,29011,98637.4,3.4,0.06,"Aurobindo Unit III, India",Yes,2717,4060.55,193.33
10716,114-UG-T01,Pre-PQ Process,SO-17910,DN-1068,Uganda,PMO - US,From RDC,N/A - From RDC,Air,Pre-PQ Process,N/A - From RDC,19-Feb-09,19-Feb-09,19-Feb-09,ARV,Adult,SCMS from RDC,"Efavirenz 600mg, tablets, 30 Tabs",Efavirenz,Generic,600mg,Tablet,30,1747,19217,11,0.37,"Aurobindo Unit III, India",Yes,152,1340.96,37.67
10717,107-RW-T01,Pre-PQ Process,SO-24630,DN-1118,Rwanda,PMO - US,From RDC,N/A - From RDC,Air,Pre-PQ Process,N/A - From RDC,16-Mar-09,16-Mar-09,16-Mar-09,ARV,Adult,SCMS from RDC,"Nevirapine 200mg, tablets, 60 Tabs",Nevirapine,Generic,200mg,Tablet,60,7425,23760,3.2,0.05,Hetero Unit III Hyderabad IN,Yes,404,5637.82,46.57
10718,113-ZW-T01,Pre-PQ Process,SO-1052,DN-838,Zimbabwe,PMO - US,From RDC,N/A - From RDC,Truck,Pre-PQ Process,N/A - From RDC,26-Jul-08,26-Jul-08,26-Jul-08,HRDT,HIV test,SCMS from RDC,"HIV 1/2, Bioline 3.0 Kit, Lancets, Capillary pipets, Alcohol swabs included, 25 Tests","HIV 1/2, Bioline 3.0 Kit, Lancets, Capillary pipets, Alcohol swabs included",Bioline,N/A,Test kit,25,307,6140,20,0.8,"Standard Diagnostics, Korea",Yes,1368,5663,9.82
10719,111-MZ-T01,Pre-PQ Process,SO-11071,DN-932,Mozambique,PMO - US,From RDC,N/A - From RDC,Truck,Pre-PQ Process,N/A - From RDC,14-Nov-08,14-Nov-08,14-Nov-08,ARV,Adult,SCMS from RDC,"Lamivudine/Nevirapine/Stavudine 150/200/30mg, tablets, 60 Tabs",Lamivudine/Nevirapine/Stavudine,Generic,150/200/30mg,Tablet - FDC,60,125010,900072,7.2,0.12,"Strides, Bangalore, India.",Yes,3918,1012.43,1440.12
10720,126-NG-T01,Pre-PQ Process,SO-10810,DN-886,Nigeria,PMO - US,From RDC,N/A - From RDC,Air,Pre-PQ Process,N/A - From RDC,31-Aug-08,31-Aug-08,31-Aug-08,ARV,Adult,SCMS from RDC,"Lamivudine/Zidovudine 150/300mg, tablets, 60 Tabs",Lamivudine/Zidovudine,Generic,150/300mg,Tablet - FDC,60,45000,420750,9.35,0.16,Mylan (formerly Matrix) Nashik,Yes,3657,23070.58,673.2
10721,131-NG-T01,Pre-PQ Process,SO-10821,DN-919,Nigeria,PMO - US,From RDC,N/A - From RDC,Air,Pre-PQ Process,N/A - From RDC,28-Sep-08,28-Sep-08,28-Sep-08,ARV,Adult,SCMS from RDC,"Efavirenz/Emtricitabine/Tenofovir Disoproxil Fumarate 600/200/300mg [Atripla], tablets, 30 Tabs",Efavirenz/Emtricitabine/Tenofovir Disoproxil Fumarate,Atripla,600/200/300mg,Tablet - FDC,30,1000,50400,50.4,1.68,"MSD, Haarlem, NL",Yes,108,13353.34,80.64
10722,131-NG-T01,Pre-PQ Process,SO-10820,DN-897,Nigeria,PMO - US,From RDC,N/A - From RDC,Air,Pre-PQ Process,N/A - From RDC,10-Sep-08,10-Sep-08,10-Sep-08,ARV,Adult,SCMS from RDC,"Emtricitabine/Tenofovir Disoproxil Fumarate 200/300mg [Truvada], tablets, 30 Tabs",Emtricitabine/Tenofovir Disoproxil Fumarate,Truvada,300/200mg,Tablet - FDC,30,6000,157500,26.25,0.88,"Aspen-OSD, Port Elizabeth, SA",Yes,1566,10624.04,252
10723,106-HT-T01,Pre-PQ Process,SO-12160,DN-930,Haiti,PMO - US,From RDC,N/A - From RDC,Air,Pre-PQ Process,N/A - From RDC,6-Oct-08,6-Oct-08,6-Oct-08,ARV,Pediatric,SCMS from RDC,"Zidovudine 10mg/ml, oral solution, Bottle, 240 ml",Zidovudine,Generic,10mg/ml,Oral solution,240,9187,19292.7,2.1,0.01,"Aurobindo Unit III, India",Yes,3435,40301.65,30.87
10724,117-ET-T01,Pre-PQ Process,SO-19400,DN-1027,Ethiopia,PMO - US,From RDC,N/A - From RDC,Air,Pre-PQ Process,N/A - From RDC,12-Dec-08,12-Dec-08,12-Dec-08,ARV,Adult,SCMS from RDC,"Lamivudine/Zidovudine 150/300mg, tablets, 60 Tabs",Lamivudine/Zidovudine,Generic,150/300mg,Tablet - FDC,60,31000,271560,8.76,0.15,"Aurobindo Unit III, India",Yes,1787,10073.76,532.26
10726,110-ZM-T01,Pre-PQ Process,SO-2492,DN-966,Zambia,PMO - US,From RDC,N/A - From RDC,Truck,Pre-PQ Process,N/A - From RDC,7-Nov-08,7-Nov-08,7-Nov-08,ARV,Adult,SCMS from RDC,"Nevirapine 200mg, tablets, 60 Tabs",Nevirapine,Generic,200mg,Tablet,60,50000,170000,3.4,0.06,Hetero Unit III Hyderabad IN,Yes,2764,2938.92,333.2
10727,130-NG-T01,Pre-PQ Process,SO-10580,DN-909,Nigeria,PMO - US,From RDC,N/A - From RDC,Air,Pre-PQ Process,N/A - From RDC,22-Sep-08,22-Sep-08,22-Sep-08,ARV,Adult,SCMS from RDC,"Nevirapine 200mg, tablets, 60 Tabs",Nevirapine,Generic,200mg,Tablet,60,2066,7024.4,3.4,0.06,"Aurobindo Unit III, India",Yes,451,3487.94,11.24
10728,130-NG-T01,Pre-PQ Process,SO-10580,DN-909,Nigeria,PMO - US,From RDC,N/A - From RDC,Air,Pre-PQ Process,N/A - From RDC,22-Sep-08,22-Sep-08,22-Sep-08,ARV,Adult,SCMS from RDC,"Lamivudine/Zidovudine 150/300mg, tablets, 60 Tabs",Lamivudine/Zidovudine,Generic,150/300mg,Tablet - FDC,60,1894,17708.9,9.35,0.16,Mylan (formerly Matrix) Nashik,No,See DN-909 (ID#:10727),See DN-909 (ID#:10727),28.33
10731,114-UG-T01,Pre-PQ Process,SO-17420,DN-971,Uganda,PMO - US,From RDC,N/A - From RDC,Air,Pre-PQ Process,N/A - From RDC,4-Nov-08,4-Nov-08,4-Nov-08,ARV,Adult,SCMS from RDC,"Lamivudine/Nevirapine/Stavudine 150/200/30mg, tablets, 60 Tabs",Lamivudine/Nevirapine/Stavudine,Generic,150/200/30mg,Tablet - FDC,60,2742,20290.8,7.4,0.12,"Strides, Bangalore, India.",Yes,204,3477,39.77
10732,111-MZ-T01,Pre-PQ Process,SO-15080,DN-1034,Mozambique,PMO - US,From RDC,N/A - From RDC,Air,Pre-PQ Process,N/A - From RDC,21-Feb-09,21-Feb-09,21-Feb-09,ARV,Adult,SCMS from RDC,"Lamivudine/Nevirapine/Zidovudine 150/200/300mg, tablets, 60 Tabs",Lamivudine/Nevirapine/Zidovudine,Generic,150/300/200mg,Tablet - FDC,60,13100,154580,11.8,0.2,"Aurobindo Unit III, India",Yes,6036,3671.92,302.98
10733,111-MZ-T01,Pre-PQ Process,SO-2424,DN-850,Mozambique,PMO - US,From RDC,N/A - From RDC,Air,Pre-PQ Process,N/A - From RDC,5-Sep-08,5-Sep-08,5-Sep-08,ARV,Adult,SCMS from RDC,"Lamivudine 150mg, tablets, 60 Tabs",Lamivudine,Generic,150mg,Tablet,60,528,1536.48,2.91,0.05,"Aurobindo Unit III, India",Yes,4211,3227.48,2.46
10734,109-TZ-T01,Pre-PQ Process,SO-11821,DN-890,Tanzania,PMO - US,From RDC,N/A - From RDC,Air,Pre-PQ Process,N/A - From RDC,15-Sep-08,15-Sep-08,15-Sep-08,ARV,Adult,SCMS from RDC,"Efavirenz 600mg, tablets, 30 Tabs",Efavirenz,Generic,600mg,Tablet,30,5000,60050,12.01,0.4,Mylan (formerly Matrix) Nashik,Yes,379,1188.97,96.08
10735,111-MZ-T01,Pre-PQ Process,SO-15083,DN-1055,Mozambique,PMO - US,From RDC,N/A - From RDC,Air,Pre-PQ Process,N/A - From RDC,18-Mar-09,18-Mar-09,18-Mar-09,ARV,Adult,SCMS from RDC,"Lamivudine/Nevirapine/Stavudine 150/200/30mg, tablets, 60 Tabs",Lamivudine/Nevirapine/Stavudine,Generic,150/200/30mg,Tablet - FDC,60,115130,828936,7.2,0.12,"Strides, Bangalore, India.",Yes,8693,6757.33,1624.71
10736,112-NG-T01,Pre-PQ Process,SO-22530,DN-1081,Nigeria,PMO - US,From RDC,N/A - From RDC,Air,Pre-PQ Process,N/A - From RDC,16-Feb-09,16-Feb-09,16-Feb-09,ARV,Adult,SCMS from RDC,"Lamivudine/Zidovudine 150/300mg, tablets, 60 Tabs",Lamivudine/Zidovudine,Generic,150/300mg,Tablet - FDC,60,1116,10434.6,9.35,0.16,"Aurobindo Unit III, India",Yes,102,3680.33,20.45
10737,117-ET-T01,Pre-PQ Process,SO-22020,DN-1052,Ethiopia,PMO - US,From RDC,N/A - From RDC,Air,Pre-PQ Process,N/A - From RDC,3-Mar-09,3-Mar-09,3-Mar-09,ARV,Adult,SCMS from RDC,"Efavirenz 600mg, tablets, 30 Tabs",Efavirenz,Generic,600mg,Tablet,30,28926,307194.12,10.62,0.35,Mylan (formerly Matrix) Nashik,Yes,4593,16901.37,602.1
10741,109-TZ-T01,Pre-PQ Process,SO-2562,DN-849,Tanzania,PMO - US,From RDC,N/A - From RDC,Truck,Pre-PQ Process,N/A - From RDC,22-Aug-08,22-Aug-08,22-Aug-08,ARV,Adult,SCMS from RDC,"Lamivudine/Zidovudine 150/300mg, tablets, 60 Tabs",Lamivudine/Zidovudine,Generic,150/300mg,Tablet - FDC,60,46163,436240.35,9.45,0.16,"Aurobindo Unit III, India",Yes,4237,3482.59,697.98
10743,111-MZ-T01,Pre-PQ Process,SO-13990,DN-904,Mozambique,PMO - US,From RDC,N/A - From RDC,Truck,Pre-PQ Process,N/A - From RDC,10-Oct-08,10-Oct-08,10-Oct-08,ARV,Adult,SCMS from RDC,"Nevirapine 200mg, tablets, 60 Tabs",Nevirapine,Generic,200mg,Tablet,60,12040,38528,3.2,0.05,Hetero Unit III Hyderabad IN,Yes,677,1522.92,61.64
10744,112-NG-T01,Pre-PQ Process,SO-12790,DN-916,Nigeria,PMO - US,From RDC,N/A - From RDC,Air,Pre-PQ Process,N/A - From RDC,19-Sep-08,19-Sep-08,19-Sep-08,ARV,Adult,SCMS from RDC,"Emtricitabine/Tenofovir Disoproxil Fumarate 200/300mg [Truvada], tablets, 30 Tabs",Emtricitabine/Tenofovir Disoproxil Fumarate,Truvada,300/200mg,Tablet - FDC,30,4,105,26.25,0.88,"Aspen-OSD, Port Elizabeth, SA",Yes,1,462.5,0.17
10745,112-NG-T01,Pre-PQ Process,SO-2728,DN-917,Nigeria,PMO - US,From RDC,N/A - From RDC,Air,Pre-PQ Process,N/A - From RDC,24-Sep-08,24-Sep-08,24-Sep-08,ARV,Adult,SCMS from RDC,"Lamivudine 150mg, tablets, 60 Tabs",Lamivudine,Generic,150mg,Tablet,60,1017,2949.3,2.9,0.05,"Aurobindo Unit III, India",Yes,892,13353.34,4.72
10746,112-NG-T01,Pre-PQ Process,SO-22550,DN-1066,Nigeria,PMO - US,From RDC,N/A - From RDC,Air,Pre-PQ Process,N/A - From RDC,9-Feb-09,9-Feb-09,9-Feb-09,ARV,Adult,SCMS from RDC,"Lamivudine/Nevirapine/Stavudine 150/200/30mg, tablets, 60 Tabs",Lamivudine/Nevirapine/Stavudine,Generic,150/200/30mg,Tablet - FDC,60,5217,38605.8,7.4,0.12,"Cipla, Goa, India",Yes,563,3852.55,75.67
10747,151-NG-T01,Pre-PQ Process,SO-21786,DN-1155,Nigeria,PMO - US,From RDC,N/A - From RDC,Air,Pre-PQ Process,N/A - From RDC,29-Apr-09,29-Apr-09,29-Apr-09,ARV,Adult,SCMS from RDC,"Emtricitabine/Tenofovir Disoproxil Fumarate 200/300mg [Truvada], tablets, 30 Tabs",Emtricitabine/Tenofovir Disoproxil Fumarate,Truvada,300/200mg,Tablet - FDC,30,17067,448008.75,26.25,0.88,"Aspen-OSD, Port Elizabeth, SA",Yes,1481,14974.4,878.1
10748,114-UG-T01,Pre-PQ Process,SO-17870,DN-986,Uganda,PMO - US,From RDC,N/A - From RDC,Air,Pre-PQ Process,N/A - From RDC,9-Jan-09,9-Jan-09,9-Jan-09,ARV,Adult,SCMS from RDC,"Lamivudine/Nevirapine/Zidovudine 150/200/300mg, tablets, 60 Tabs",Lamivudine/Nevirapine/Zidovudine,Generic,150/300/200mg,Tablet - FDC,60,6296,74292.8,11.8,0.2,"Aurobindo Unit III, India",Yes,822,7321.04,145.61
10749,130-NG-T01,Pre-PQ Process,SO-10610,DN-959,Nigeria,PMO - US,From RDC,N/A - From RDC,Air,Pre-PQ Process,N/A - From RDC,30-Oct-08,30-Oct-08,30-Oct-08,ARV,Adult,SCMS from RDC,"Efavirenz 600mg, tablets, 30 Tabs",Efavirenz,Generic,600mg,Tablet,30,2003,23475.16,11.72,0.39,"Aurobindo Unit III, India",Yes,181,18617.93,46.01
10750,123-NG-T01,Pre-PQ Process,SO-11232,DN-958,Nigeria,PMO - US,From RDC,N/A - From RDC,Air,Pre-PQ Process,N/A - From RDC,31-Oct-08,31-Oct-08,31-Oct-08,ARV,Adult,SCMS from RDC,"Lopinavir/Ritonavir 200/50mg [Aluvia], tablets, 120 Tabs",Lopinavir/Ritonavir,Aluvia,200/50mg,Tablet,120,2034,83597.4,41.1,0.34,ABBVIE Ludwigshafen Germany,Yes,937,10990.36,163.85
10751,110-ZM-T01,Pre-PQ Process,SO-2483,DN-954,Zambia,PMO - US,From RDC,N/A - From RDC,Truck,Pre-PQ Process,N/A - From RDC,21-Oct-08,21-Oct-08,21-Oct-08,ARV,Adult,SCMS from RDC,"Efavirenz 600mg, tablets, 30 Tabs",Efavirenz,Generic,600mg,Tablet,30,50000,600500,12.01,0.4,Mylan (formerly Matrix) Nashik,Yes,3775,4060.54,1176.98
10753,151-NG-T01,Pre-PQ Process,SO-21807,DN-1141,Nigeria,PMO - US,From RDC,N/A - From RDC,Air Charter,Pre-PQ Process,N/A - From RDC,19-Mar-09,19-Mar-09,19-Mar-09,ARV,Adult,SCMS from RDC,"Lamivudine/Nevirapine/Zidovudine 150/200/300mg, tablets, 60 Tabs",Lamivudine/Nevirapine/Zidovudine,Generic,150/300/200mg,Tablet - FDC,60,4501,51311.4,11.4,0.19,"Aurobindo Unit III, India",Yes,506,22985.72,100.57
10754,109-TZ-T01,Pre-PQ Process,SO-11820,DN-868,Tanzania,PMO - US,From RDC,N/A - From RDC,Air,Pre-PQ Process,N/A - From RDC,22-Aug-08,22-Aug-08,22-Aug-08,ARV,Adult,SCMS from RDC,"Efavirenz 600mg, tablets, 30 Tabs",Efavirenz,Generic,600mg,Tablet,30,145000,1741450,12.01,0.4,Mylan (formerly Matrix) Nashik,Yes,11186,9330,2786.32
10755,111-MZ-T01,Pre-PQ Process,SO-15090,DN-933,Mozambique,PMO - US,From RDC,N/A - From RDC,Air,Pre-PQ Process,N/A - From RDC,14-Nov-08,14-Nov-08,14-Nov-08,ARV,Adult,SCMS from RDC,"Lamivudine/Zidovudine 150/300mg, tablets, 60 Tabs",Lamivudine/Zidovudine,Generic,150/300mg,Tablet - FDC,60,3672,34333.2,9.35,0.16,"Aurobindo Unit III, India",Yes,3427,3874.22,54.93
10756,111-MZ-T01,Pre-PQ Process,SO-27880,DN-1174,Mozambique,PMO - US,From RDC,N/A - From RDC,Air,Pre-PQ Process,N/A - From RDC,14-May-09,14-May-09,14-May-09,ARV,Adult,SCMS from RDC,"Lamivudine 150mg, tablets, 60 Tabs",Lamivudine,Generic,150mg,Tablet,60,486,1409.4,2.9,0.05,Hetero Unit III Hyderabad IN,Yes,23,968.55,2.76
10759,102-KE-T01,Pre-PQ Process,SO-18001,DN-1189,Kenya,PMO - US,From RDC,N/A - From RDC,Truck,Pre-PQ Process,N/A - From RDC,27-Apr-09,27-Apr-09,27-Apr-09,HRDT,HIV test,SCMS from RDC,"HIV 1/2, Bioline 3.0 Kit, (no accessories), 30 Tests","HIV 1/2, Bioline 3.0 Kit (no accessories)",Bioline,N/A,Test kit,30,5000,118500,23.7,0.79,"Standard Diagnostics, Korea",Yes,Weight Captured Separately,Invoiced Separately,232.26
10761,151-NG-T01,Pre-PQ Process,SO-21787,DN-1194,Nigeria,PMO - US,From RDC,N/A - From RDC,Air,Pre-PQ Process,N/A - From RDC,30-Apr-09,30-Apr-09,30-Apr-09,ARV,Adult,SCMS from RDC,"Emtricitabine/Tenofovir Disoproxil Fumarate 200/300mg [Truvada], tablets, 30 Tabs",Emtricitabine/Tenofovir Disoproxil Fumarate,Truvada,300/200mg,Tablet - FDC,30,3392,89040,26.25,0.88,"Aspen-OSD, Port Elizabeth, SA",Yes,298,2922.53,174.52
10763,151-NG-T01,Pre-PQ Process,SO-22527,DN-1209,Nigeria,PMO - US,From RDC,N/A - From RDC,Air Charter,Pre-PQ Process,N/A - From RDC,8-May-09,8-May-09,8-May-09,ARV,Adult,SCMS from RDC,"Lamivudine/Nevirapine/Zidovudine 150/200/300mg, tablets, 60 Tabs",Lamivudine/Nevirapine/Zidovudine,Generic,150/300/200mg,Tablet - FDC,60,30415,346731,11.4,0.19,"Aurobindo Unit III, India",Yes,3415,15128.37,679.59
10764,111-MZ-T01,Pre-PQ Process,SO-28550,DN-1215,Mozambique,PMO - US,From RDC,N/A - From RDC,Air,Pre-PQ Process,N/A - From RDC,28-Jun-09,28-Jun-09,28-Jun-09,ARV,Adult,SCMS from RDC,"Lamivudine/Nevirapine/Stavudine 150/200/30mg, tablets, 60 Tabs",Lamivudine/Nevirapine/Stavudine,Generic,150/200/30mg,Tablet - FDC,60,47392,341222.4,7.2,0.12,"Cipla, Goa, India",Yes,7113,3599.76,668.8
10765,151-NG-T01,Pre-PQ Process,SO-30020,DN-1216,Nigeria,PMO - US,From RDC,N/A - From RDC,Air Charter,Pre-PQ Process,N/A - From RDC,8-May-09,8-May-09,8-May-09,ARV,Adult,SCMS from RDC,"Emtricitabine/Tenofovir Disoproxil Fumarate 200/300mg [Truvada], tablets, 30 Tabs",Emtricitabine/Tenofovir Disoproxil Fumarate,Truvada,300/200mg,Tablet - FDC,30,2561,67226.25,26.25,0.88,"Aspen-OSD, Port Elizabeth, SA",Yes,235,15128.37,131.76
10766,114-UG-T01,Pre-PQ Process,SO-30100,DN-1232,Uganda,PMO - US,From RDC,N/A - From RDC,Air,Pre-PQ Process,N/A - From RDC,1-Jun-09,1-Jun-09,1-Jun-09,ARV,Adult,SCMS from RDC,"Lamivudine/Zidovudine 150/300mg, tablets, 60 Tabs",Lamivudine/Zidovudine,Generic,150/300mg,Tablet - FDC,60,3574,31308.24,8.76,0.15,Mylan (formerly Matrix) Nashik,Yes,14,1375.36,61.36
10767,100-SZ-T01,Pre-PQ Process,SO-30800,DN-1237,Swaziland,PMO - US,From RDC,N/A - From RDC,Air,Pre-PQ Process,N/A - From RDC,20-May-09,20-May-09,20-May-09,ARV,Adult,SCMS from RDC,"Efavirenz 600mg, tablets, 30 Tabs",Efavirenz,Generic,600mg,Tablet,30,2345,16063.25,6.85,0.23,Mylan (formerly Matrix) Nashik,Yes,239,2393.34,31.48
10768,100-SZ-T01,Pre-PQ Process,SO-30800,DN-1237,Swaziland,PMO - US,From RDC,N/A - From RDC,Air,Pre-PQ Process,N/A - From RDC,20-May-09,20-May-09,20-May-09,ARV,Pediatric,SCMS from RDC,"Efavirenz 200mg, capsule, 90 Caps",Efavirenz,Generic,200mg,Capsule,90,523,6657.79,12.73,0.14,"Aurobindo Unit III, India",No,See DN-1237 (ID#:10767),See DN-1237 (ID#:10767),13.05
10769,100-GH-T01,Pre-PQ Process,SO-30700,DN-1235,Ghana,PMO - US,From RDC,N/A - From RDC,Truck,Date Not Captured,N/A - From RDC,12-Aug-09,12-Aug-09,12-Aug-09,ARV,Adult,SCMS from RDC,"Abacavir 300mg, tablets, 60 Tabs",Abacavir,Generic,300mg,Tablet,60,6133,61.33,0.01,0,Mylan (formerly Matrix) Nashik,Yes,Weight Captured Separately,Invoiced Separately,0.12
10771,104-CI-T01,Pre-PQ Process,SO-21881,DN-1242,Côte d'Ivoire,PMO - US,From RDC,N/A - From RDC,Air,Pre-PQ Process,N/A - From RDC,17-Jun-09,17-Jun-09,17-Jun-09,ARV,Adult,SCMS from RDC,"Nevirapine 200mg, tablets, 60 Tabs",Nevirapine,Generic,200mg,Tablet,60,5601,16803,3,0.05,"Aurobindo Unit III, India",Yes,545,2280.64,32.93
10774,110-ZM-T01,Pre-PQ Process,SO-30300,DN-1250,Zambia,PMO - US,From RDC,N/A - From RDC,Truck,Pre-PQ Process,N/A - From RDC,15-Jun-09,15-Jun-09,15-Jun-09,ARV,Adult,SCMS from RDC,"Zidovudine 300mg, tablets, 60 Tabs",Zidovudine,Generic,300mg,Tablet,60,500,3855,7.71,0.13,"Aurobindo Unit III, India",Yes,10681,17384.76,7.56
10776,106-HT-T01,Pre-PQ Process,SO-24850,DN-1280,Haiti,PMO - US,From RDC,N/A - From RDC,Air,Pre-PQ Process,N/A - From RDC,18-Jun-09,18-Jun-09,18-Jun-09,ARV,Pediatric,SCMS from RDC,"Nevirapine 10mg/ml, oral suspension, Bottle, 240 ml",Nevirapine,Generic,10mg/ml,Oral suspension,240,2208,4239.36,1.92,0.01,"Aurobindo Unit III, India",Yes,827,7789.88,8.31
10777,110-ZM-T01,Pre-PQ Process,SO-24960,DN-1284,Zambia,PMO - US,From RDC,N/A - From RDC,Air,Pre-PQ Process,N/A - From RDC,12-Jun-09,12-Jun-09,12-Jun-09,ARV,Adult,SCMS from RDC,"Zidovudine 300mg, tablets, 60 Tabs",Zidovudine,Generic,300mg,Tablet,60,6000,46260,7.71,0.13,"Aurobindo Unit III, India",Yes,341,2219.27,90.67
10779,123-NG-T01,Pre-PQ Process,SO-24481,DN-1296,Nigeria,PMO - US,From RDC,N/A - From RDC,Air Charter,Pre-PQ Process,N/A - From RDC,16-Jun-09,16-Jun-09,16-Jun-09,ARV,Adult,SCMS from RDC,"Efavirenz 600mg, tablets, 30 Tabs",Efavirenz,Generic,600mg,Tablet,30,30000,291600,9.72,0.32,"Aurobindo Unit III, India",Yes,3364,7329.83,571.54
10780,110-ZM-T01,Pre-PQ Process,SO-31940,DN-1301,Zambia,PMO - US,From RDC,N/A - From RDC,Air,Pre-PQ Process,N/A - From RDC,24-Jun-09,24-Jun-09,24-Jun-09,ARV,Pediatric,SCMS from RDC,"Efavirenz 200mg, capsule, 90 Caps",Efavirenz,Generic,200mg,Capsule,90,1093,16679.18,15.26,0.17,"Aurobindo Unit III, India",Yes,133,1759.21,32.69
10781,104-CI-T01,Pre-PQ Process,SO-27540,DN-1315,Côte d'Ivoire,PMO - US,From RDC,N/A - From RDC,Air,Date Not Captured,N/A - From RDC,14-Jul-09,14-Jul-09,14-Jul-09,ARV,Adult,SCMS from RDC,"Lamivudine/Zidovudine 150/300mg, tablets, 60 Tabs",Lamivudine/Zidovudine,Generic,150/300mg,Tablet - FDC,60,10962,96027.12,8.76,0.15,"Aurobindo Unit III, India",Yes,2634,6111.21,188.21
10783,111-MZ-T01,Pre-PQ Process,SO-32180,DN-1334,Mozambique,PMO - US,From RDC,N/A - From RDC,Air,Date Not Captured,N/A - From RDC,17-Aug-09,17-Aug-09,17-Aug-09,ARV,Adult,SCMS from RDC,"Stavudine 30mg, capsules, 60 Caps",Stavudine,Generic,30mg,Capsule,60,470,700.3,1.49,0.02,"Aurobindo Unit III, India",Yes,31,1047.04,1.37
10784,104-CI-T01,Pre-PQ Process,SO-27542,DN-1356,Côte d'Ivoire,PMO - US,From RDC,N/A - From RDC,Air,Date Not Captured,N/A - From RDC,11-Aug-09,11-Aug-09,11-Aug-09,ARV,Adult,SCMS from RDC,"Abacavir 300mg, tablets, 60 Tabs",Abacavir,Generic,300mg,Tablet,60,6930,176368.5,25.45,0.42,Mylan (formerly Matrix) Nashik,Yes,687,1854.88,345.68
10785,111-MZ-T01,Pre-PQ Process,SO-32540,DN-1358,Mozambique,PMO - US,From RDC,N/A - From RDC,Truck,Date Not Captured,N/A - From RDC,27-Aug-09,27-Aug-09,27-Aug-09,ARV,Adult,SCMS from RDC,"Lamivudine/Nevirapine/Stavudine 150/200/30mg, tablets, 60 Tabs",Lamivudine/Nevirapine/Stavudine,Generic,150/200/30mg,Tablet - FDC,60,125000,890000,7.12,0.12,"Strides, Bangalore, India.",Yes,9290,2400.26,1744.4
10786,110-ZM-T01,Pre-PQ Process,SO-31950,DN-1361,Zambia,PMO - US,From RDC,N/A - From RDC,Truck,Date Not Captured,N/A - From RDC,4-Sep-09,4-Sep-09,4-Sep-09,ARV,Adult,SCMS from RDC,"Zidovudine 300mg, tablets, 60 Tabs",Zidovudine,Generic,300mg,Tablet,60,9700,74787,7.71,0.13,"Aurobindo Unit III, India",Yes,551,2448.71,146.58
10787,109-TZ-T01,Pre-PQ Process,SO-31280,DN-1368,Tanzania,PMO - US,From RDC,N/A - From RDC,Truck,Date Not Captured,N/A - From RDC,20-Aug-09,20-Aug-09,20-Aug-09,ARV,Adult,SCMS from RDC,"Abacavir 300mg, tablets, 60 Tabs",Abacavir,Generic,300mg,Tablet,60,4794,122007.3,25.45,0.42,Mylan (formerly Matrix) Nashik,Yes,475,3588.34,239.13
10788,110-ZM-T01,Pre-PQ Process,SO-32550,DN-1382,Zambia,PMO - US,From RDC,N/A - From RDC,Truck,Date Not Captured,N/A - From RDC,17-Aug-09,17-Aug-09,17-Aug-09,ARV,Adult,SCMS from RDC,"Lamivudine/Zidovudine 150/300mg, tablets, 60 Tabs",Lamivudine/Zidovudine,Generic,150/300mg,Tablet - FDC,60,108000,946080,8.76,0.15,"Aurobindo Unit III, India",Yes,10865,13518.56,1854.32
10791,104-CI-T01,Pre-PQ Process,SO-32840,DN-1388,Côte d'Ivoire,PMO - US,From RDC,N/A - From RDC,Air,Date Not Captured,N/A - From RDC,28-Sep-09,28-Sep-09,28-Sep-09,ARV,Adult,SCMS from RDC,"Zidovudine 300mg, tablets, 60 Tabs",Zidovudine,Generic,300mg,Tablet,60,7000,52710,7.53,0.13,Hetero Unit III Hyderabad IN,Yes,396,6087.84,103.31
10792,104-CI-T01,Pre-PQ Process,SO-31730,DN-1400,Côte d'Ivoire,PMO - US,From RDC,N/A - From RDC,Air,Date Not Captured,N/A - From RDC,9-Sep-09,9-Sep-09,9-Sep-09,ARV,Adult,SCMS from RDC,"Lamivudine/Zidovudine 150/300mg, tablets, 60 Tabs",Lamivudine/Zidovudine,Generic,150/300mg,Tablet - FDC,60,8824,77298.24,8.76,0.15,Mylan (formerly Matrix) Nashik,Yes,706,3144.57,151.5
10793,104-CI-T01,Pre-PQ Process,SO-32210,DN-1401,Côte d'Ivoire,PMO - US,From RDC,N/A - From RDC,Air,Date Not Captured,N/A - From RDC,8-Sep-09,8-Sep-09,8-Sep-09,ARV,Adult,SCMS from RDC,"Stavudine 15mg, capsules, 60 Caps",Stavudine,Generic,15mg,Capsule,60,1216,1824,1.5,0.02,"Aurobindo Unit III, India",Yes,3426,9797.41,3.58
10794,110-ZM-T01,Pre-PQ Process,SO-33020,DN-1416,Zambia,PMO - US,From RDC,N/A - From RDC,Truck,Date Not Captured,N/A - From RDC,22-Sep-09,22-Sep-09,22-Sep-09,ARV,Adult,SCMS from RDC,"Nevirapine 200mg, tablets, 60 Tabs",Nevirapine,Generic,200mg,Tablet,60,98000,294000,3,0.05,"Aurobindo Unit III, India",Yes,9522,13518.56,576.24
10795,106-HT-T01,Pre-PQ Process,SO-33030,DN-1458,Haiti,PMO - US,From RDC,N/A - From RDC,Air,Date Not Captured,N/A - From RDC,13-Oct-09,13-Oct-09,13-Oct-09,ARV,Pediatric,SCMS from RDC,"Zidovudine 10mg/ml, oral solution, Bottle, 240 ml",Zidovudine,Generic,10mg/ml,Oral solution,240,4315,9061.5,2.1,0.01,"Aurobindo Unit III, India",Yes,2520,25874.1,17.76
10796,106-HT-T01,Pre-PQ Process,SO-33030,DN-1458,Haiti,PMO - US,From RDC,N/A - From RDC,Air,Date Not Captured,N/A - From RDC,13-Oct-09,13-Oct-09,13-Oct-09,ARV,Pediatric,SCMS from RDC,"Lamivudine 10mg/ml, oral solution, Bottle, 240 ml",Lamivudine,Generic,10mg/ml,Oral solution,240,2415,4588.5,1.9,0.01,"Aurobindo Unit III, India",No,See DN-1458 (ID#:10795),See DN-1458 (ID#:10795),8.99
10797,114-UG-T01,Pre-PQ Process,SO-33570,DN-1464,Uganda,PMO - US,From RDC,N/A - From RDC,Air,Date Not Captured,N/A - From RDC,8-Oct-09,8-Oct-09,8-Oct-09,ARV,Adult,SCMS from RDC,"Lamivudine/Nevirapine/Stavudine 150/200/30mg, tablets, 60 Tabs",Lamivudine/Nevirapine/Stavudine,Generic,150/200/30mg,Tablet - FDC,60,240,1680,7,0.12,"Cipla, Goa, India",Yes,23,1173.1,3.29
10798,109-TZ-T01,Pre-PQ Process,SO-31283,DN-1470,Tanzania,PMO - US,From RDC,N/A - From RDC,Truck,Date Not Captured,N/A - From RDC,26-Oct-09,26-Oct-09,26-Oct-09,ARV,Adult,SCMS from RDC,"Abacavir 300mg, tablets, 60 Tabs",Abacavir,Generic,300mg,Tablet,60,6915,175986.75,25.45,0.42,"Aurobindo Unit III, India",Yes,1067,2217.5,344.93
10799,114-UG-T01,Pre-PQ Process,SO-33400,DN-1480,Uganda,PMO - US,From RDC,N/A - From RDC,Truck,Date Not Captured,N/A - From RDC,12-Oct-09,12-Oct-09,12-Oct-09,ARV,Adult,SCMS from RDC,"Lamivudine/Nevirapine/Zidovudine 150/200/300mg, tablets, 60 Tabs",Lamivudine/Nevirapine/Zidovudine,Generic,150/300/200mg,Tablet - FDC,60,14066,159649.1,11.35,0.19,"Aurobindo Unit III, India",Yes,1593,9547.7,312.91
10800,104-CI-T01,Pre-PQ Process,SO-34070,DN-1492,Côte d'Ivoire,PMO - US,From RDC,N/A - From RDC,Air,Date Not Captured,N/A - From RDC,27-Oct-09,27-Oct-09,27-Oct-09,ARV,Pediatric,SCMS from RDC,"Lamivudine 10mg/ml, oral solution, Bottle, 240 ml",Lamivudine,Generic,10mg/ml,Oral solution,240,3535,6716.5,1.9,0.01,"Aurobindo Unit III, India",Yes,1224,2298.61,14.48
10801,104-CI-T01,Pre-PQ Process,SO-34140,DN-1494,Côte d'Ivoire,PMO - US,From RDC,N/A - From RDC,Air,Date Not Captured,N/A - From RDC,27-Oct-09,27-Oct-09,27-Oct-09,ARV,Adult,SCMS from RDC,"Stavudine 30mg, capsules, 60 Caps",Stavudine,Generic,30mg,Capsule,60,2430,3547.8,1.46,0.02,"Aurobindo Unit III, India",Yes,156,2298.6,7.65
10803,104-CI-T01,Pre-PQ Process,SO-1688,DN-1557,Côte d'Ivoire,PMO - US,From RDC,N/A - From RDC,Air,Date Not Captured,N/A - From RDC,20-Dec-09,20-Dec-09,20-Dec-09,ARV,Adult,SCMS from RDC,"Saquinavir 200mg [Invirase], capsules, 270 Caps",Saquinavir,Invirase,200mg,Capsule,270,1042,82463.88,79.14,0.29,Roche Basel,Yes,Weight Captured Separately,Invoiced Separately,177.79
10804,111-MZ-T01,Pre-PQ Process,SO-323,DN-15,Mozambique,PMO - US,From RDC,N/A - From RDC,Air,Pre-PQ Process,N/A - From RDC,1-Feb-07,1-Feb-07,1-Feb-07,ARV,Adult,SCMS from RDC,"Saquinavir 200mg [Invirase], capsules, 270 Caps",Saquinavir,Invirase,200mg,Capsule,270,117,9117.81,77.93,0.29,Roche Basel,Yes,155,939.08,
10809,107-RW-T01,Pre-PQ Process,SO-249,DN-6,Rwanda,PMO - US,From RDC,N/A - From RDC,Air,Pre-PQ Process,N/A - From RDC,1-Feb-07,1-Feb-07,1-Feb-07,ARV,Adult,SCMS from RDC,"Abacavir 300mg, tablets, 60 Tabs",Abacavir,Generic,300mg,Tablet,60,600,21480,35.8,0.6,"Aurobindo Unit III, India",Yes,55,913.15,
10810,107-RW-T01,Pre-PQ Process,SO-290,DN-9,Rwanda,PMO - US,From RDC,N/A - From RDC,Air,Pre-PQ Process,N/A - From RDC,5-Feb-07,5-Feb-07,5-Feb-07,ARV,Adult,SCMS from RDC,"Nelfinavir (as mesilate) 250mg [Viracept], tablets, 270 Tabs",Nelfinavir (as mesilate),Viracept,250mg,Tablet,270,400,38920,97.3,0.36,Roche Madrid,Yes,108,23000.34,
10811,100-CI-T01,Pre-PQ Process,SO-350,DN-28,Côte d'Ivoire,PMO - US,From RDC,N/A - From RDC,N/A,Pre-PQ Process,N/A - From RDC,8-Mar-07,8-Mar-07,8-Mar-07,ARV,Adult,SCMS from RDC,"Ritonavir 100mg [Norvir], capsules, cool, 4 x 84 Caps",Ritonavir,Norvir,100mg,Capsule,336,360,13809.6,38.36,0.11,ABBVIE (Abbott) France,Yes,630,3660.4,
10813,110-ZM-T01,Pre-PQ Process,SO-232,DN-89,Zambia,PMO - US,From RDC,N/A - From RDC,N/A,Pre-PQ Process,N/A - From RDC,4-May-07,4-May-07,4-May-07,HRDT,HIV test,SCMS from RDC,"HIV 1/2, Uni-Gold HIV Kit, 20 Tests","HIV 1/2, Uni-Gold HIV Kit",Uni-Gold,N/A,Test kit,20,1500,48000,32,1.6,"Trinity Biotech, Plc",Yes,580,4965.24,
10814,111-MZ-T01,Pre-PQ Process,SO-497,DN-121,Mozambique,PMO - US,From RDC,N/A - From RDC,Air,Pre-PQ Process,N/A - From RDC,18-May-07,18-May-07,18-May-07,ARV,Pediatric,SCMS from RDC,"Abacavir 20mg/ml, oral solution, Bottle, 240 ml",Abacavir,Generic,20mg/ml,Oral solution,240,474,10191,21.5,0.09,"Aurobindo Unit III, India",Yes,221,710.68,
10816,111-MZ-T01,Pre-PQ Process,SO-533,DN-123,Mozambique,PMO - US,From RDC,N/A - From RDC,Air,Pre-PQ Process,N/A - From RDC,18-May-07,18-May-07,18-May-07,ARV,Pediatric,SCMS from RDC,"Efavirenz 200mg [Stocrin/Sustiva], capsule, 90 Caps",Efavirenz,Stocrin/Sustiva,200mg,Capsule,90,409,13251.6,32.4,0.36,"MSD Manati, Puerto Rico, (USA)",Yes,45,348.09,
10817,111-MZ-T01,Pre-PQ Process,SO-383,DN-124,Mozambique,PMO - US,From RDC,N/A - From RDC,Air,Pre-PQ Process,N/A - From RDC,18-May-07,18-May-07,18-May-07,ARV,Adult,SCMS from RDC,"Lopinavir/Ritonavir 200/50mg [Aluvia], tablets, 120 Tabs",Lopinavir/Ritonavir,Aluvia,200/50mg,Tablet,120,250,10275,41.1,0.34,ABBVIE Ludwigshafen Germany,Yes,105,348.09,
10818,110-ZM-T01,Pre-PQ Process,SO-311,DN-129,Zambia,PMO - US,From RDC,N/A - From RDC,N/A,Pre-PQ Process,N/A - From RDC,15-May-07,15-May-07,15-May-07,ARV,Adult,SCMS from RDC,"Lamivudine/Zidovudine 150/300mg, tablets, 60 Tabs",Lamivudine/Zidovudine,Generic,150/300mg,Tablet - FDC,60,85158,909487.44,10.68,0.18,"Aurobindo Unit III, India",Yes,8169,33572.78,
10819,109-TZ-T01,Pre-PQ Process,SO-420,DN-133,Tanzania,PMO - US,From RDC,N/A - From RDC,Air,Pre-PQ Process,N/A - From RDC,31-May-07,31-May-07,31-May-07,HRDT,HIV test,SCMS from RDC,"HIV 1/2, Bioline 3.0 Kit, Lancets, Capillary pipets, Alcohol swabs included, 25 Tests","HIV 1/2, Bioline 3.0 Kit, Lancets, Capillary pipets, Alcohol swabs included",Bioline,N/A,Test kit,25,8009,160180,20,0.8,"Standard Diagnostics, Korea",Yes,Weight Captured Separately,12740.42,
10820,111-MZ-T01,Pre-PQ Process,SO-293,DN-44,Mozambique,PMO - US,From RDC,N/A - From RDC,Air,Pre-PQ Process,N/A - From RDC,17-Apr-07,17-Apr-07,17-Apr-07,ARV,Pediatric,SCMS from RDC,"Efavirenz 200mg [Stocrin/Sustiva], capsule, 90 Caps",Efavirenz,Stocrin/Sustiva,200mg,Capsule,90,151,4892.4,32.4,0.36,"MSD Manati, Puerto Rico, (USA)",No,See DN-44 (ID#:10549),See DN-44 (ID#:10549),
10821,111-MZ-T01,Pre-PQ Process,SO-293,DN-44,Mozambique,PMO - US,From RDC,N/A - From RDC,Air,Pre-PQ Process,N/A - From RDC,17-Apr-07,17-Apr-07,17-Apr-07,ARV,Adult,SCMS from RDC,"Tenofovir Disoproxil Fumarate 300mg [Viread], tablets, 30 Tabs",Tenofovir Disoproxil Fumarate,Viread,300mg,Tablet,30,2997,50949,17,0.57,Gilead(Nycomed) Oranienburg DE,No,See DN-44 (ID#:10549),See DN-44 (ID#:10549),
10823,107-RW-T01,Pre-PQ Process,SO-481,DN-100,Rwanda,PMO - US,From RDC,N/A - From RDC,Air,Pre-PQ Process,N/A - From RDC,14-May-07,14-May-07,14-May-07,ARV,Pediatric,SCMS from RDC,"Abacavir 20mg/ml, oral solution, Bottle, 240 ml",Abacavir,Generic,20mg/ml,Oral solution,240,90,1935,21.5,0.09,"Aurobindo Unit III, India",Yes,120,11609.31,
10824,100-CI-T01,Pre-PQ Process,SO-430,DN-75,Côte d'Ivoire,PMO - US,From RDC,N/A - From RDC,N/A,Pre-PQ Process,N/A - From RDC,30-Apr-07,30-Apr-07,30-Apr-07,ARV,Adult,SCMS from RDC,"Lamivudine/Zidovudine 150/300mg, tablets, 60 Tabs",Lamivudine/Zidovudine,Generic,150/300mg,Tablet - FDC,60,6945,71186.25,10.25,0.17,"Aurobindo Unit III, India",Yes,650,2457,
10825,113-ZW-T01,Pre-PQ Process,SO-279,DN-187,Zimbabwe,PMO - US,From RDC,N/A - From RDC,N/A,Pre-PQ Process,N/A - From RDC,12-Jun-07,12-Jun-07,12-Jun-07,ARV,Adult,SCMS from RDC,"Lamivudine 150mg, tablets, 60 Tabs",Lamivudine,Generic,150mg,Tablet,60,2329,7615.83,3.27,0.05,"Ranbaxy, Paonta Shahib, India",Yes,153,1013.24,12.19
10830,109-TZ-T01,Pre-PQ Process,SO-606,DN-168,Tanzania,PMO - US,From RDC,N/A - From RDC,Air,Pre-PQ Process,N/A - From RDC,6-Jul-07,6-Jul-07,6-Jul-07,ARV,Adult,SCMS from RDC,"Abacavir 300mg, tablets, 60 Tabs",Abacavir,Generic,300mg,Tablet,60,6781,242759.8,35.8,0.6,"Aurobindo Unit III, India",Yes,675,2440,
10831,104-CI-T01,Pre-PQ Process,SO-635,DN-170,Côte d'Ivoire,PMO - US,From RDC,N/A - From RDC,N/A,Pre-PQ Process,N/A - From RDC,8-Jun-07,8-Jun-07,8-Jun-07,HRDT,HIV test,SCMS from RDC,"HIV 1/2, Determine Complete HIV Kit, 100 Tests","HIV 1/2, Determine Complete HIV Kit",Determine,N/A,Test kit,100,50,4000,80,0.8,ABBVIE GmbH & Co.KG Wiesbaden,Yes,15,1363,
10832,111-MZ-T01,Pre-PQ Process,SO-576,DN-148,Mozambique,PMO - US,From RDC,N/A - From RDC,Air,Pre-PQ Process,N/A - From RDC,13-Jun-07,13-Jun-07,13-Jun-07,ARV,Adult,SCMS from RDC,"Abacavir 300mg, tablets, 60 Tabs",Abacavir,Generic,300mg,Tablet,60,570,20235,35.5,0.59,"Aurobindo Unit III, India",No,See DN-148 (ID#:10564),See DN-148 (ID#:10564),
10833,112-NG-T01,Pre-PQ Process,SO-557,DN-172,Nigeria,PMO - US,From RDC,N/A - From RDC,N/A,Pre-PQ Process,N/A - From RDC,26-Jun-07,26-Jun-07,26-Jun-07,ARV,Adult,SCMS from RDC,"Nevirapine 200mg, tablets, 60 Tabs",Nevirapine,Generic,200mg,Tablet,60,1198,4276.86,3.57,0.06,"Strides, Bangalore, India.",No,See DN-172 (ID#:10566),See DN-172 (ID#:10566),
10834,104-CI-T01,Pre-PQ Process,SO-560,DN-146,Côte d'Ivoire,PMO - US,From RDC,N/A - From RDC,N/A,Pre-PQ Process,N/A - From RDC,16-May-07,16-May-07,16-May-07,ARV,Adult,SCMS from RDC,"Abacavir 300mg, tablets, 60 Tabs",Abacavir,Generic,300mg,Tablet,60,268,9594.4,35.8,0.6,"Aurobindo Unit III, India",Yes,151,1516,
10837,109-TZ-T01,Pre-PQ Process,SO-428,DN-161,Tanzania,PMO - US,From RDC,N/A - From RDC,Air,Pre-PQ Process,N/A - From RDC,6-Jul-07,6-Jul-07,6-Jul-07,ARV,Adult,SCMS from RDC,"Lamivudine/Nevirapine/Stavudine 150/200/30mg, tablets, 60 Tabs",Lamivudine/Nevirapine/Stavudine,Generic,150/200/30mg,Tablet - FDC,60,3386,25395,7.5,0.12,"Cipla, Goa, India",Yes,31,1589,
10838,104-CI-T01,Pre-PQ Process,SO-603,DN-196,Côte d'Ivoire,PMO - US,From RDC,N/A - From RDC,N/A,Pre-PQ Process,N/A - From RDC,28-Jun-07,28-Jun-07,28-Jun-07,ARV,Adult,SCMS from RDC,"Lamivudine/Stavudine 150/30mg, tablets, 30 Tabs",Lamivudine/Stavudine,Generic,150/30mg,Tablet - FDC,30,54263,108526,2,0.07,"Cipla, Goa, India",No,See DN-196 (ID#:10573),See DN-196 (ID#:10573),173.64
10840,109-TZ-T01,Pre-PQ Process,SO-850,DN-281,Tanzania,PMO - US,From RDC,N/A - From RDC,N/A,Pre-PQ Process,N/A - From RDC,22-Aug-07,22-Aug-07,22-Aug-07,ARV,Adult,SCMS from RDC,"Lamivudine/Nevirapine/Stavudine 150/200/30mg, tablets, 60 Tabs",Lamivudine/Nevirapine/Stavudine,Generic,150/200/30mg,Tablet - FDC,60,3386,25395,7.5,0.12,"Cipla, Goa, India",Yes,345,2554.39,40.63
10841,120-AO-T01,Pre-PQ Process,SO-780,DN-256,Angola,PMO - US,From RDC,N/A - From RDC,Truck,Pre-PQ Process,N/A - From RDC,15-Oct-07,15-Oct-07,15-Oct-07,HRDT,HIV test,SCMS from RDC,"HIV 1/2, Determine Complete HIV Kit, 100 Tests","HIV 1/2, Determine Complete HIV Kit",Determine,N/A,Test kit,100,150,12000,80,0.8,ABBVIE GmbH & Co.KG Wiesbaden,Yes,49,1012.59,19.2
10842,107-RW-T01,Pre-PQ Process,SO-826,DN-261,Rwanda,PMO - US,From RDC,N/A - From RDC,Air,Pre-PQ Process,N/A - From RDC,22-Aug-07,22-Aug-07,22-Aug-07,HRDT,HIV test,SCMS from RDC,"HIV 1/2, Uni-Gold HIV Kit, 20 Tests","HIV 1/2, Uni-Gold HIV Kit",Uni-Gold,N/A,Test kit,20,155,4960,32,1.6,"Trinity Biotech, Plc",Yes,55,1126.84,7.94
10843,110-ZM-T01,Pre-PQ Process,SO-314,DN-270,Zambia,PMO - US,From RDC,N/A - From RDC,N/A,Pre-PQ Process,N/A - From RDC,7-Aug-07,7-Aug-07,7-Aug-07,ARV,Adult,SCMS from RDC,"Nevirapine 200mg, tablets, 60 Tabs",Nevirapine,Generic,200mg,Tablet,60,52865,188728.05,3.57,0.06,"Aurobindo Unit III, India",Yes,9182,37695.46,301.96
10844,107-RW-T01,Pre-PQ Process,SO-644,DN-217,Rwanda,PMO - US,From RDC,N/A - From RDC,Air,Pre-PQ Process,N/A - From RDC,30-Jul-07,30-Jul-07,30-Jul-07,HRDT,HIV test,SCMS from RDC,"HIV 1/2, Uni-Gold HIV Kit, 20 Tests","HIV 1/2, Uni-Gold HIV Kit",Uni-Gold,N/A,Test kit,20,250,8000,32,1.6,"Trinity Biotech, Plc",Yes,78,1324.61,12.8
10845,102-NG-T01,Pre-PQ Process,SO-667,DN-236,Nigeria,PMO - US,From RDC,N/A - From RDC,N/A,Pre-PQ Process,N/A - From RDC,5-Jul-07,5-Jul-07,5-Jul-07,HRDT,HIV test,SCMS from RDC,"HIV 1/2, Stat-Pak HIV, Kit, 20 Tests","HIV 1/2, Stat-Pak HIV, Kit",Stat-Pak,N/A,Test kit,20,500,13500,27,1.35,Chembio Diagnostics Sys. Inc.,Yes,115,1352,21.6
10846,105-GY-T01,Pre-PQ Process,SO-693,DN-232,Guyana,PMO - US,From RDC,N/A - From RDC,Air,Pre-PQ Process,N/A - From RDC,18-Jul-07,18-Jul-07,18-Jul-07,ARV,Adult,SCMS from RDC,"Zidovudine 300mg, tablets, 60 Tabs",Zidovudine,Generic,300mg,Tablet,60,209,1703.35,8.15,0.14,"Ranbaxy, Paonta Shahib, India",Yes,12,764.62,2.73
10847,104-CI-T01,Pre-PQ Process,SO-522,DN-240,Côte d'Ivoire,PMO - US,From RDC,N/A - From RDC,N/A,Pre-PQ Process,N/A - From RDC,16-Jul-07,16-Jul-07,16-Jul-07,ARV,Adult,SCMS from RDC,"Abacavir 300mg, tablets, 60 Tabs",Abacavir,Generic,300mg,Tablet,60,1051,37625.8,35.8,0.6,"Aurobindo Unit III, India",Yes,373,1850,60.2
10851,111-MZ-T01,Pre-PQ Process,SO-382,DN-259,Mozambique,PMO - US,From RDC,N/A - From RDC,Air,Pre-PQ Process,N/A - From RDC,21-Sep-07,21-Sep-07,21-Sep-07,ARV,Pediatric,SCMS from RDC,"Stavudine 1mg/ml, powder for oral solution, 200 ml",Stavudine,Generic,1mg/ml,Oral solution,200,165,239.25,1.45,0.01,"Aurobindo Unit III, India",Yes,15,350.78,0.38
10852,112-NG-T01,Pre-PQ Process,SO-642,DN-213,Nigeria,PMO - US,From RDC,N/A - From RDC,Air,Pre-PQ Process,N/A - From RDC,6-Jul-07,6-Jul-07,6-Jul-07,ARV,Adult,SCMS from RDC,"Stavudine 20mg, capsules, 60 Caps",Stavudine,Generic,20mg,Capsule,60,253,442.75,1.75,0.03,"Aurobindo Unit III, India",Yes,15,460,0.71
10855,104-CI-T01,Pre-PQ Process,SO-616,DN-288,Côte d'Ivoire,PMO - US,From RDC,N/A - From RDC,N/A,Pre-PQ Process,N/A - From RDC,13-Aug-07,13-Aug-07,13-Aug-07,ARV,Adult,SCMS from RDC,"Zidovudine 300mg, tablets, 60 Tabs",Zidovudine,Generic,300mg,Tablet,60,18290,155830.8,8.52,0.14,"Aurobindo Unit III, India",Yes,1114,3473,249.33
10857,104-CI-T01,Pre-PQ Process,SO-963,DN-323,Côte d'Ivoire,PMO - US,From RDC,N/A - From RDC,N/A,Pre-PQ Process,N/A - From RDC,14-Sep-07,14-Sep-07,14-Sep-07,ARV,Adult,SCMS from RDC,"Stavudine 30mg, capsules, 60 Caps",Stavudine,Generic,30mg,Capsule,60,3285,4993.2,1.52,0.03,"Strides, Bangalore, India.",No,See DN-323 (ID#:10588),See DN-323 (ID#:10588),7.99
10859,109-TZ-T01,Pre-PQ Process,SO-455,DN-290,Tanzania,PMO - US,From RDC,N/A - From RDC,N/A,Pre-PQ Process,N/A - From RDC,10-Sep-07,10-Sep-07,10-Sep-07,ARV,Adult,SCMS from RDC,"Abacavir 300mg, tablets, 60 Tabs",Abacavir,Generic,300mg,Tablet,60,3896,139476.8,35.8,0.6,"Aurobindo Unit III, India",Yes,3369,9689,223.16
10860,109-TZ-T01,Pre-PQ Process,SO-646,DN-294,Tanzania,PMO - US,From RDC,N/A - From RDC,N/A,Pre-PQ Process,N/A - From RDC,18-Oct-07,18-Oct-07,18-Oct-07,HRDT,HIV test,SCMS from RDC,"HIV 1/2, Bioline 3.0 Kit, Lancets, Capillary pipets, Alcohol swabs included, 25 Tests","HIV 1/2, Bioline 3.0 Kit, Lancets, Capillary pipets, Alcohol swabs included",Bioline,N/A,Test kit,25,8000,160000,20,0.8,"Standard Diagnostics, Korea",Yes,2366,13952.38,256
10861,111-MZ-T01,Pre-PQ Process,SO-298,DN-304,Mozambique,PMO - US,From RDC,N/A - From RDC,Air,Pre-PQ Process,N/A - From RDC,21-Sep-07,21-Sep-07,21-Sep-07,ARV,Adult,SCMS from RDC,"Ritonavir 100mg [Norvir], capsules, cool, 4 x 84 Caps",Ritonavir,Norvir,100mg,Capsule,336,143,5485.48,38.36,0.11,ABBVIE (Abbott) Logis. UK,No,See DN-304 (ID#:10589),See DN-304 (ID#:10589),8.78
10862,111-MZ-T01,Pre-PQ Process,SO-298,DN-304,Mozambique,PMO - US,From RDC,N/A - From RDC,Air,Pre-PQ Process,N/A - From RDC,21-Sep-07,21-Sep-07,21-Sep-07,ARV,Adult,SCMS from RDC,"Lamivudine/Nevirapine/Zidovudine 150/200/300mg, tablets, 60 Tabs",Lamivudine/Nevirapine/Zidovudine,Generic,150/300/200mg,Tablet - FDC,60,17191,300842.5,17.5,0.29,"Cipla, Goa, India",No,See DN-304 (ID#:10589),See DN-304 (ID#:10589),481.35
10863,114-UG-T01,Pre-PQ Process,SO-895,DN-298,Uganda,PMO - US,From RDC,N/A - From RDC,Air,Pre-PQ Process,N/A - From RDC,27-Aug-07,27-Aug-07,27-Aug-07,ARV,Adult,SCMS from RDC,"Nevirapine 200mg, tablets, 60 Tabs",Nevirapine,Generic,200mg,Tablet,60,1859,6320.6,3.4,0.06,"Aurobindo Unit III, India",Yes,214,891,10.11
10865,104-CI-T01,Pre-PQ Process,SO-959,DN-320,Côte d'Ivoire,PMO - US,From RDC,N/A - From RDC,N/A,Pre-PQ Process,N/A - From RDC,30-Aug-07,30-Aug-07,30-Aug-07,ARV,Pediatric,SCMS from RDC,"Efavirenz 30mg/ml [Stocrin/Sustiva], oral solution, Bottle, 180 ml",Efavirenz,Stocrin/Sustiva,30mg/ml,Oral solution,180,508,8620.76,16.97,0.09,"MSD Patheon, Canada",No,See DN-320 (ID#:10593),See DN-320 (ID#:10593),13.79
10866,104-CI-T01,Pre-PQ Process,SO-959,DN-320,Côte d'Ivoire,PMO - US,From RDC,N/A - From RDC,N/A,Pre-PQ Process,N/A - From RDC,30-Aug-07,30-Aug-07,30-Aug-07,ARV,Adult,SCMS from RDC,"Nevirapine 200mg, tablets, 60 Tabs",Nevirapine,Generic,200mg,Tablet,60,25799,87716.6,3.4,0.06,"Strides, Bangalore, India.",No,See DN-320 (ID#:10593),See DN-320 (ID#:10593),140.35
10867,104-CI-T01,Pre-PQ Process,SO-792,DN-356,Côte d'Ivoire,PMO - US,From RDC,N/A - From RDC,N/A,Pre-PQ Process,N/A - From RDC,19-Sep-07,19-Sep-07,19-Sep-07,HRDT,HIV test,SCMS from RDC,"#108853** HIV, Genie II HIV-1/HIV-2 Kit, 40 Tests","HIV, Genie II HIV-1/HIV-2 Kit",Genie,N/A,Test kit,40,230,17480,76,1.9,Bio-Rad Laboratories,Yes,917,6056.76,27.97
10868,104-CI-T01,Pre-PQ Process,SO-792,DN-356,Côte d'Ivoire,PMO - US,From RDC,N/A - From RDC,N/A,Pre-PQ Process,N/A - From RDC,19-Sep-07,19-Sep-07,19-Sep-07,HRDT,HIV test,SCMS from RDC,"#108853** HIV, Genie II HIV-1/HIV-2 Kit, 40 Tests","HIV, Genie II HIV-1/HIV-2 Kit",Genie,N/A,Test kit,40,615,46740,76,1.9,Bio-Rad Laboratories,No,See DN-356 (ID#:10867),See DN-356 (ID#:10867),74.78
10877,104-CI-T01,Pre-PQ Process,SO-843,DN-330,Côte d'Ivoire,PMO - US,From RDC,N/A - From RDC,N/A,Pre-PQ Process,N/A - From RDC,4-Sep-07,4-Sep-07,4-Sep-07,ARV,Adult,SCMS from RDC,"Lamivudine/Zidovudine 150/300mg, tablets, 60 Tabs",Lamivudine/Zidovudine,Generic,150/300mg,Tablet - FDC,60,10000,106800,10.68,0.18,"Aurobindo Unit III, India",No,See DN-330 (ID#:10612),See DN-330 (ID#:10612),170.88
10878,117-ET-T01,Pre-PQ Process,SO-914,DN-332,Ethiopia,PMO - US,From RDC,N/A - From RDC,N/A,Pre-PQ Process,N/A - From RDC,4-Sep-07,4-Sep-07,4-Sep-07,ARV,Pediatric,SCMS from RDC,"Zidovudine 10mg/ml, oral solution, Bottle, 240 ml",Zidovudine,Generic,10mg/ml,Oral solution,240,13850,29777.5,2.15,0.01,"Aurobindo Unit III, India",No,See DN-332 (ID#:10613),See DN-332 (ID#:10613),47.64
10879,117-ET-T01,Pre-PQ Process,SO-914,DN-332,Ethiopia,PMO - US,From RDC,N/A - From RDC,N/A,Pre-PQ Process,N/A - From RDC,4-Sep-07,4-Sep-07,4-Sep-07,ARV,Pediatric,SCMS from RDC,"Lamivudine 10mg/ml, oral solution, Bottle, 240 ml",Lamivudine,Generic,10mg/ml,Oral solution,240,15913,31348.61,1.97,0.01,"Aurobindo Unit III, India",No,See DN-332 (ID#:10613),See DN-332 (ID#:10613),50.16
10880,117-ET-T01,Pre-PQ Process,SO-914,DN-332,Ethiopia,PMO - US,From RDC,N/A - From RDC,N/A,Pre-PQ Process,N/A - From RDC,4-Sep-07,4-Sep-07,4-Sep-07,ARV,Adult,SCMS from RDC,"Stavudine 30mg, capsules, 60 Caps",Stavudine,Generic,30mg,Capsule,60,14700,22344,1.52,0.03,"Aurobindo Unit III, India",No,See DN-332 (ID#:10613),See DN-332 (ID#:10613),35.75
10881,110-ZM-T01,Pre-PQ Process,SO-752,DN-351,Zambia,PMO - US,From RDC,N/A - From RDC,N/A,Pre-PQ Process,N/A - From RDC,12-Sep-07,12-Sep-07,12-Sep-07,ARV,Pediatric,SCMS from RDC,"Efavirenz 200mg, capsule, 90 Caps",Efavirenz,Generic,200mg,Capsule,90,1064,17024,16,0.18,"Aurobindo Unit III, India",Yes,128,944.21,27.24
10882,104-CI-T01,Pre-PQ Process,SO-998,DN-326,Côte d'Ivoire,PMO - US,From RDC,N/A - From RDC,N/A,Pre-PQ Process,N/A - From RDC,5-Sep-07,5-Sep-07,5-Sep-07,HRDT,HIV test,SCMS from RDC,"#108853** HIV, Genie II HIV-1/HIV-2 Kit, 40 Tests","HIV, Genie II HIV-1/HIV-2 Kit",Genie,N/A,Test kit,40,450,34200,76,1.9,Bio-Rad Laboratories,Yes,497,2650.36,54.72
10883,104-CI-T01,Pre-PQ Process,SO-972,DN-327,Côte d'Ivoire,PMO - US,From RDC,N/A - From RDC,N/A,Pre-PQ Process,N/A - From RDC,10-Sep-07,10-Sep-07,10-Sep-07,ARV,Adult,SCMS from RDC,"Saquinavir 200mg [Invirase], capsules, 270 Caps",Saquinavir,Invirase,200mg,Capsule,270,252,19817.28,78.64,0.29,Roche Basel,Yes,1736,14182.54,31.71
10884,104-CI-T01,Pre-PQ Process,SO-956,DN-350,Côte d'Ivoire,PMO - US,From RDC,N/A - From RDC,N/A,Pre-PQ Process,N/A - From RDC,17-Sep-07,17-Sep-07,17-Sep-07,ARV,Adult,SCMS from RDC,"Lopinavir/Ritonavir 200/50mg [Aluvia], tablets, 120 Tabs",Lopinavir/Ritonavir,Aluvia,200/50mg,Tablet,120,3200,131520,41.1,0.34,ABBVIE Ludwigshafen Germany,Yes,749,2717,210.43
10885,104-CI-T01,Pre-PQ Process,SO-999,DN-349,Côte d'Ivoire,PMO - US,From RDC,N/A - From RDC,N/A,Pre-PQ Process,N/A - From RDC,12-Sep-07,12-Sep-07,12-Sep-07,ARV,Adult,SCMS from RDC,"Saquinavir 200mg [Invirase], capsules, 270 Caps",Saquinavir,Invirase,200mg,Capsule,270,16,1258.24,78.64,0.29,Roche Basel,Yes,295,1737,2.01
10886,104-CI-T01,Pre-PQ Process,SO-999,DN-349,Côte d'Ivoire,PMO - US,From RDC,N/A - From RDC,N/A,Pre-PQ Process,N/A - From RDC,12-Sep-07,12-Sep-07,12-Sep-07,ARV,Adult,SCMS from RDC,"Saquinavir 200mg [Invirase], capsules, 270 Caps",Saquinavir,Invirase,200mg,Capsule,270,526,41364.64,78.64,0.29,Roche Basel,No,See DN-349 (ID#:10885),See DN-349 (ID#:10885),66.18
10887,110-ZM-T01,Pre-PQ Process,SO-753,DN-395,Zambia,PMO - US,From RDC,N/A - From RDC,N/A,Pre-PQ Process,N/A - From RDC,2-Nov-07,2-Nov-07,2-Nov-07,ARV,Pediatric,SCMS from RDC,"Abacavir 20mg/ml, oral solution, Bottle, 240 ml",Abacavir,Generic,20mg/ml,Oral solution,240,1341,22126.5,16.5,0.07,"Aurobindo Unit III, India",Yes,395,3478,35.4
10889,114-UG-T01,Pre-PQ Process,SO-1123,DN-381,Uganda,PMO - US,From RDC,N/A - From RDC,Air,Pre-PQ Process,N/A - From RDC,5-Nov-07,5-Nov-07,5-Nov-07,ARV,Adult,SCMS from RDC,"Efavirenz 600mg, tablets, 30 Tabs",Efavirenz,Generic,600mg,Tablet,30,1717,21325.14,12.42,0.41,"Aurobindo Unit III, India",Yes,151,1157.58,34.12
10890,104-CI-T01,Pre-PQ Process,SO-964,DN-379,Côte d'Ivoire,PMO - US,From RDC,N/A - From RDC,Air,Pre-PQ Process,N/A - From RDC,15-Oct-07,15-Oct-07,15-Oct-07,ARV,Adult,SCMS from RDC,"Saquinavir 200mg [Invirase], capsules, 270 Caps",Saquinavir,Invirase,200mg,Capsule,270,1577,124015.28,78.64,0.29,Roche Basel,Yes,3023,13721.28,198.42
10891,110-ZM-T01,Pre-PQ Process,SO-535,DN-380,Zambia,PMO - US,From RDC,N/A - From RDC,N/A,Pre-PQ Process,N/A - From RDC,17-Oct-07,17-Oct-07,17-Oct-07,HRDT,HIV test,SCMS from RDC,"HIV 1/2, Determine HIV Kit, without Lancets, 100 Tests","HIV 1/2, Determine HIV Kit, without Lancets",Determine,N/A,Test kit,100,872,62775.28,71.99,0.72,Inverness Japan,No,See DN-380 (ID#:10622),See DN-380 (ID#:10622),100.44
10892,111-MZ-T01,Pre-PQ Process,SO-821,DN-399,Mozambique,PMO - US,From RDC,N/A - From RDC,Air,Pre-PQ Process,N/A - From RDC,22-Nov-07,22-Nov-07,22-Nov-07,ARV,Adult,SCMS from RDC,"Abacavir/Lamivudine/Zidovudine 300/150/300mg [Trizivir], tablets, 60 Tabs",Abacavir/Lamivudine/Zidovudine,Trizivir,300/150/300mg,Tablet - FDC,60,821,57470,70,1.17,GSK Ware (UK),Yes,186,549.44,91.95
10893,112-NG-T01,Pre-PQ Process,SO-565,DN-373,Nigeria,PMO - US,From RDC,N/A - From RDC,Air,Pre-PQ Process,N/A - From RDC,20-Sep-07,20-Sep-07,20-Sep-07,ARV,Adult,SCMS from RDC,"Lamivudine 150mg, tablets, 60 Tabs",Lamivudine,Generic,150mg,Tablet,60,614,2032.34,3.31,0.06,"Aurobindo Unit III, India",No,See DN-373 (ID#:10623),See DN-373 (ID#:10623),3.25
10894,112-NG-T01,Pre-PQ Process,SO-565,DN-373,Nigeria,PMO - US,From RDC,N/A - From RDC,Air,Pre-PQ Process,N/A - From RDC,20-Sep-07,20-Sep-07,20-Sep-07,ARV,Adult,SCMS from RDC,"Nevirapine 200mg, tablets, 60 Tabs",Nevirapine,Generic,200mg,Tablet,60,600,2142,3.57,0.06,"Aurobindo Unit III, India",No,See DN-373 (ID#:10623),See DN-373 (ID#:10623),3.43
10895,112-NG-T01,Pre-PQ Process,SO-565,DN-373,Nigeria,PMO - US,From RDC,N/A - From RDC,Air,Pre-PQ Process,N/A - From RDC,20-Sep-07,20-Sep-07,20-Sep-07,ARV,Pediatric,SCMS from RDC,"Lamivudine 10mg/ml, oral solution, Bottle, 240 ml",Lamivudine,Generic,10mg/ml,Oral solution,240,390,1010.1,2.59,0.01,"Cipla, Goa, India",No,See DN-373 (ID#:10623),See DN-373 (ID#:10623),1.62
10898,104-CI-T01,Pre-PQ Process,SO-845,DN-376,Côte d'Ivoire,PMO - US,From RDC,N/A - From RDC,Air,Pre-PQ Process,N/A - From RDC,2-Oct-07,2-Oct-07,2-Oct-07,HRDT,HIV test,SCMS from RDC,"HIV 1/2, Determine Complete HIV Kit, 100 Tests","HIV 1/2, Determine Complete HIV Kit",Determine,N/A,Test kit,100,350,25200,72,0.72,Inverness Japan,No,See DN-376 (ID#:10628),See DN-376 (ID#:10628),40.32
10900,110-ZM-T01,Pre-PQ Process,SO-207,DN-383,Zambia,PMO - US,From RDC,N/A - From RDC,N/A,Pre-PQ Process,N/A - From RDC,17-Oct-07,17-Oct-07,17-Oct-07,ARV,Pediatric,SCMS from RDC,"Zidovudine 100mg [Retrovir], capsules, 100 Caps",Zidovudine,Retrovir,100mg,Capsule,100,2623,27279.2,10.4,0.1,GSK Crawley,Yes,159,1007.34,43.65
10901,110-ZM-T01,Pre-PQ Process,SO-976,DN-384,Zambia,PMO - US,From RDC,N/A - From RDC,N/A,Pre-PQ Process,N/A - From RDC,29-Oct-07,29-Oct-07,29-Oct-07,ARV,Pediatric,SCMS from RDC,"Lamivudine 10mg/ml, oral solution, Bottle, 240 ml",Lamivudine,Generic,10mg/ml,Oral solution,240,5496,10827.12,1.97,0.01,"Aurobindo Unit III, India",Yes,6230,25739.49,17.32
10903,112-NG-T01,Pre-PQ Process,SO-1221,DN-409,Nigeria,PMO - US,From RDC,N/A - From RDC,Air,Pre-PQ Process,N/A - From RDC,16-Nov-07,16-Nov-07,16-Nov-07,ARV,Pediatric,SCMS from RDC,"Efavirenz 50mg, capsule, 30 Caps",Efavirenz,Generic,50mg,Capsule,30,100,224,2.24,0.07,"Aurobindo Unit III, India",Yes,118,1616.04,0.36
10904,111-MZ-T01,Pre-PQ Process,SO-1038,DN-426,Mozambique,PMO - US,From RDC,N/A - From RDC,Air,Pre-PQ Process,N/A - From RDC,29-Nov-07,29-Nov-07,29-Nov-07,ARV,Pediatric,SCMS from RDC,"Stavudine 1mg/ml, powder for oral solution, 200 ml",Stavudine,Generic,1mg/ml,Oral solution,200,500,700,1.4,0.01,"Aurobindo Unit III, India",No,See DN-426 (ID#:10633),See DN-426 (ID#:10633),1.12
10905,100-ZW-T01,Pre-PQ Process,SO-1207,DN-424,Zimbabwe,PMO - US,From RDC,N/A - From RDC,Air,Pre-PQ Process,N/A - From RDC,16-Nov-07,16-Nov-07,16-Nov-07,ARV,Adult,SCMS from RDC,"Lamivudine/Stavudine 150/30mg, tablets, 30 Tabs",Lamivudine/Stavudine,Generic,150/30mg,Tablet - FDC,30,1,2,2,0.07,"Cipla, Goa, India",Yes,63,598.08,0
10906,114-UG-T01,Pre-PQ Process,SO-1085,DN-430,Uganda,PMO - US,From RDC,N/A - From RDC,Air,Pre-PQ Process,N/A - From RDC,10-Dec-07,10-Dec-07,10-Dec-07,ARV,Adult,SCMS from RDC,"Lamivudine/Nevirapine/Zidovudine 150/200/300mg, tablets, 60 Tabs",Lamivudine/Nevirapine/Zidovudine,Generic,150/300/200mg,Tablet - FDC,60,1650,22275,13.5,0.22,"Aurobindo Unit III, India",Yes,197,1637,35.64
10907,110-ZM-T01,Pre-PQ Process,SO-1028,DN-461,Zambia,PMO - US,From RDC,N/A - From RDC,N/A,Pre-PQ Process,N/A - From RDC,25-Jan-08,25-Jan-08,25-Jan-08,ARV,Adult,SCMS from RDC,"Efavirenz 600mg, tablets, 30 Tabs",Efavirenz,Generic,600mg,Tablet,30,44135,548156.7,12.42,0.41,"Aurobindo Unit III, India",Yes,3801,13715.55,877.05
10908,114-UG-T01,Pre-PQ Process,SO-1300,DN-435,Uganda,PMO - US,From RDC,N/A - From RDC,Air,Pre-PQ Process,N/A - From RDC,10-Dec-07,10-Dec-07,10-Dec-07,ARV,Adult,SCMS from RDC,"Emtricitabine/Tenofovir Disoproxil Fumarate 200/300mg [Truvada], tablets, 30 Tabs",Emtricitabine/Tenofovir Disoproxil Fumarate,Truvada,300/200mg,Tablet - FDC,30,42,1102.5,26.25,0.88,Gilead(Nycomed) Oranienburg DE,Yes,464,3393,1.76
10910,104-CI-T01,Pre-PQ Process,SO-1446,DN-504,Côte d'Ivoire,PMO - US,From RDC,N/A - From RDC,Air,Pre-PQ Process,N/A - From RDC,24-Jan-08,24-Jan-08,24-Jan-08,ARV,Pediatric,SCMS from RDC,"Abacavir 20mg/ml, [DON] oral solution, Bottle, 240 ml",Abacavir,Generic,20mg/ml,Oral solution,240,3119,0,0,0,"Aurobindo Unit III, India",Yes,1088,2951.94,0
10915,110-ZM-T01,Pre-PQ Process,SO-1329,DN-465,Zambia,PMO - US,From RDC,N/A - From RDC,N/A,Pre-PQ Process,N/A - From RDC,30-Nov-07,30-Nov-07,30-Nov-07,ARV,Pediatric,SCMS from RDC,"Efavirenz 200mg, capsule, 90 Caps",Efavirenz,Generic,200mg,Capsule,90,2066,33056,16,0.18,"Aurobindo Unit III, India",Yes,236,1448.2,52.89
10917,117-ET-T01,Pre-PQ Process,SO-1527,DN-522,Ethiopia,PMO - US,From RDC,N/A - From RDC,Air,Pre-PQ Process,N/A - From RDC,20-Feb-08,20-Feb-08,20-Feb-08,ARV,Adult,SCMS from RDC,"Stavudine 20mg, capsules, 60 Caps",Stavudine,Generic,20mg,Capsule,60,219,383.25,1.75,0.03,"Aurobindo Unit III, India",Yes,16,472.5,0.61
10918,117-ET-T01,Pre-PQ Process,SO-1514,DN-518,Ethiopia,PMO - US,From RDC,N/A - From RDC,Air,Pre-PQ Process,N/A - From RDC,20-Dec-07,20-Dec-07,20-Dec-07,ARV,Adult,SCMS from RDC,"Tenofovir Disoproxil Fumarate 300mg [Viread], tablets, 30 Tabs",Tenofovir Disoproxil Fumarate,Viread,300mg,Tablet,30,1184,20128,17,0.57,Gilead(Nycomed) Oranienburg DE,Yes,49,639.75,32.2
10919,104-CI-T01,Pre-PQ Process,SO-971,DN-421,Côte d'Ivoire,PMO - US,From RDC,N/A - From RDC,Air,Pre-PQ Process,N/A - From RDC,17-Jan-08,17-Jan-08,17-Jan-08,ARV,Adult,SCMS from RDC,"Lopinavir/Ritonavir 200/50mg [Aluvia], tablets, 120 Tabs",Lopinavir/Ritonavir,Aluvia,200/50mg,Tablet,120,479,19686.9,41.1,0.34,ABBVIE Ludwigshafen Germany,Yes,421,5947.88,31.5
10923,117-ET-T01,Pre-PQ Process,SO-1533,DN-528,Ethiopia,PMO - US,From RDC,N/A - From RDC,Air,Pre-PQ Process,N/A - From RDC,20-Dec-07,20-Dec-07,20-Dec-07,ARV,Pediatric,SCMS from RDC,"Zidovudine 10mg/ml, oral solution, Bottle, 240 ml",Zidovudine,Generic,10mg/ml,Oral solution,240,1926,4140.9,2.15,0.01,"Aurobindo Unit III, India",Yes,807,2511.67,6.63
10924,100-ZW-T01,Pre-PQ Process,SO-710,DN-488,Zimbabwe,PMO - US,From RDC,N/A - From RDC,Air,Pre-PQ Process,N/A - From RDC,14-Jan-08,14-Jan-08,14-Jan-08,ARV,Adult,SCMS from RDC,"Efavirenz 600mg, tablets, 30 Tabs",Efavirenz,Generic,600mg,Tablet,30,627,7787.34,12.42,0.41,"Cipla, Goa, India",No,See DN-488 (ID#:10652),See DN-488 (ID#:10652),12.46
10925,100-ZW-T01,Pre-PQ Process,SO-712,DN-623,Zimbabwe,PMO - US,From RDC,N/A - From RDC,Air,Pre-PQ Process,N/A - From RDC,5-Mar-08,5-Mar-08,5-Mar-08,ARV,Adult,SCMS from RDC,"Lamivudine/Nevirapine/Stavudine 150/200/30mg, tablets, 60 Tabs",Lamivudine/Nevirapine/Stavudine,Generic,150/200/30mg,Tablet - FDC,60,37240,275576,7.4,0.12,"Cipla, Goa, India",Yes,4080,13317.2,440.92
10926,106-HT-T01,Pre-PQ Process,SO-1285,DN-627,Haiti,PMO - US,From RDC,N/A - From RDC,Air,Pre-PQ Process,N/A - From RDC,8-Mar-08,8-Mar-08,8-Mar-08,ARV,Pediatric,SCMS from RDC,"Didanosine 200mg, chewable/dispersible tablets, 60 Tabs",Didanosine,Generic,200mg,Chewable/dispersible tablet,60,100,1550,15.5,0.26,"Aurobindo Unit III, India",Yes,195,2587.9,2.48
10927,111-MZ-T01,Pre-PQ Process,SO-1039,DN-628,Mozambique,PMO - US,From RDC,N/A - From RDC,Air,Pre-PQ Process,N/A - From RDC,8-Apr-08,5-Apr-08,5-Apr-08,ARV,Adult,SCMS from RDC,"Abacavir/Lamivudine/Zidovudine 300/150/300mg [Trizivir], tablets, 60 Tabs",Abacavir/Lamivudine/Zidovudine,Trizivir,300/150/300mg,Tablet - FDC,60,213,14910,70,1.17,GSK Ware (UK),No,See DN-628 (ID#:10654),See DN-628 (ID#:10654),23.86
10928,111-MZ-T01,Pre-PQ Process,SO-1039,DN-628,Mozambique,PMO - US,From RDC,N/A - From RDC,Air,Pre-PQ Process,N/A - From RDC,8-Apr-08,5-Apr-08,5-Apr-08,ARV,Adult,SCMS from RDC,"Indinavir 400mg [Crixivan], capsules, 180 Caps",Indinavir,Crixivan,400mg,Capsule,180,343,17150,50,0.28,"MSD, Haarlem, NL",No,See DN-628 (ID#:10654),See DN-628 (ID#:10654),27.44
10929,117-ET-T01,Pre-PQ Process,SO-1525,DN-530,Ethiopia,PMO - US,From RDC,N/A - From RDC,Air,Pre-PQ Process,N/A - From RDC,17-Dec-07,17-Dec-07,17-Dec-07,ARV,Pediatric,SCMS from RDC,"Efavirenz 200mg [Stocrin/Sustiva], capsule, 90 Caps",Efavirenz,Stocrin/Sustiva,200mg,Capsule,90,1692,27072,16,0.18,"MSD Manati, Puerto Rico, (USA)",Yes,182,1722,43.32
10930,110-ZM-T01,Pre-PQ Process,SO-993,DN-507,Zambia,PMO - US,From RDC,N/A - From RDC,N/A,Pre-PQ Process,N/A - From RDC,8-Jan-08,8-Jan-08,8-Jan-08,ARV,Adult,SCMS from RDC,"Efavirenz 600mg, tablets, 30 Tabs",Efavirenz,Generic,600mg,Tablet,30,50061,976189.5,19.5,0.65,Mylan (formerly Matrix) Nashik,Yes,3946,14199.3,1561.9
10931,117-ET-T01,Pre-PQ Process,SO-1513,DN-516,Ethiopia,PMO - US,From RDC,N/A - From RDC,Air,Pre-PQ Process,N/A - From RDC,10-Jan-08,10-Jan-08,10-Jan-08,ARV,Adult,SCMS from RDC,"Tenofovir Disoproxil Fumarate 300mg [Viread], tablets, 30 Tabs",Tenofovir Disoproxil Fumarate,Viread,300mg,Tablet,30,591,10047,17,0.57,Gilead(Nycomed) Oranienburg DE,Yes,37,504,16.08
10933,107-RW-T01,Pre-PQ Process,SO-1515,DN-570,Rwanda,PMO - US,From RDC,N/A - From RDC,Air,Pre-PQ Process,N/A - From RDC,28-Jan-08,28-Jan-08,28-Jan-08,ARV,Adult,SCMS from RDC,"Lamivudine 150mg, tablets, 60 Tabs",Lamivudine,Generic,150mg,Tablet,60,3150,9576,3.04,0.05,"Ranbaxy, Paonta Shahib, India",Yes,165,2559.28,15.32
10934,100-ZW-T01,Pre-PQ Process,SO-708,DN-479,Zimbabwe,PMO - US,From RDC,N/A - From RDC,Air,Pre-PQ Process,N/A - From RDC,5-Feb-08,5-Feb-08,5-Feb-08,ARV,Adult,SCMS from RDC,"Lamivudine/Stavudine 150/30mg, tablets, 30 Tabs",Lamivudine/Stavudine,Generic,150/30mg,Tablet - FDC,30,1600,3200,2,0.07,"Cipla, Goa, India",No,See DN-479 (ID#:10647),See DN-479 (ID#:10647),5.12
10936,117-ET-T01,Pre-PQ Process,SO-1532,DN-574,Ethiopia,PMO - US,From RDC,N/A - From RDC,Air,Pre-PQ Process,N/A - From RDC,31-Jan-08,31-Jan-08,31-Jan-08,ARV,Adult,SCMS from RDC,"Nevirapine 200mg, tablets, 60 Tabs",Nevirapine,Generic,200mg,Tablet,60,7511,25537.4,3.4,0.06,"Ranbaxy, Paonta Shahib, India",Yes,732,2724.27,40.86
10937,105-GY-T01,Pre-PQ Process,SO-1239,DN-557,Guyana,PMO - US,From RDC,N/A - From RDC,Air,Pre-PQ Process,N/A - From RDC,24-Jan-08,24-Jan-08,24-Jan-08,ARV,Adult,SCMS from RDC,"Lamivudine/Zidovudine 150/300mg, tablets, 60 Tabs",Lamivudine/Zidovudine,Generic,150/300mg,Tablet - FDC,60,1008,9576,9.5,0.16,"Aurobindo Unit III, India",No,See DN-557 (ID#:10663),See DN-557 (ID#:10663),15.32
10939,110-ZM-T01,Pre-PQ Process,SO-1033,DN-553,Zambia,PMO - US,From RDC,N/A - From RDC,N/A,Pre-PQ Process,N/A - From RDC,28-Feb-08,28-Feb-08,28-Feb-08,ARV,Adult,SCMS from RDC,"Efavirenz 600mg, tablets, 30 Tabs",Efavirenz,Generic,600mg,Tablet,30,44135,548156.7,12.42,0.41,Mylan (formerly Matrix) Nashik,Yes,3483,12643.63,877.05
10940,109-TZ-T01,Pre-PQ Process,SO-1648,DN-559,Tanzania,PMO - US,From RDC,N/A - From RDC,Air,Pre-PQ Process,N/A - From RDC,25-Feb-08,25-Feb-08,25-Feb-08,ARV,Pediatric,SCMS from RDC,"Didanosine 100mg, chewable/dispersible tablets, 60 Tabs",Didanosine,Generic,100mg,Chewable/dispersible tablet,60,2273,17615.75,7.75,0.13,"Aurobindo Unit III, India",Yes,2749,10654.94,28.19
10942,104-CI-T01,Pre-PQ Process,SO-1663,DN-587,Côte d'Ivoire,PMO - US,From RDC,N/A - From RDC,Air,Pre-PQ Process,N/A - From RDC,6-Mar-08,5-Feb-08,5-Feb-08,ARV,Adult,SCMS from RDC,"Indinavir 400mg [Crixivan], capsules, 180 Caps",Indinavir,Crixivan,400mg,Capsule,180,5538,276900,50,0.28,"MSD, Haarlem, NL",Yes,1230,4680.1,443.04
10943,117-ET-T01,Pre-PQ Process,SO-1719,DN-593,Ethiopia,PMO - US,From RDC,N/A - From RDC,Air,Pre-PQ Process,N/A - From RDC,5-Feb-08,5-Feb-08,5-Feb-08,ARV,Adult,SCMS from RDC,"Zidovudine 300mg, tablets, 60 Tabs",Zidovudine,Generic,300mg,Tablet,60,10000,81500,8.15,0.14,"Aurobindo Unit III, India",Yes,574,3787.32,130.4
10944,111-MZ-T01,Pre-PQ Process,SO-1063,DN-597,Mozambique,PMO - US,From RDC,N/A - From RDC,Air,Pre-PQ Process,N/A - From RDC,29-Feb-08,29-Feb-08,29-Feb-08,HRDT,HIV test - Ancillary,SCMS from RDC,"HIV, Lancet, Safety, for HIV Test kits, 100 Pcs","HIV, Lancet, Safety, for HIV Test kits, 100 Pcs",Generic,N/A,Test kit - Ancillary,100,4300,43,0.01,0,Inverness Japan,No,See DN-597 (ID#:10671),See DN-597 (ID#:10671),0.07
10945,100-ZW-T01,Pre-PQ Process,SO-714,DN-709,Zimbabwe,PMO - US,From RDC,N/A - From RDC,Air,Pre-PQ Process,N/A - From RDC,21-Apr-08,21-Apr-08,21-Apr-08,ARV,Adult,SCMS from RDC,"Lamivudine/Stavudine 150/30mg, tablets, 30 Tabs",Lamivudine/Stavudine,Generic,150/30mg,Tablet - FDC,30,1600,3200,2,0.07,"Cipla, Goa, India",Yes,2519,15252.7,5.12
10946,100-ZW-T01,Pre-PQ Process,SO-714,DN-709,Zimbabwe,PMO - US,From RDC,N/A - From RDC,Air,Pre-PQ Process,N/A - From RDC,21-Apr-08,21-Apr-08,21-Apr-08,ARV,Adult,SCMS from RDC,"Lamivudine/Nevirapine/Stavudine 150/200/30mg, tablets, 60 Tabs",Lamivudine/Nevirapine/Stavudine,Generic,150/200/30mg,Tablet - FDC,60,37240,275576,7.4,0.12,"Cipla, Goa, India",No,See DN-709 (ID#:10945),See DN-709 (ID#:10945),440.92
10947,109-TZ-T01,Pre-PQ Process,SO-2662,DN-758,Tanzania,PMO - US,From RDC,N/A - From RDC,Air,Pre-PQ Process,N/A - From RDC,9-Jul-08,9-Jul-08,9-Jul-08,ARV,Adult,SCMS from RDC,"Lamivudine 150mg, tablets, 60 Tabs",Lamivudine,Generic,150mg,Tablet,60,11181,32536.71,2.91,0.05,"Aurobindo Unit III, India",Yes,566,3594.6,52.06
10948,110-ZM-T01,Pre-PQ Process,SO-2547,DN-820,Zambia,PMO - US,From RDC,N/A - From RDC,Truck,Pre-PQ Process,N/A - From RDC,29-Jul-08,29-Jul-08,29-Jul-08,ARV,Adult,SCMS from RDC,"Lamivudine/Stavudine 150/30mg, tablets, 30 Tabs",Lamivudine/Stavudine,Generic,150/30mg,Tablet - FDC,30,12000,24000,2,0.07,"Cipla, Goa, India",Yes,700,954.13,38.4
10949,109-TZ-T01,Pre-PQ Process,SO-2000,DN-722,Tanzania,PMO - US,From RDC,N/A - From RDC,N/A,Pre-PQ Process,N/A - From RDC,30-Apr-08,30-Apr-08,30-Apr-08,ARV,Adult,SCMS from RDC,"Lopinavir/Ritonavir 200/50mg [Aluvia], tablets, 120 Tabs",Lopinavir/Ritonavir,Aluvia,200/50mg,Tablet,120,2580,106038,41.1,0.34,ABBVIE Ludwigshafen Germany,Yes,559,3562.4,169.66
10950,109-TZ-T01,Pre-PQ Process,SO-2560,DN-826,Tanzania,PMO - US,From RDC,N/A - From RDC,Air,Pre-PQ Process,N/A - From RDC,29-Jul-08,29-Jul-08,29-Jul-08,ARV,Adult,SCMS from RDC,"Nevirapine 200mg, tablets, 60 Tabs",Nevirapine,Generic,200mg,Tablet,60,50288,170979.2,3.4,0.06,"Aurobindo Unit III, India",No,See DN-826 (ID#:10674),See DN-826 (ID#:10674),273.57
10951,104-CI-T01,Pre-PQ Process,SO-2045,DN-761,Côte d'Ivoire,PMO - US,From RDC,N/A - From RDC,Air,Pre-PQ Process,N/A - From RDC,2-Jun-08,2-Jun-08,2-Jun-08,ARV,Adult,SCMS from RDC,"Stavudine 20mg, capsules, 60 Caps",Stavudine,Generic,20mg,Capsule,60,1080,1890,1.75,0.03,"Aurobindo Unit III, India",Yes,4668,8787.28,3.02
10953,112-NG-T01,Pre-PQ Process,SO-2726,DN-800,Nigeria,PMO - US,From RDC,N/A - From RDC,Air,Pre-PQ Process,N/A - From RDC,19-Jun-08,19-Jun-08,19-Jun-08,ARV,Adult,SCMS from RDC,"Indinavir 400mg [Crixivan], capsules, 180 Caps",Indinavir,Crixivan,400mg,Capsule,180,20,1000,50,0.28,"MSD, Haarlem, NL",Yes,1024,5226.6,1.6
10954,106-HT-T01,Pre-PQ Process,SO-2056,DN-743,Haiti,PMO - US,From RDC,N/A - From RDC,Air,Pre-PQ Process,N/A - From RDC,27-May-08,27-May-08,27-May-08,ARV,Adult,SCMS from RDC,"Lamivudine 150mg, tablets, 60 Tabs",Lamivudine,Generic,150mg,Tablet,60,7380,21475.8,2.91,0.05,"Aurobindo Unit III, India",No,See DN-743 (ID#:10683),See DN-743 (ID#:10683),34.36
10955,111-MZ-T01,Pre-PQ Process,SO-1039,DN-629,Mozambique,PMO - US,From RDC,N/A - From RDC,Air,Pre-PQ Process,N/A - From RDC,8-Apr-08,16-May-08,16-May-08,ARV,Adult,SCMS from RDC,"Lamivudine/Nevirapine/Stavudine 150/200/30mg, tablets, 60 Tabs",Lamivudine/Nevirapine/Stavudine,Generic,150/200/30mg,Tablet - FDC,60,73012,540288.8,7.4,0.12,"Cipla, Goa, India",Yes,14083,11053.53,864.46
10956,110-ZM-T01,Pre-PQ Process,SO-1806,DN-625,Zambia,PMO - US,From RDC,N/A - From RDC,N/A,Pre-PQ Process,N/A - From RDC,28-Mar-08,28-Mar-08,28-Mar-08,ARV,Adult,SCMS from RDC,"Emtricitabine/Tenofovir Disoproxil Fumarate 200/300mg [Truvada], tablets, 30 Tabs",Emtricitabine/Tenofovir Disoproxil Fumarate,Truvada,300/200mg,Tablet - FDC,30,27156,712845,26.25,0.88,"Aspen-OSD, Port Elizabeth, SA",Yes,9344,35246.5,1140.55
10957,110-ZM-T01,Pre-PQ Process,SO-1993,DN-677,Zambia,PMO - US,From RDC,N/A - From RDC,Air,Pre-PQ Process,N/A - From RDC,28-Mar-08,28-Mar-08,28-Mar-08,ARV,Adult,SCMS from RDC,"Efavirenz 600mg, tablets, 30 Tabs",Efavirenz,Generic,600mg,Tablet,30,4332,53803.44,12.42,0.41,Mylan (formerly Matrix) Nashik,Yes,338,1890.76,86.09
10958,110-ZM-T01,Pre-PQ Process,SO-1885,DN-711,Zambia,PMO - US,From RDC,N/A - From RDC,N/A,Pre-PQ Process,N/A - From RDC,9-May-08,9-May-08,9-May-08,ARV,Adult,SCMS from RDC,"Lamivudine/Zidovudine 150/300mg, tablets, 60 Tabs",Lamivudine/Zidovudine,Generic,150/300mg,Tablet - FDC,60,50000,472500,9.45,0.16,"Aurobindo Unit III, India",Yes,4657,2348.92,756
10959,100-ZW-T01,Pre-PQ Process,SO-716,DN-770,Zimbabwe,PMO - US,From RDC,N/A - From RDC,Air,Pre-PQ Process,N/A - From RDC,9-Jun-08,9-Jun-08,9-Jun-08,ARV,Adult,SCMS from RDC,"Lamivudine/Stavudine 150/30mg, tablets, 30 Tabs",Lamivudine/Stavudine,Generic,150/30mg,Tablet - FDC,30,1600,3200,2,0.07,"Cipla, Goa, India",Yes,422,3335.15,5.12
10960,109-TZ-T01,Pre-PQ Process,SO-1695,DN-663,Tanzania,PMO - US,From RDC,N/A - From RDC,N/A,Pre-PQ Process,N/A - From RDC,22-Apr-08,23-Apr-08,23-Apr-08,ARV,Adult,SCMS from RDC,"Lamivudine/Zidovudine 150/300mg, tablets, 60 Tabs",Lamivudine/Zidovudine,Generic,150/300mg,Tablet - FDC,60,51364,487958,9.5,0.16,"Aurobindo Unit III, India",Yes,5372,16430.72,780.73
10961,110-ZM-T01,Pre-PQ Process,SO-2550,DN-839,Zambia,PMO - US,From RDC,N/A - From RDC,Truck,Pre-PQ Process,N/A - From RDC,20-Aug-08,20-Aug-08,20-Aug-08,ARV,Adult,SCMS from RDC,"Lamivudine/Nevirapine/Stavudine 150/200/30mg, tablets, 60 Tabs",Lamivudine/Nevirapine/Stavudine,Generic,150/200/30mg,Tablet - FDC,60,40000,288000,7.2,0.12,"Strides, Bangalore, India.",Yes,7393,6051.02,460.8
10962,125-HT-T01,Pre-PQ Process,SO-1291,DN-686,Haiti,PMO - US,From RDC,N/A - From RDC,Air,Pre-PQ Process,N/A - From RDC,3-Apr-08,3-Apr-08,3-Apr-08,HRDT,HIV test,SCMS from RDC,"HIV 1/2, Determine HIV Kit, without Lancets, 100 Tests","HIV 1/2, Determine HIV Kit, without Lancets",Determine,N/A,Test kit,100,25,1800,72,0.72,Inverness Japan,No,See DN-686 (ID#:10691),See DN-686 (ID#:10691),2.88
10963,106-HT-T01,Pre-PQ Process,SO-2042,DN-682,Haiti,PMO - US,From RDC,N/A - From RDC,Air,Pre-PQ Process,N/A - From RDC,21-Mar-08,21-Mar-08,21-Mar-08,ARV,Pediatric,SCMS from RDC,"Abacavir 20mg/ml, oral solution, Bottle, 240 ml",Abacavir,Generic,20mg/ml,Oral solution,240,160,2640,16.5,0.07,"Aurobindo Unit III, India",Yes,938,11340.2,4.22
10964,114-UG-T01,Pre-PQ Process,SO-2791,DN-794,Uganda,PMO - US,From RDC,N/A - From RDC,Air,Pre-PQ Process,N/A - From RDC,11-Jul-08,11-Jul-08,11-Jul-08,ARV,Pediatric,SCMS from RDC,"Zidovudine 10mg/ml, oral solution, Bottle, 240 ml",Zidovudine,Generic,10mg/ml,Oral solution,240,4296,9021.6,2.1,0.01,"Aurobindo Unit III, India",Yes,1600,10314.28,14.43
10965,132-NG-T01,Pre-PQ Process,SO-2680,DN-787,Nigeria,PMO - US,From RDC,N/A - From RDC,Air,Pre-PQ Process,N/A - From RDC,4-Jul-08,4-Jul-08,4-Jul-08,ARV,Adult,SCMS from RDC,"Emtricitabine/Tenofovir Disoproxil Fumarate 200/300mg [Truvada], tablets, 30 Tabs",Emtricitabine/Tenofovir Disoproxil Fumarate,Truvada,300/200mg,Tablet - FDC,30,15000,393750,26.25,0.88,"Aspen-OSD, Port Elizabeth, SA",Yes,1365,9904.65,630
10966,114-UG-T01,Pre-PQ Process,SO-2674,DN-797,Uganda,PMO - US,From RDC,N/A - From RDC,Air,Pre-PQ Process,N/A - From RDC,11-Jul-08,11-Jul-08,11-Jul-08,ARV,Adult,SCMS from RDC,"Nevirapine 200mg, tablets, 60 Tabs",Nevirapine,Generic,200mg,Tablet,60,1061,3607.4,3.4,0.06,"Aurobindo Unit III, India",Yes,106,1054.52,5.77
10967,102-KE-T01,Pre-PQ Process,SO-1390,DN-667,Kenya,PMO - US,From RDC,N/A - From RDC,Truck,Pre-PQ Process,N/A - From RDC,26-Mar-08,26-Mar-08,26-Mar-08,HRDT,HIV test - Ancillary,SCMS from RDC,"HIV, Lancet, Safety, for HIV Test kits, 100 Pcs","HIV, Lancet, Safety, for HIV Test kits, 100 Pcs",Generic,N/A,Test kit - Ancillary,100,240,1200,5,0.05,Inverness Japan,Yes,751,190.06,1.92
10968,112-NG-T01,Pre-PQ Process,SO-2350,DN-718,Nigeria,PMO - US,From RDC,N/A - From RDC,Air,Pre-PQ Process,N/A - From RDC,21-Apr-08,21-Apr-08,21-Apr-08,ARV,Adult,SCMS from RDC,"Lamivudine/Zidovudine 150/300mg, tablets, 60 Tabs",Lamivudine/Zidovudine,Generic,150/300mg,Tablet - FDC,60,760,7182,9.45,0.16,"Aurobindo Unit III, India",Yes,199,1917.53,11.49
10969,112-NG-T01,Pre-PQ Process,SO-2350,DN-718,Nigeria,PMO - US,From RDC,N/A - From RDC,Air,Pre-PQ Process,N/A - From RDC,21-Apr-08,21-Apr-08,21-Apr-08,ARV,Pediatric,SCMS from RDC,"Stavudine 1mg/ml, powder for oral solution, 200 ml",Stavudine,Generic,1mg/ml,Oral solution,200,16,22.4,1.4,0.01,"Aurobindo Unit III, India",No,See DN-718 (ID#:10968),See DN-718 (ID#:10968),0.04
10970,111-MZ-T01,Pre-PQ Process,SO-1615,DN-698,Mozambique,PMO - US,From RDC,N/A - From RDC,Air,Pre-PQ Process,N/A - From RDC,23-Jun-08,23-Jun-08,23-Jun-08,ARV,Adult,SCMS from RDC,"Indinavir 400mg [Crixivan], capsules, 180 Caps",Indinavir,Crixivan,400mg,Capsule,180,1428,71400,50,0.28,"MSD, Haarlem, NL",Yes,2955,4551.52,114.24
10972,117-ET-T01,Pre-PQ Process,SO-1518,DN-634,Ethiopia,PMO - US,From RDC,N/A - From RDC,Air,Pre-PQ Process,N/A - From RDC,21-Mar-08,21-Mar-08,21-Mar-08,ARV,Adult,SCMS from RDC,"Lamivudine/Zidovudine 150/300mg, tablets, 60 Tabs",Lamivudine/Zidovudine,Generic,150/300mg,Tablet - FDC,60,65524,622478,9.5,0.16,"Aurobindo Unit III, India",Yes,14599,32146.52,995.96
10973,100-ZW-T01,Pre-PQ Process,SO-713,DN-687,Zimbabwe,PMO - US,From RDC,N/A - From RDC,Air,Pre-PQ Process,N/A - From RDC,30-Mar-08,30-Mar-08,30-Mar-08,ARV,Adult,SCMS from RDC,"Lamivudine/Nevirapine/Stavudine 150/200/30mg, tablets, 60 Tabs",Lamivudine/Nevirapine/Stavudine,Generic,150/200/30mg,Tablet - FDC,60,37240,275576,7.4,0.12,"Cipla, Goa, India",No,See DN-687 (ID#:10697),See DN-687 (ID#:10697),440.92
10975,105-GY-T01,Pre-PQ Process,SO-2464,DN-727,Guyana,PMO - US,From RDC,N/A - From RDC,Air,Pre-PQ Process,N/A - From RDC,9-May-08,9-May-08,9-May-08,ARV,Adult,SCMS from RDC,"Lopinavir/Ritonavir 200/50mg [Aluvia], tablets, 120 Tabs",Lopinavir/Ritonavir,Aluvia,200/50mg,Tablet,120,150,12330,82.2,0.68,ABBVIE Ludwigshafen Germany,Yes,34,1608.7,19.73
10976,106-HT-T01,Pre-PQ Process,SO-1565,DN-657,Haiti,PMO - US,From RDC,N/A - From RDC,Air,Pre-PQ Process,N/A - From RDC,19-Mar-08,19-Mar-08,19-Mar-08,HRDT,HIV test,SCMS from RDC,"HIV 1/2, Determine HIV Kit, without Lancets, 100 Tests","HIV 1/2, Determine HIV Kit, without Lancets",Determine,N/A,Test kit,100,30,2160,72,0.72,Inverness Japan,Yes,7,774.84,3.46
10977,110-ZM-T01,Pre-PQ Process,SO-1888,DN-701,Zambia,PMO - US,From RDC,N/A - From RDC,N/A,Pre-PQ Process,N/A - From RDC,9-May-08,9-May-08,9-May-08,ARV,Adult,SCMS from RDC,"Emtricitabine/Tenofovir Disoproxil Fumarate 200/300mg [Truvada], tablets, 30 Tabs",Emtricitabine/Tenofovir Disoproxil Fumarate,Truvada,300/200mg,Tablet - FDC,30,40000,1050000,26.25,0.88,"Aspen-OSD, Port Elizabeth, SA",Yes,3512,1772.4,1680
10979,113-ZW-T01,Pre-PQ Process,SO-2502,DN-813,Zimbabwe,PMO - US,From RDC,N/A - From RDC,Truck,Pre-PQ Process,N/A - From RDC,26-Jul-08,26-Jul-08,26-Jul-08,ARV,Adult,SCMS from RDC,"Lamivudine/Nevirapine/Stavudine 150/200/30mg, tablets, 60 Tabs",Lamivudine/Nevirapine/Stavudine,Generic,150/200/30mg,Tablet - FDC,60,66268,490383.2,7.4,0.12,"Cipla, Goa, India",Yes,6606,22666.98,784.61
10980,113-ZW-T01,Pre-PQ Process,SO-2502,DN-813,Zimbabwe,PMO - US,From RDC,N/A - From RDC,Truck,Pre-PQ Process,N/A - From RDC,26-Jul-08,26-Jul-08,26-Jul-08,ARV,Adult,SCMS from RDC,"Lamivudine/Stavudine 150/30mg, tablets, 30 Tabs",Lamivudine/Stavudine,Generic,150/30mg,Tablet - FDC,30,8000,16000,2,0.07,"Cipla, Goa, India",No,See DN-813 (ID#:10979),See DN-813 (ID#:10979),25.6
10981,111-MZ-T01,Pre-PQ Process,SO-1882,DN-817,Mozambique,PMO - US,From RDC,N/A - From RDC,Air,Pre-PQ Process,N/A - From RDC,7-Aug-08,7-Aug-08,7-Aug-08,ARV,Adult,SCMS from RDC,"Lamivudine/Nevirapine/Stavudine 150/200/30mg, tablets, 60 Tabs",Lamivudine/Nevirapine/Stavudine,Generic,150/200/30mg,Tablet - FDC,60,38975,280620,7.2,0.12,"Strides, Bangalore, India.",Yes,13123,9161.95,448.99
10982,109-TZ-T01,Pre-PQ Process,SO-1696,DN-763,Tanzania,PMO - US,From RDC,N/A - From RDC,Air,Pre-PQ Process,N/A - From RDC,9-Jul-08,9-Jul-08,9-Jul-08,ARV,Pediatric,SCMS from RDC,"Didanosine 100mg, chewable/dispersible tablets, 60 Tabs",Didanosine,Generic,100mg,Chewable/dispersible tablet,60,11640,90210,7.75,0.13,"Aurobindo Unit III, India",Yes,16778,9043.65,144.34
10983,106-HT-T01,Pre-PQ Process,SO-15960,DN-946,Haiti,PMO - US,From RDC,N/A - From RDC,Air,Pre-PQ Process,N/A - From RDC,20-Oct-08,20-Oct-08,20-Oct-08,ARV,Adult,SCMS from RDC,"Nevirapine 200mg, tablets, 60 Tabs",Nevirapine,Generic,200mg,Tablet,60,20186,64595.2,3.2,0.05,"Aurobindo Unit III, India",Yes,4218,43041.34,103.35
10984,111-MZ-T01,Pre-PQ Process,SO-15084,DN-1024,Mozambique,PMO - US,From RDC,N/A - From RDC,Air,Pre-PQ Process,N/A - From RDC,9-Feb-09,9-Feb-09,9-Feb-09,ARV,Adult,SCMS from RDC,"Lamivudine/Zidovudine 150/300mg, tablets, 60 Tabs",Lamivudine/Zidovudine,Generic,150/300mg,Tablet - FDC,60,15048,140698.8,9.35,0.16,"Aurobindo Unit III, India",Yes,1448,3613.31,275.77
10985,111-MZ-T01,Pre-PQ Process,SO-15085,DN-1025,Mozambique,PMO - US,From RDC,N/A - From RDC,Air,Pre-PQ Process,N/A - From RDC,20-Jan-09,20-Jan-09,20-Jan-09,ARV,Adult,SCMS from RDC,"Lamivudine/Zidovudine 150/300mg, tablets, 60 Tabs",Lamivudine/Zidovudine,Generic,150/300mg,Tablet - FDC,60,720,6732,9.35,0.16,"Aurobindo Unit III, India",Yes,66,772.04,13.19
10986,109-TZ-T01,Pre-PQ Process,SO-13190,DN-922,Tanzania,PMO - US,From RDC,N/A - From RDC,Air,Pre-PQ Process,N/A - From RDC,21-Oct-08,21-Oct-08,21-Oct-08,ARV,Adult,SCMS from RDC,"Lamivudine/Nevirapine/Stavudine 150/200/30mg, tablets, 60 Tabs",Lamivudine/Nevirapine/Stavudine,Generic,150/200/30mg,Tablet - FDC,60,90323,668390.2,7.4,0.12,"Cipla, Goa, India",Yes,9635,52979.7,1069.42
10987,102-KE-T01,Pre-PQ Process,SO-11430,DN-964,Kenya,PMO - US,From RDC,N/A - From RDC,Truck,Pre-PQ Process,N/A - From RDC,21-Oct-08,21-Oct-08,21-Oct-08,HRDT,HIV test - Ancillary,SCMS from RDC,"HIV, Lancet, Safety, for HIV Test kits, 100 Pcs","HIV, Lancet, Safety, for HIV Test kits, 100 Pcs",Generic,N/A,Test kit - Ancillary,100,5000,50,0.01,0,Inverness Japan,Yes,Weight Captured Separately,Invoiced Separately,0.1
10988,110-ZM-T01,Pre-PQ Process,SO-2495,DN-1006,Zambia,PMO - US,From RDC,N/A - From RDC,Truck,Pre-PQ Process,N/A - From RDC,1-Dec-08,1-Dec-08,1-Dec-08,ARV,Adult,SCMS from RDC,"Nevirapine 200mg, tablets, 60 Tabs",Nevirapine,Generic,200mg,Tablet,60,44432,151068.8,3.4,0.06,Hetero Unit III Hyderabad IN,Yes,2503,3629.37,296.09
10989,126-NG-T01,Pre-PQ Process,SO-10780,DN-871,Nigeria,PMO - US,From RDC,N/A - From RDC,Air,Pre-PQ Process,N/A - From RDC,25-Aug-08,25-Aug-08,25-Aug-08,ARV,Adult,SCMS from RDC,"Nevirapine 200mg, tablets, 60 Tabs",Nevirapine,Generic,200mg,Tablet,60,35400,120360,3.4,0.06,Hetero Unit III Hyderabad IN,Yes,1987,14931.8,192.58
10990,131-NG-T01,Pre-PQ Process,SO-15050,DN-1014,Nigeria,PMO - US,From RDC,N/A - From RDC,Air,Pre-PQ Process,N/A - From RDC,17-Nov-08,17-Nov-08,17-Nov-08,ARV,Adult,SCMS from RDC,"Emtricitabine/Tenofovir Disoproxil Fumarate 200/300mg [Truvada], tablets, 30 Tabs",Emtricitabine/Tenofovir Disoproxil Fumarate,Truvada,300/200mg,Tablet - FDC,30,10000,262500,26.25,0.88,"Aspen-OSD, Port Elizabeth, SA",Yes,878,4401.4,514.5
10992,110-ZM-T01,Pre-PQ Process,SO-12090,DN-863,Zambia,PMO - US,From RDC,N/A - From RDC,Air,Pre-PQ Process,N/A - From RDC,27-Aug-08,27-Aug-08,27-Aug-08,ARV,Adult,SCMS from RDC,"Lamivudine/Stavudine 150/30mg, tablets, 60 Tabs",Lamivudine/Stavudine,Generic,150/30mg,Tablet - FDC,60,32017,124866.3,3.9,0.06,Mylan (formerly Matrix) Nashik,Yes,2353,3210.18,199.79
10993,110-ZM-T01,Pre-PQ Process,SO-15280,DN-952,Zambia,PMO - US,From RDC,N/A - From RDC,Air,Pre-PQ Process,N/A - From RDC,20-Oct-08,20-Oct-08,20-Oct-08,ARV,Pediatric,SCMS from RDC,"Zidovudine 10mg/ml, oral solution, Bottle, 240 ml",Zidovudine,Generic,10mg/ml,Oral solution,240,3200,6720,2.1,0.01,"Aurobindo Unit III, India",Yes,1120,8185.2,13.17
10994,104-CI-T01,Pre-PQ Process,SO-11830,DN-948,Côte d'Ivoire,PMO - US,From RDC,N/A - From RDC,Air,Pre-PQ Process,N/A - From RDC,3-Dec-08,3-Dec-08,3-Dec-08,ARV,Adult,SCMS from RDC,"Nevirapine 200mg, tablets, 60 Tabs",Nevirapine,Generic,200mg,Tablet,60,21225,72165,3.4,0.06,"Aurobindo Unit III, India",Yes,2521,14336.95,141.44
10995,114-UG-T01,Pre-PQ Process,SO-17720,DN-1043,Uganda,PMO - US,From RDC,N/A - From RDC,Air,Pre-PQ Process,N/A - From RDC,4-Feb-09,4-Feb-09,4-Feb-09,ARV,Adult,SCMS from RDC,"Lamivudine/Nevirapine/Zidovudine 150/200/300mg, tablets, 60 Tabs",Lamivudine/Nevirapine/Zidovudine,Generic,150/300/200mg,Tablet - FDC,60,20000,236000,11.8,0.2,"Aurobindo Unit III, India",Yes,2283,13586.1,462.56
10996,113-ZW-T01,Pre-PQ Process,SO-14000,DN-1044,Zimbabwe,PMO - US,From RDC,N/A - From RDC,Truck,Pre-PQ Process,N/A - From RDC,16-Feb-09,16-Feb-09,16-Feb-09,ARV,Adult,SCMS from RDC,"Lamivudine/Nevirapine/Stavudine 150/200/30mg, tablets, 60 Tabs",Lamivudine/Nevirapine/Stavudine,Generic,150/200/30mg,Tablet - FDC,60,76000,562400,7.4,0.12,"Cipla, Goa, India",Yes,8912,35513.01,1102.3
10997,110-ZM-T01,Pre-PQ Process,SO-1896,DN-856,Zambia,PMO - US,From RDC,N/A - From RDC,N/A,Pre-PQ Process,N/A - From RDC,20-Aug-08,20-Aug-08,20-Aug-08,ARV,Adult,SCMS from RDC,"Efavirenz 600mg, tablets, 30 Tabs",Efavirenz,Generic,600mg,Tablet,30,50000,600500,12.01,0.4,Mylan (formerly Matrix) Nashik,Yes,3880,3817.12,960.8
10998,111-MZ-T01,Pre-PQ Process,SO-2524,DN-858,Mozambique,PMO - US,From RDC,N/A - From RDC,Truck,Pre-PQ Process,N/A - From RDC,5-Sep-08,5-Sep-08,5-Sep-08,ARV,Adult,SCMS from RDC,"Lamivudine/Nevirapine/Stavudine 150/200/30mg, tablets, 60 Tabs",Lamivudine/Nevirapine/Stavudine,Generic,150/200/30mg,Tablet - FDC,60,80000,576000,7.2,0.12,"Strides, Bangalore, India.",Yes,11515,Freight Included in Commodity Cost,921.6
10999,109-TZ-T01,Pre-PQ Process,SO-2566,DN-891,Tanzania,PMO - US,From RDC,N/A - From RDC,Truck,Pre-PQ Process,N/A - From RDC,23-Sep-08,23-Sep-08,23-Sep-08,ARV,Adult,SCMS from RDC,"Lamivudine/Nevirapine/Stavudine 150/200/30mg, tablets, 60 Tabs",Lamivudine/Nevirapine/Stavudine,Generic,150/200/30mg,Tablet - FDC,60,123317,912545.8,7.4,0.12,"Cipla, Goa, India",Yes,13253,64506.78,1460.07
11000,114-UG-T01,Pre-PQ Process,SO-17890,DN-1092,Uganda,PMO - US,From RDC,N/A - From RDC,Air,Pre-PQ Process,N/A - From RDC,19-Mar-09,19-Mar-09,19-Mar-09,ARV,Adult,SCMS from RDC,"Lamivudine/Nevirapine/Zidovudine 150/200/300mg, tablets, 60 Tabs",Lamivudine/Nevirapine/Zidovudine,Generic,150/300/200mg,Tablet - FDC,60,1893,22337.4,11.8,0.2,"Aurobindo Unit III, India",Yes,215,2408.91,43.78
11001,114-UG-T01,Pre-PQ Process,SO-17830,DN-990,Uganda,PMO - US,From RDC,N/A - From RDC,Air,Pre-PQ Process,N/A - From RDC,9-Dec-08,9-Dec-08,9-Dec-08,ARV,Adult,SCMS from RDC,"Lopinavir/Ritonavir 200/50mg [Aluvia], tablets, 120 Tabs",Lopinavir/Ritonavir,Aluvia,200/50mg,Tablet,120,42,1726.2,41.1,0.34,ABBVIE Ludwigshafen Germany,Yes,123,845.37,3.38
11003,104-CI-T01,Pre-PQ Process,SO-16220,DN-1069,Côte d'Ivoire,PMO - US,From RDC,N/A - From RDC,Air,Pre-PQ Process,N/A - From RDC,11-Feb-09,11-Feb-09,11-Feb-09,ARV,Pediatric,SCMS from RDC,"Efavirenz 30mg/ml [Stocrin/Sustiva], oral solution, Bottle, 180 ml",Efavirenz,Stocrin/Sustiva,30mg/ml,Oral solution,180,3271,55476.16,16.96,0.09,"MSD, Haarlem, NL",Yes,933,3409.91,108.73
11005,106-HT-T01,Pre-PQ Process,SO-23750,DN-1100,Haiti,PMO - US,From RDC,N/A - From RDC,Air,Pre-PQ Process,N/A - From RDC,3-Mar-09,3-Mar-09,3-Mar-09,ARV,Pediatric,SCMS from RDC,"Efavirenz 30mg/ml [Stocrin/Sustiva], oral solution, Bottle, 180 ml",Efavirenz,Stocrin/Sustiva,30mg/ml,Oral solution,180,325,5512,16.96,0.09,"MSD, Haarlem, NL",Yes,2085,23866.2,10.8
11006,106-HT-T01,Pre-PQ Process,SO-23750,DN-1100,Haiti,PMO - US,From RDC,N/A - From RDC,Air,Pre-PQ Process,N/A - From RDC,3-Mar-09,3-Mar-09,3-Mar-09,ARV,Adult,SCMS from RDC,"Indinavir 400mg [Crixivan], capsules, 180 Caps",Indinavir,Crixivan,400mg,Capsule,180,56,2800,50,0.28,"MSD, Haarlem, NL",No,See DN-1100 (ID#:11005),See DN-1100 (ID#:11005),5.49
11007,106-HT-T01,Pre-PQ Process,SO-23750,DN-1100,Haiti,PMO - US,From RDC,N/A - From RDC,Air,Pre-PQ Process,N/A - From RDC,3-Mar-09,3-Mar-09,3-Mar-09,ARV,Pediatric,SCMS from RDC,"Nevirapine 10mg/ml, oral suspension, Bottle, 240 ml",Nevirapine,Generic,10mg/ml,Oral suspension,240,5216,10014.72,1.92,0.01,"Aurobindo Unit III, India",No,See DN-1100 (ID#:11005),See DN-1100 (ID#:11005),19.63
11008,113-ZW-T01,Pre-PQ Process,SO-18100,DN-1115,Zimbabwe,PMO - US,From RDC,N/A - From RDC,Truck,Pre-PQ Process,N/A - From RDC,6-Apr-09,6-Apr-09,6-Apr-09,ARV,Adult,SCMS from RDC,"Lamivudine/Nevirapine/Stavudine 150/200/30mg, tablets, 60 Tabs",Lamivudine/Nevirapine/Stavudine,Generic,150/200/30mg,Tablet - FDC,60,76000,562400,7.4,0.12,"Cipla, Goa, India",Yes,8848,37040.86,1102.3
11009,111-MZ-T01,Pre-PQ Process,SO-26390,DN-1150,Mozambique,PMO - US,From RDC,N/A - From RDC,Air,Pre-PQ Process,N/A - From RDC,27-Apr-09,27-Apr-09,27-Apr-09,ARV,Pediatric,SCMS from RDC,"Lopinavir/Ritonavir 80/20mg/ml [Kaletra], oral solution, cool, Bottle 5 x 60 ml",Lopinavir/Ritonavir,Kaletra,80/20mg/ml,Oral solution,300,40,1644,41.1,0.14,ABBVIE (Abbott) Logis. UK,Yes,52,1287.77,3.22
11010,104-CI-T01,Pre-PQ Process,SO-21880,DN-1152,Côte d'Ivoire,PMO - US,From RDC,N/A - From RDC,Air,Pre-PQ Process,N/A - From RDC,30-Apr-09,30-Apr-09,30-Apr-09,ARV,Adult,SCMS from RDC,"Lamivudine/Zidovudine 150/300mg, tablets, 60 Tabs",Lamivudine/Zidovudine,Generic,150/300mg,Tablet - FDC,60,23524,206070.24,8.76,0.15,"Aurobindo Unit III, India",Yes,3155,9021.82,403.9
11011,112-NG-T01,Pre-PQ Process,SO-2728,DN-917,Nigeria,PMO - US,From RDC,N/A - From RDC,Air,Pre-PQ Process,N/A - From RDC,24-Sep-08,24-Sep-08,24-Sep-08,ARV,Adult,SCMS from RDC,"Ritonavir 100mg [Norvir], capsules, cool, 4 x 84 Caps",Ritonavir,Norvir,100mg,Capsule,336,2,76.72,38.36,0.11,ABBVIE (Abbott) France,No,See DN-917 (ID#:10745),See DN-917 (ID#:10745),0.12
11012,106-HT-T01,Pre-PQ Process,SO-15930,DN-944,Haiti,PMO - US,From RDC,N/A - From RDC,Air,Pre-PQ Process,N/A - From RDC,4-Nov-08,4-Nov-08,4-Nov-08,ARV,Adult,SCMS from RDC,"Stavudine 15mg, capsules, 60 Caps",Stavudine,Generic,15mg,Capsule,60,1000,1500,1.5,0.02,"Aurobindo Unit III, India",Yes,10435,121330.06,2.94
11013,110-ZM-T01,Pre-PQ Process,SO-2479,DN-861,Zambia,PMO - US,From RDC,N/A - From RDC,Truck,Pre-PQ Process,N/A - From RDC,20-Aug-08,20-Aug-08,20-Aug-08,ARV,Adult,SCMS from RDC,"Efavirenz 600mg, tablets, 30 Tabs",Efavirenz,Generic,600mg,Tablet,30,5000,60050,12.01,0.4,Mylan (formerly Matrix) Nashik,Yes,4247,8231.95,96.08
11014,106-HT-T01,Pre-PQ Process,SO-15930,DN-944,Haiti,PMO - US,From RDC,N/A - From RDC,Air,Pre-PQ Process,N/A - From RDC,4-Nov-08,4-Nov-08,4-Nov-08,ARV,Pediatric,SCMS from RDC,"Efavirenz 200mg, capsule, 90 Caps",Efavirenz,Generic,200mg,Capsule,90,1000,15260,15.26,0.17,"Aurobindo Unit III, India",No,See DN-944 (ID#:11012),See DN-944 (ID#:11012),29.91
11015,123-NG-T01,Pre-PQ Process,SO-19060,DN-1058,Nigeria,PMO - US,From RDC,N/A - From RDC,Air,Pre-PQ Process,N/A - From RDC,19-Jan-09,19-Jan-09,19-Jan-09,ARV,Adult,SCMS from RDC,"Emtricitabine/Tenofovir Disoproxil Fumarate 200/300mg [Truvada], tablets, 30 Tabs",Emtricitabine/Tenofovir Disoproxil Fumarate,Truvada,300/200mg,Tablet - FDC,30,12304,322980,26.25,0.88,"Aspen-OSD, Port Elizabeth, SA",Yes,5197,21895.01,633.04
11016,112-NG-T01,Pre-PQ Process,SO-20950,DN-1059,Nigeria,PMO - US,From RDC,N/A - From RDC,Air,Pre-PQ Process,N/A - From RDC,19-Jan-09,19-Jan-09,19-Jan-09,ARV,Adult,SCMS from RDC,"Emtricitabine/Tenofovir Disoproxil Fumarate 200/300mg [Truvada], tablets, 30 Tabs",Emtricitabine/Tenofovir Disoproxil Fumarate,Truvada,300/200mg,Tablet - FDC,30,139,3648.75,26.25,0.88,"Aspen-OSD, Port Elizabeth, SA",Yes,192,13538.35,7.15
11017,114-UG-T01,Pre-PQ Process,SO-17780,DN-995,Uganda,PMO - US,From RDC,N/A - From RDC,Air,Pre-PQ Process,N/A - From RDC,2-Dec-08,2-Dec-08,2-Dec-08,ARV,Adult,SCMS from RDC,"Lamivudine 150mg, tablets, 60 Tabs",Lamivudine,Generic,150mg,Tablet,60,500,1450,2.9,0.05,"Aurobindo Unit III, India",Yes,26,1096.71,2.84
11018,106-HT-T01,Pre-PQ Process,SO-15950,DN-945,Haiti,PMO - US,From RDC,N/A - From RDC,Air,Pre-PQ Process,N/A - From RDC,27-Oct-08,27-Oct-08,27-Oct-08,ARV,Adult,SCMS from RDC,"Efavirenz 600mg, tablets, 30 Tabs",Efavirenz,Generic,600mg,Tablet,30,8192,90112,11,0.37,Mylan (formerly Matrix) Nashik,Yes,9516,101348.75,144.18
11019,117-ET-T01,Pre-PQ Process,SO-22010,DN-1061,Ethiopia,PMO - US,From RDC,N/A - From RDC,Air,Pre-PQ Process,N/A - From RDC,29-Jan-09,29-Jan-09,29-Jan-09,ARV,Adult,SCMS from RDC,"Tenofovir Disoproxil Fumarate 300mg [Viread], tablets, 30 Tabs",Tenofovir Disoproxil Fumarate,Viread,300mg,Tablet,30,3068,52156,17,0.57,"Aspen-OSD, Port Elizabeth, SA",Yes,2002,10460.94,102.23
11020,106-HT-T01,Pre-PQ Process,SO-2602,DN-1018,Haiti,PMO - US,From RDC,N/A - From RDC,Air,Pre-PQ Process,N/A - From RDC,10-Dec-08,10-Dec-08,10-Dec-08,ARV,Adult,SCMS from RDC,"Lamivudine 150mg, tablets, 60 Tabs",Lamivudine,Generic,150mg,Tablet,60,8100,23571,2.91,0.05,"Aurobindo Unit III, India",Yes,404,5866.29,46.2
11021,110-ZM-T01,Pre-PQ Process,SO-2481,DN-924,Zambia,PMO - US,From RDC,N/A - From RDC,Truck,Pre-PQ Process,N/A - From RDC,29-Sep-08,29-Sep-08,29-Sep-08,ARV,Adult,SCMS from RDC,"Efavirenz 600mg, tablets, 30 Tabs",Efavirenz,Generic,600mg,Tablet,30,50000,600500,12.01,0.4,Mylan (formerly Matrix) Nashik,Yes,3842,15281.81,960.8
11022,104-CI-T01,Pre-PQ Process,SO-11850,DN-988,Côte d'Ivoire,PMO - US,From RDC,N/A - From RDC,Air,Pre-PQ Process,N/A - From RDC,1-Dec-08,1-Dec-08,1-Dec-08,ARV,Adult,SCMS from RDC,"Lamivudine/Zidovudine 150/300mg, tablets, 60 Tabs",Lamivudine/Zidovudine,Generic,150/300mg,Tablet - FDC,60,32256,301593.6,9.35,0.16,"Aurobindo Unit III, India",Yes,5589,22758.49,591.12
11023,151-NG-T01,Pre-PQ Process,SO-21780,DN-1129,Nigeria,PMO - US,From RDC,N/A - From RDC,Air,Pre-PQ Process,N/A - From RDC,24-Mar-09,24-Mar-09,24-Mar-09,ARV,Adult,SCMS from RDC,"Emtricitabine/Tenofovir Disoproxil Fumarate 200/300mg [Truvada], tablets, 30 Tabs",Emtricitabine/Tenofovir Disoproxil Fumarate,Truvada,300/200mg,Tablet - FDC,30,2871,75363.75,26.25,0.88,"Aspen-OSD, Port Elizabeth, SA",Yes,249,6443.61,147.71
11024,151-NG-T01,Pre-PQ Process,SO-21803,DN-1137,Nigeria,PMO - US,From RDC,N/A - From RDC,Air Charter,Pre-PQ Process,N/A - From RDC,19-Mar-09,19-Mar-09,19-Mar-09,ARV,Adult,SCMS from RDC,"Lamivudine/Nevirapine/Zidovudine 150/200/300mg, tablets, 60 Tabs",Lamivudine/Nevirapine/Zidovudine,Generic,150/300/200mg,Tablet - FDC,60,5426,61856.4,11.4,0.19,"Aurobindo Unit III, India",Yes,610,Freight Included in Commodity Cost,121.24
11025,151-NG-T01,Pre-PQ Process,SO-21805,DN-1139,Nigeria,PMO - US,From RDC,N/A - From RDC,Air Charter,Pre-PQ Process,N/A - From RDC,19-Mar-09,19-Mar-09,19-Mar-09,ARV,Adult,SCMS from RDC,"Lamivudine/Nevirapine/Zidovudine 150/200/300mg, tablets, 60 Tabs",Lamivudine/Nevirapine/Zidovudine,Generic,150/300/200mg,Tablet - FDC,60,49385,562989,11.4,0.19,"Aurobindo Unit III, India",Yes,5553,11492.86,1103.46
11026,104-CI-T01,Pre-PQ Process,SO-21851,DN-1128,Côte d'Ivoire,PMO - US,From RDC,N/A - From RDC,Air,Pre-PQ Process,N/A - From RDC,28-Apr-09,28-Apr-09,28-Apr-09,ARV,Adult,SCMS from RDC,"Lopinavir/Ritonavir 200/50mg [Aluvia], tablets, 120 Tabs",Lopinavir/Ritonavir,Aluvia,200/50mg,Tablet,120,12480,512928,41.1,0.34,ABBVIE Ludwigshafen Germany,Yes,2803,8669.38,1005.34
11027,104-CI-T01,Pre-PQ Process,SO-1409,DN-1159,Côte d'Ivoire,PMO - US,From RDC,N/A - From RDC,Air,Pre-PQ Process,N/A - From RDC,20-Mar-09,20-Mar-09,20-Mar-09,ARV,Adult,SCMS from RDC,"Ritonavir 100mg [Norvir], capsules, cool, 4 x 84 Caps",Ritonavir,Norvir,100mg,Capsule,336,4660,31361.8,6.73,0.02,ABBVIE (Abbott) France,Yes,Weight Captured Separately,Invoiced Separately,61.47
11028,106-HT-T01,Pre-PQ Process,SO-2603,DN-866,Haiti,PMO - US,From RDC,N/A - From RDC,Air,Pre-PQ Process,N/A - From RDC,11-Aug-08,11-Aug-08,11-Aug-08,ARV,Pediatric,SCMS from RDC,"Efavirenz 200mg, capsule, 90 Caps",Efavirenz,Generic,200mg,Capsule,90,210,3360,16,0.18,"Aurobindo Unit III, India",Yes,26,997.46,5.38
11030,104-CI-T01,Pre-PQ Process,SO-970,DN-1163,Côte d'Ivoire,PMO - US,From RDC,N/A - From RDC,Air,Pre-PQ Process,N/A - From RDC,23-Mar-09,23-Mar-09,23-Mar-09,ARV,Pediatric,SCMS from RDC,"Lopinavir/Ritonavir 80/20mg/ml [Kaletra], oral solution, cool, Bottle 5 x 60 ml",Lopinavir/Ritonavir,Kaletra,80/20mg/ml,Oral solution,300,365,15001.5,41.1,0.14,ABBVIE (Abbott) Logis. UK,Yes,Weight Captured Separately,Invoiced Separately,29.4
11031,113-ZW-T01,Pre-PQ Process,SO-18110,DN-1168,Zimbabwe,PMO - US,From RDC,N/A - From RDC,Truck,Pre-PQ Process,N/A - From RDC,27-Apr-09,27-Apr-09,27-Apr-09,ARV,Adult,SCMS from RDC,"Efavirenz 600mg, tablets, 30 Tabs",Efavirenz,Generic,600mg,Tablet,30,4000,48040,12.01,0.4,"Aurobindo Unit III, India",Yes,8523,35673.58,94.16
11032,107-RW-T01,Pre-PQ Process,SO-27300,DN-1169,Rwanda,PMO - US,From RDC,N/A - From RDC,Air,Pre-PQ Process,N/A - From RDC,27-Apr-09,27-Apr-09,27-Apr-09,ARV,Adult,SCMS from RDC,"Nevirapine 200mg, tablets, 60 Tabs",Nevirapine,Generic,200mg,Tablet,60,7350,22050,3,0.05,Hetero Unit III Hyderabad IN,Yes,404,3366.98,43.22
11033,109-TZ-T01,Pre-PQ Process,SO-18740,DN-1180,Tanzania,PMO - US,From RDC,N/A - From RDC,Truck,Pre-PQ Process,N/A - From RDC,11-May-09,11-May-09,11-May-09,ARV,Adult,SCMS from RDC,"Emtricitabine/Tenofovir Disoproxil Fumarate 200/300mg [Truvada], tablets, 30 Tabs",Emtricitabine/Tenofovir Disoproxil Fumarate,Truvada,300/200mg,Tablet - FDC,30,37440,982800,26.25,0.88,"Aspen-OSD, Port Elizabeth, SA",Yes,5712,5873,1926.29
11037,102-KE-T01,Pre-PQ Process,SO-18001,DN-1189,Kenya,PMO - US,From RDC,N/A - From RDC,Truck,Pre-PQ Process,N/A - From RDC,27-Apr-09,27-Apr-09,27-Apr-09,HRDT,HIV test,SCMS from RDC,"HIV 1/2, Determine Complete HIV Kit, 100 Tests","HIV 1/2, Determine Complete HIV Kit",Determine,N/A,Test kit,100,15000,1200000,80,0.8,Inverness Japan,No,See DN-1189 (ID#:10759),See DN-1189 (ID#:10759),2352
11039,151-NG-T01,Pre-PQ Process,SO-22524,DN-1199,Nigeria,PMO - US,From RDC,N/A - From RDC,Air Charter,Pre-PQ Process,N/A - From RDC,8-May-09,8-May-09,8-May-09,ARV,Adult,SCMS from RDC,"Lamivudine/Nevirapine/Zidovudine 150/200/300mg, tablets, 60 Tabs",Lamivudine/Nevirapine/Zidovudine,Generic,150/300/200mg,Tablet - FDC,60,69491,792197.4,11.4,0.19,"Aurobindo Unit III, India",Yes,7798,15128.37,1552.71
11040,105-GY-T01,Pre-PQ Process,SO-25160,DN-1213,Guyana,PMO - US,From RDC,N/A - From RDC,Air,Pre-PQ Process,N/A - From RDC,12-May-09,12-May-09,12-May-09,ARV,Adult,SCMS from RDC,"Zidovudine 300mg, tablets, 60 Tabs",Zidovudine,Generic,300mg,Tablet,60,489,3770.19,7.71,0.13,"Aurobindo Unit III, India",Yes,28,1047.24,7.39
11041,114-UG-T01,Pre-PQ Process,SO-26150,DN-1223,Uganda,PMO - US,From RDC,N/A - From RDC,Air,Pre-PQ Process,N/A - From RDC,1-Jun-09,1-Jun-09,1-Jun-09,ARV,Adult,SCMS from RDC,"Emtricitabine/Tenofovir Disoproxil Fumarate 200/300mg [Truvada], tablets, 30 Tabs",Emtricitabine/Tenofovir Disoproxil Fumarate,Truvada,300/200mg,Tablet - FDC,30,260,6825,26.25,0.88,"Aspen-OSD, Port Elizabeth, SA",Yes,28,1180.71,13.38
11042,114-UG-T01,Pre-PQ Process,SO-26151,DN-1224,Uganda,PMO - US,From RDC,N/A - From RDC,Air,Pre-PQ Process,N/A - From RDC,22-May-09,22-May-09,22-May-09,ARV,Adult,SCMS from RDC,"Lamivudine 150mg, tablets, 60 Tabs",Lamivudine,Generic,150mg,Tablet,60,90,219.6,2.44,0.04,"Aurobindo Unit III, India",Yes,5,537.32,0.43
11043,114-UG-T01,Pre-PQ Process,SO-30060,DN-1227,Uganda,PMO - US,From RDC,N/A - From RDC,Air,Pre-PQ Process,N/A - From RDC,1-Jun-09,1-Jun-09,1-Jun-09,ARV,Adult,SCMS from RDC,"Lopinavir/Ritonavir 200/50mg [Aluvia], tablets, 120 Tabs",Lopinavir/Ritonavir,Aluvia,200/50mg,Tablet,120,100,4110,41.1,0.34,ABBVIE Ludwigshafen Germany,Yes,23,1152.63,8.06
11044,111-MZ-T01,Pre-PQ Process,SO-30440,DN-1231,Mozambique,PMO - US,From RDC,N/A - From RDC,Truck,Pre-PQ Process,N/A - From RDC,28-Jun-09,28-Jun-09,28-Jun-09,ARV,Adult,SCMS from RDC,"Lamivudine 150mg, tablets, 60 Tabs",Lamivudine,Generic,150mg,Tablet,60,2106,5138.64,2.44,0.04,"Aurobindo Unit III, India",Yes,3545,3599.76,10.07
11045,100-GH-T01,Pre-PQ Process,SO-30700,DN-1235,Ghana,PMO - US,From RDC,N/A - From RDC,Truck,Date Not Captured,N/A - From RDC,12-Aug-09,12-Aug-09,12-Aug-09,ARV,Adult,SCMS from RDC,"Stavudine 15mg, capsules, 60 Caps",Stavudine,Generic,15mg,Capsule,60,150,1.5,0.01,0,"Aurobindo Unit III, India",No,See DN-1235 (ID#:10769),See DN-1235 (ID#:10769),0
11046,100-SZ-T01,Pre-PQ Process,SO-30790,DN-1238,Swaziland,PMO - US,From RDC,N/A - From RDC,Air,Pre-PQ Process,N/A - From RDC,21-May-09,21-May-09,21-May-09,ARV,Adult,SCMS from RDC,"Tenofovir Disoproxil Fumarate 300mg, tablets, 30 Tabs",Tenofovir Disoproxil Fumarate,Generic,300mg,Tablet,30,1250,11250,9,0.3,Mylan (formerly Matrix) Nashik,Yes,1787,12798.04,22.05
11047,110-ZM-T01,Pre-PQ Process,SO-17620,DN-1239,Zambia,PMO - US,From RDC,N/A - From RDC,Truck,Pre-PQ Process,N/A - From RDC,8-Jun-09,8-Jun-09,8-Jun-09,ARV,Adult,SCMS from RDC,"Efavirenz 600mg, tablets, 30 Tabs",Efavirenz,Generic,600mg,Tablet,30,100000,1100000,11,0.37,Hetero Unit III Hyderabad IN,Yes,7735,15922.67,2156
11048,112-NG-T01,Pre-PQ Process,SO-21050,DN-1244,Nigeria,PMO - US,From RDC,N/A - From RDC,Air Charter,Pre-PQ Process,N/A - From RDC,16-Jun-09,16-Jun-09,16-Jun-09,ARV,Adult,SCMS from RDC,"Lamivudine/Nevirapine/Stavudine 150/200/30mg, tablets, 60 Tabs",Lamivudine/Nevirapine/Stavudine,Generic,150/200/30mg,Tablet - FDC,60,5512,39245.44,7.12,0.12,"Cipla, Goa, India",Yes,1165,7329.83,76.92
11051,153-NG-T01,Pre-PQ Process,SO-31171,DN-1260,Nigeria,PMO - US,From RDC,N/A - From RDC,Air,Pre-PQ Process,N/A - From RDC,5-Jun-09,5-Jun-09,5-Jun-09,ARV,Adult,SCMS from RDC,"Lamivudine/Zidovudine 150/300mg, tablets, 60 Tabs",Lamivudine/Zidovudine,Generic,150/300mg,Tablet - FDC,60,264,2312.64,8.76,0.15,Mylan (formerly Matrix) Nashik,Yes,27,1012.18,4.53
11052,114-UG-T01,Pre-PQ Process,SO-31140,DN-1262,Uganda,PMO - US,From RDC,N/A - From RDC,Air,Pre-PQ Process,N/A - From RDC,1-Jun-09,1-Jun-09,1-Jun-09,ARV,Adult,SCMS from RDC,"Zidovudine 300mg, tablets, 60 Tabs",Zidovudine,Generic,300mg,Tablet,60,105,809.55,7.71,0.13,"Aurobindo Unit III, India",Yes,6,1053.86,1.59
11053,123-NG-T01,Pre-PQ Process,SO-24482,DN-1263,Nigeria,PMO - US,From RDC,N/A - From RDC,Air Charter,Pre-PQ Process,N/A - From RDC,16-Jun-09,16-Jun-09,16-Jun-09,ARV,Adult,SCMS from RDC,"Lamivudine/Nevirapine/Stavudine 150/200/30mg, tablets, 60 Tabs",Lamivudine/Nevirapine/Stavudine,Generic,150/200/30mg,Tablet - FDC,60,21765,154966.8,7.12,0.12,"Strides, Bangalore, India.",Yes,1984,7329.83,303.73
11055,114-UG-T01,Pre-PQ Process,SO-31360,DN-1287,Uganda,PMO - US,From RDC,N/A - From RDC,Air,Pre-PQ Process,N/A - From RDC,22-Jun-09,22-Jun-09,22-Jun-09,ARV,Adult,SCMS from RDC,"Lamivudine/Nevirapine/Zidovudine 150/200/300mg, tablets, 60 Tabs",Lamivudine/Nevirapine/Zidovudine,Generic,150/300/200mg,Tablet - FDC,60,11216,127301.6,11.35,0.19,"Aurobindo Unit III, India",Yes,1894,13293.41,249.51
11056,151-NG-T01,Pre-PQ Process,SO-30023,DN-1292,Nigeria,PMO - US,From RDC,N/A - From RDC,Air Charter,Pre-PQ Process,N/A - From RDC,16-Jun-09,16-Jun-09,16-Jun-09,ARV,Adult,SCMS from RDC,"Lamivudine/Nevirapine/Zidovudine 150/200/300mg, tablets, 60 Tabs",Lamivudine/Nevirapine/Zidovudine,Generic,150/300/200mg,Tablet - FDC,60,3994,45531.6,11.4,0.19,"Aurobindo Unit III, India",Yes,452,7329.83,89.24
11057,123-NG-T01,Pre-PQ Process,SO-24481,DN-1296,Nigeria,PMO - US,From RDC,N/A - From RDC,Air Charter,Pre-PQ Process,N/A - From RDC,16-Jun-09,16-Jun-09,16-Jun-09,ARV,Pediatric,SCMS from RDC,"Efavirenz 200mg, capsule, 90 Caps",Efavirenz,Generic,200mg,Capsule,90,3000,45780,15.26,0.17,"Aurobindo Unit III, India",No,See DN-1296 (ID#:10779),See DN-1296 (ID#:10779),89.73
11058,105-GY-T01,Pre-PQ Process,SO-25161,DN-1302,Guyana,PMO - US,From RDC,N/A - From RDC,Air,Pre-PQ Process,N/A - From RDC,18-Jun-09,18-Jun-09,18-Jun-09,ARV,Adult,SCMS from RDC,"Zidovudine 300mg, tablets, 60 Tabs",Zidovudine,Generic,300mg,Tablet,60,810,6245.1,7.71,0.13,"Aurobindo Unit III, India",Yes,47,1000.51,12.24
11060,104-CI-T01,Pre-PQ Process,SO-27530,DN-1313,Côte d'Ivoire,PMO - US,From RDC,N/A - From RDC,Air,Date Not Captured,N/A - From RDC,19-Aug-09,19-Aug-09,19-Aug-09,ARV,Adult,SCMS from RDC,"Lamivudine/Stavudine 150/30mg, tablets, 60 Tabs",Lamivudine/Stavudine,Generic,150/30mg,Tablet - FDC,60,10480,39824,3.8,0.06,"Cipla, Goa, India",Yes,786,11032.42,78.06
11061,110-ZM-T01,Pre-PQ Process,SO-30311,DN-1319,Zambia,PMO - US,From RDC,N/A - From RDC,Truck,Date Not Captured,N/A - From RDC,4-Sep-09,4-Sep-09,4-Sep-09,ARV,Adult,SCMS from RDC,"Efavirenz 600mg, tablets, 30 Tabs",Efavirenz,Generic,600mg,Tablet,30,37059,407649,11,0.37,Hetero Unit III Hyderabad IN,Yes,2876,4506.18,798.99
11062,106-HT-T01,Pre-PQ Process,SO-32760,DN-1373,Haiti,PMO - US,From RDC,N/A - From RDC,Air,Date Not Captured,N/A - From RDC,31-Jul-09,31-Jul-09,31-Jul-09,ARV,Pediatric,SCMS from RDC,"Efavirenz 50mg, capsule, 30 Caps",Efavirenz,Generic,50mg,Capsule,30,1092,2446.08,2.24,0.07,"Aurobindo Unit III, India",Yes,1585,6811.39,4.79
11063,106-HT-T01,Pre-PQ Process,SO-32760,DN-1373,Haiti,PMO - US,From RDC,N/A - From RDC,Air,Date Not Captured,N/A - From RDC,31-Jul-09,31-Jul-09,31-Jul-09,ARV,Pediatric,SCMS from RDC,"Nevirapine 10mg/ml, oral suspension, Bottle, 240 ml",Nevirapine,Generic,10mg/ml,Oral suspension,240,2304,4423.68,1.92,0.01,"Aurobindo Unit III, India",No,See DN-1373 (ID#:11062),See DN-1373 (ID#:11062),8.67
11066,104-CI-T01,Pre-PQ Process,SO-32210,DN-1401,Côte d'Ivoire,PMO - US,From RDC,N/A - From RDC,Air,Date Not Captured,N/A - From RDC,8-Sep-09,8-Sep-09,8-Sep-09,ARV,Adult,SCMS from RDC,"Stavudine 20mg, capsules, 60 Caps",Stavudine,Generic,20mg,Capsule,60,2052,3591,1.75,0.03,"Aurobindo Unit III, India",No,See DN-1401 (ID#:10793),See DN-1401 (ID#:10793),7.04
11067,114-UG-T01,Pre-PQ Process,SO-32960,DN-1414,Uganda,PMO - US,From RDC,N/A - From RDC,Air,Date Not Captured,N/A - From RDC,14-Sep-09,14-Sep-09,14-Sep-09,ARV,Adult,SCMS from RDC,"Zidovudine 300mg, tablets, 60 Tabs",Zidovudine,Generic,300mg,Tablet,60,192,1445.76,7.53,0.13,"Aurobindo Unit III, India",Yes,11,1112.31,2.83
11068,114-UG-T01,Pre-PQ Process,SO-30150,DN-1426,Uganda,PMO - US,From RDC,N/A - From RDC,Air,Date Not Captured,N/A - From RDC,8-Oct-09,8-Oct-09,8-Oct-09,ARV,Adult,SCMS from RDC,"Efavirenz 600mg, tablets, 30 Tabs",Efavirenz,Generic,600mg,Tablet,30,3740,26441.8,7.07,0.24,"Aurobindo Unit III, India",Yes,322,3054.1,51.83
11069,104-CI-T01,Pre-PQ Process,SO-33240,DN-1424,Côte d'Ivoire,PMO - US,From RDC,N/A - From RDC,Air,Date Not Captured,N/A - From RDC,28-Sep-09,28-Sep-09,28-Sep-09,ARV,Adult,SCMS from RDC,"Nevirapine 200mg, tablets, 60 Tabs",Nevirapine,Generic,200mg,Tablet,60,8732,25322.8,2.9,0.05,Hetero Unit III Hyderabad IN,Yes,485,7302.48,49.63
11070,151-NG-T01,Pre-PQ Process,SO-27824,DN-1443,Nigeria,PMO - US,From RDC,N/A - From RDC,Air Charter,Date Not Captured,N/A - From RDC,20-Oct-09,20-Oct-09,20-Oct-09,ARV,Adult,SCMS from RDC,"Emtricitabine/Tenofovir Disoproxil Fumarate 200/300mg, tablets, 30 Tabs",Emtricitabine/Tenofovir Disoproxil Fumarate,Generic,200/300mg,Tablet - FDC,30,441,5181.75,11.75,0.39,Mylan (formerly Matrix) Nashik,Yes,36,9341.49,10.16
11071,104-CI-T01,Pre-PQ Process,SO-33231,DN-1460,Côte d'Ivoire,PMO - US,From RDC,N/A - From RDC,Air,Date Not Captured,N/A - From RDC,7-Oct-09,7-Oct-09,7-Oct-09,ARV,Adult,SCMS from RDC,"Emtricitabine/Tenofovir Disoproxil Fumarate 200/300mg, tablets, 30 Tabs",Emtricitabine/Tenofovir Disoproxil Fumarate,Generic,200/300mg,Tablet - FDC,30,576,6768,11.75,0.39,Mylan (formerly Matrix) Nashik,Yes,47,1234.91,13.27
11072,100-LB-T01,Pre-PQ Process,SO-33890,DN-1486,Lebanon,PMO - US,From RDC,N/A - From RDC,Air,Date Not Captured,N/A - From RDC,18-Nov-09,18-Nov-09,18-Nov-09,ARV,Adult,SCMS from RDC,"Saquinavir 200mg [Invirase], capsules, 270 Caps",Saquinavir,Invirase,200mg,Capsule,270,200,2,0.01,0,Roche Basel,Yes,Weight Captured Separately,Invoiced Separately,0
11073,100-LB-T01,Pre-PQ Process,SO-33900,DN-1487,Lebanon,PMO - US,From RDC,N/A - From RDC,Air,Date Not Captured,N/A - From RDC,18-Nov-09,18-Nov-09,18-Nov-09,ARV,Adult,SCMS from RDC,"Abacavir 300mg, tablets, 60 Tabs",Abacavir,Generic,300mg,Tablet,60,100,1,0.01,0,Mylan (formerly Matrix) Nashik,Yes,Weight Captured Separately,Invoiced Separately,0
11074,100-LB-T01,Pre-PQ Process,SO-33910,DN-1488,Lebanon,PMO - US,From RDC,N/A - From RDC,Air,Date Not Captured,N/A - From RDC,24-Nov-09,24-Nov-09,24-Nov-09,ARV,Adult,SCMS from RDC,"Lamivudine/Zidovudine 150/300mg, tablets, 60 Tabs",Lamivudine/Zidovudine,Generic,150/300mg,Tablet - FDC,60,42,0.42,0.01,0,"Aurobindo Unit III, India",Yes,Weight Captured Separately,Invoiced Separately,0
11075,110-ZM-T01,Pre-PQ Process,SO-29031,DN-1498,Zambia,PMO - US,From RDC,N/A - From RDC,Truck,Date Not Captured,N/A - From RDC,29-Oct-09,29-Oct-09,29-Oct-09,ARV,Adult,SCMS from RDC,"Efavirenz 600mg, tablets, 30 Tabs",Efavirenz,Generic,600mg,Tablet,30,34036,196728.08,5.78,0.19,"Aurobindo Unit III, India",Yes,2901,4897.42,424.15
11076,111-MZ-T01,Pre-PQ Process,SO-32571,DN-1532,Mozambique,PMO - US,From RDC,N/A - From RDC,Air,Date Not Captured,N/A - From RDC,11-Dec-09,11-Dec-09,11-Dec-09,ARV,Adult,SCMS from RDC,"Lamivudine/Stavudine 150/30mg, tablets, 60 Tabs",Lamivudine/Stavudine,Generic,150/30mg,Tablet - FDC,60,2510,9789,3.9,0.06,"Cipla, Goa, India",Yes,190,1317.4,21.11
11077,151-NG-T30,Pre-PQ Process,SO-35150,DN-1594,Nigeria,PMO - US,From RDC,N/A - From RDC,Air Charter,Date Not Captured,N/A - From RDC,18-Dec-09,18-Dec-09,18-Dec-09,ARV,Adult,SCMS from RDC,"Lamivudine/Nevirapine/Zidovudine 150/200/300mg, tablets, 60 Tabs",Lamivudine/Nevirapine/Zidovudine,Generic,150/300/200mg,Tablet - FDC,60,3,34.2,11.4,0.19,"Aurobindo Unit III, India",Yes,1,Freight Included in Commodity Cost,0.07
11078,111-MZ-T01,Pre-PQ Process,SO-33430,DN-1529,Mozambique,PMO - US,From RDC,N/A - From RDC,Air,Date Not Captured,N/A - From RDC,23-Feb-10,23-Feb-10,23-Feb-10,ARV,Adult,SCMS from RDC,"Nevirapine 200mg, tablets, 60 Tabs",Nevirapine,Generic,200mg,Tablet,60,1788,5721.6,3.2,0.05,"Cipla, Goa, India",Yes,205,1380.45,12.34
11079,151-NG-T30,Pre-PQ Process,SO-35330,DN-1615,Nigeria,PMO - US,From RDC,N/A - From RDC,Air,Date Not Captured,N/A - From RDC,19-Feb-10,22-Jan-10,22-Jan-10,ARV,Adult,SCMS from RDC,"Emtricitabine/Tenofovir Disoproxil Fumarate 200/300mg, tablets, 30 Tabs",Emtricitabine/Tenofovir Disoproxil Fumarate,Generic,200/300mg,Tablet - FDC,30,5,58.75,11.75,0.39,Mylan (formerly Matrix) Nashik,Yes,1,19480.97,0.13
11086,100-CI-T01,Pre-PQ Process,SO-283,DN-16,Côte d'Ivoire,PMO - US,From RDC,N/A - From RDC,N/A,Pre-PQ Process,N/A - From RDC,22-Feb-07,22-Feb-07,22-Feb-07,ARV,Adult,SCMS from RDC,"Efavirenz 600mg, tablets, 30 Tabs",Efavirenz,Generic,600mg,Tablet,30,4350,70687.5,16.25,0.54,"Aurobindo Unit III, India",No,See DN-16 (ID#:10540),See DN-16 (ID#:10540),
11088,100-CI-T01,Pre-PQ Process,SO-283,DN-26,Côte d'Ivoire,PMO - US,From RDC,N/A - From RDC,N/A,Pre-PQ Process,N/A - From RDC,22-Feb-07,8-Mar-07,8-Mar-07,ARV,Adult,SCMS from RDC,"Efavirenz 600mg, tablets, 30 Tabs",Efavirenz,Generic,600mg,Tablet,30,3024,49140,16.25,0.54,"Aurobindo Unit III, India",Yes,275,1448,
11089,111-MZ-T01,Pre-PQ Process,SO-324,DN-17,Mozambique,PMO - US,From RDC,N/A - From RDC,Air,Pre-PQ Process,N/A - From RDC,9-Jan-07,9-Jan-07,9-Jan-07,ARV,Adult,SCMS from RDC,"Lamivudine/Zidovudine+Abacavir 150/300+300mg, tablets, co-blister, 60+60 Tabs",Lamivudine/Zidovudine+Abacavir,Generic,150/300+300mg,Tablet - FDC + co-blister,120,1217,69429.85,57.05,0.48,"Aurobindo Unit III, India",No,See DN-17 (ID#:10541),See DN-17 (ID#:10541),
11090,111-MZ-T01,Pre-PQ Process,SO-324,DN-17,Mozambique,PMO - US,From RDC,N/A - From RDC,Air,Pre-PQ Process,N/A - From RDC,9-Jan-07,9-Jan-07,9-Jan-07,ARV,Adult,SCMS from RDC,"Lamivudine/Zidovudine 150/300mg, tablets, 60 Tabs",Lamivudine/Zidovudine,Generic,150/300mg,Tablet - FDC,60,6156,68577.84,11.14,0.19,"Aurobindo Unit III, India",No,See DN-17 (ID#:10541),See DN-17 (ID#:10541),
11091,100-CI-T01,Pre-PQ Process,SO-373,DN-30,Côte d'Ivoire,PMO - US,From RDC,N/A - From RDC,N/A,Pre-PQ Process,N/A - From RDC,15-Mar-07,15-Mar-07,15-Mar-07,ARV,Adult,SCMS from RDC,"Tenofovir Disoproxil Fumarate 300mg [Viread], tablets, 30 Tabs",Tenofovir Disoproxil Fumarate,Viread,300mg,Tablet,30,528,8976,17,0.57,Gilead(Nycomed) Oranienburg DE,Yes,368,1619,
11092,100-CI-T01,Pre-PQ Process,SO-373,DN-30,Côte d'Ivoire,PMO - US,From RDC,N/A - From RDC,N/A,Pre-PQ Process,N/A - From RDC,15-Mar-07,15-Mar-07,15-Mar-07,ARV,Adult,SCMS from RDC,"Saquinavir 200mg [Invirase], capsules, 270 Caps",Saquinavir,Invirase,200mg,Capsule,270,482,37596,78,0.29,Roche Basel,No,See DN-30 (ID#:11091),See DN-30 (ID#:11091),
11095,107-RW-T01,Pre-PQ Process,SO-239,DN-70,Rwanda,PMO - US,From RDC,N/A - From RDC,Air,Pre-PQ Process,N/A - From RDC,10-Apr-07,10-Apr-07,10-Apr-07,HRDT,HIV test,SCMS from RDC,"HIV 1/2, Capillus HIV Kit, 100 Tests","HIV 1/2, Capillus HIV Kit",Capillus,N/A,Test kit,100,60,8340,139,1.39,"Trinity Biotech, Plc",Yes,353,3684.6,
11096,100-BW-T01,Pre-PQ Process,SO-425,DN-91,Botswana,PMO - US,From RDC,N/A - From RDC,N/A,Pre-PQ Process,N/A - From RDC,27-Apr-07,27-Apr-07,27-Apr-07,HRDT,HIV test,SCMS from RDC,"HIV 1/2, Determine Complete HIV Kit, 100 Tests","HIV 1/2, Determine Complete HIV Kit",Determine,N/A,Test kit,100,100,8000,80,0.8,ABBVIE GmbH & Co.KG Wiesbaden,Yes,32,695.23,
11097,112-NG-T01,Pre-PQ Process,SO-340,DN-72,Nigeria,PMO - US,From RDC,N/A - From RDC,N/A,Pre-PQ Process,N/A - From RDC,17-Apr-07,17-Apr-07,17-Apr-07,ARV,Adult,SCMS from RDC,"Stavudine 30mg, capsules, 60 Caps",Stavudine,Generic,30mg,Capsule,60,1260,2016,1.6,0.03,"Aurobindo Unit III, India",Yes,988,4251,
11099,113-ZW-T01,Pre-PQ Process,SO-337,DN-115,Zimbabwe,PMO - US,From RDC,N/A - From RDC,N/A,Pre-PQ Process,N/A - From RDC,26-Apr-07,26-Apr-07,26-Apr-07,ARV,Adult,SCMS from RDC,"Lopinavir/Ritonavir 200/50mg [Aluvia], tablets, 120 Tabs",Lopinavir/Ritonavir,Aluvia,200/50mg,Tablet,120,400,16440,41.1,0.34,ABBVIE Ludwigshafen Germany,Yes,87,907.41,
11100,110-ZM-T01,Pre-PQ Process,SO-310,DN-122,Zambia,PMO - US,From RDC,N/A - From RDC,N/A,Pre-PQ Process,N/A - From RDC,4-May-07,4-May-07,4-May-07,ARV,Adult,SCMS from RDC,"Abacavir 300mg, tablets, 60 Tabs",Abacavir,Generic,300mg,Tablet,60,1000,35800,35.8,0.6,"Aurobindo Unit III, India",Yes,4436,18375.7,
11101,110-ZM-T01,Pre-PQ Process,SO-310,DN-122,Zambia,PMO - US,From RDC,N/A - From RDC,N/A,Pre-PQ Process,N/A - From RDC,4-May-07,4-May-07,4-May-07,ARV,Adult,SCMS from RDC,"Efavirenz 600mg, tablets, 30 Tabs",Efavirenz,Generic,600mg,Tablet,30,50112,814821.12,16.26,0.54,"Aurobindo Unit III, India",No,See DN-122 (ID#:11100),See DN-122 (ID#:11100),
11102,100-CI-T01,Pre-PQ Process,SO-392,DN-53,Côte d'Ivoire,PMO - US,From RDC,N/A - From RDC,N/A,Pre-PQ Process,N/A - From RDC,4-May-07,4-May-07,4-May-07,ARV,Adult,SCMS from RDC,"Efavirenz 600mg, tablets, 30 Tabs",Efavirenz,Generic,600mg,Tablet,30,10000,162500,16.25,0.54,"Aurobindo Unit III, India",Yes,901,3006,
11105,112-NG-T01,Pre-PQ Process,SO-329,DN-132,Nigeria,PMO - US,From RDC,N/A - From RDC,N/A,Pre-PQ Process,N/A - From RDC,23-May-07,23-May-07,23-May-07,ARV,Adult,SCMS from RDC,"Lamivudine/Zidovudine+Nevirapine 150/300+200mg, tablets, co-blister, 60+60 Tabs",Lamivudine/Zidovudine+Nevirapine,Generic,150/300+200mg,Tablet - FDC + co-blister,120,5709,117034.5,20.5,0.17,"Aspen-OSD, Port Elizabeth, SA",Yes,1238,6433.28,
11107,111-MZ-T01,Pre-PQ Process,SO-545,DN-137,Mozambique,PMO - US,From RDC,N/A - From RDC,Air,Pre-PQ Process,N/A - From RDC,1-Jun-07,1-Jun-07,1-Jun-07,ARV,Adult,SCMS from RDC,"Efavirenz 600mg, tablets, 30 Tabs",Efavirenz,Generic,600mg,Tablet,30,25003,418800.25,16.75,0.56,"Aurobindo Unit III, India",Yes,2177,2912.01,
11109,111-MZ-T01,Pre-PQ Process,SO-293,DN-44,Mozambique,PMO - US,From RDC,N/A - From RDC,Air,Pre-PQ Process,N/A - From RDC,17-Apr-07,17-Apr-07,17-Apr-07,ARV,Pediatric,SCMS from RDC,"Abacavir 20mg/ml, oral solution, Bottle, 240 ml",Abacavir,Generic,20mg/ml,Oral solution,240,460,9683,21.05,0.09,"Aurobindo Unit III, India",No,See DN-44 (ID#:10549),See DN-44 (ID#:10549),
11112,100-BW-T01,Pre-PQ Process,SO-426,DN-84,Botswana,PMO - US,From RDC,N/A - From RDC,N/A,Pre-PQ Process,N/A - From RDC,27-Apr-07,27-Apr-07,27-Apr-07,HRDT,HIV test,SCMS from RDC,"HIV 1/2, OraQuick Advance HIV Rapid Antibody Kit, 100 Tests","HIV 1/2, OraQuick Advance HIV Rapid Antibody Kit",OraQuick,N/A,Test kit,100,30,12000,400,4,"Pacific Biotech, Thailand",Yes,72,947.05,
11113,100-CI-T01,Pre-PQ Process,SO-394,DN-61,Côte d'Ivoire,PMO - US,From RDC,N/A - From RDC,N/A,Pre-PQ Process,N/A - From RDC,4-May-07,4-May-07,4-May-07,ARV,Adult,SCMS from RDC,"Lamivudine/Zidovudine 150/300mg, tablets, 60 Tabs",Lamivudine/Zidovudine,Generic,150/300mg,Tablet - FDC,60,10000,102500,10.25,0.17,"Aurobindo Unit III, India",Yes,980,3179,
11114,110-ZM-T01,Pre-PQ Process,SO-211,DN-104,Zambia,PMO - US,From RDC,N/A - From RDC,N/A,Pre-PQ Process,N/A - From RDC,3-May-07,3-May-07,3-May-07,ARV,Adult,SCMS from RDC,"Lamivudine/Zidovudine 150/300mg, tablets, 60 Tabs",Lamivudine/Zidovudine,Generic,150/300mg,Tablet - FDC,60,50549,518127.25,10.25,0.17,"Aurobindo Unit III, India",Yes,4680,19288.91,
11115,111-MZ-T01,Pre-PQ Process,SO-500,DN-152,Mozambique,PMO - US,From RDC,N/A - From RDC,Air,Pre-PQ Process,N/A - From RDC,8-Jun-07,8-Jun-07,8-Jun-07,ARV,Adult,SCMS from RDC,"Abacavir 300mg, tablets, 60 Tabs",Abacavir,Generic,300mg,Tablet,60,4444,159095.2,35.8,0.6,"Aurobindo Unit III, India",Yes,633,Freight Included in Commodity Cost,
11117,104-CI-T01,Pre-PQ Process,SO-586,DN-194,Côte d'Ivoire,PMO - US,From RDC,N/A - From RDC,N/A,Pre-PQ Process,N/A - From RDC,28-Jun-07,28-Jun-07,28-Jun-07,ARV,Adult,SCMS from RDC,"Lopinavir/Ritonavir 200/50mg [Aluvia], tablets, 120 Tabs",Lopinavir/Ritonavir,Aluvia,200/50mg,Tablet,120,4000,164400,41.1,0.34,ABBVIE Ludwigshafen Germany,Yes,1015,3256,263.04
11118,104-CI-T01,Pre-PQ Process,SO-586,DN-194,Côte d'Ivoire,PMO - US,From RDC,N/A - From RDC,N/A,Pre-PQ Process,N/A - From RDC,28-Jun-07,28-Jun-07,28-Jun-07,ARV,Adult,SCMS from RDC,"Abacavir 300mg, tablets, 60 Tabs",Abacavir,Generic,300mg,Tablet,60,2000,71600,35.8,0.6,"Aurobindo Unit III, India",No,See DN-194 (ID#:11117),See DN-194 (ID#:11117),114.56
11119,104-CI-T01,Pre-PQ Process,SO-625,DN-166,Côte d'Ivoire,PMO - US,From RDC,N/A - From RDC,N/A,Pre-PQ Process,N/A - From RDC,21-Jun-07,21-Jun-07,21-Jun-07,ARV,Adult,SCMS from RDC,"Indinavir 400mg [Crixivan], capsules, 180 Caps",Indinavir,Crixivan,400mg,Capsule,180,4402,220100,50,0.28,MSD Elkton USA,Yes,994,3501,
11122,104-CI-T01,Pre-PQ Process,SO-687,DN-206,Côte d'Ivoire,PMO - US,From RDC,N/A - From RDC,Air,Pre-PQ Process,N/A - From RDC,10-Jul-07,10-Jul-07,10-Jul-07,ARV,Pediatric,SCMS from RDC,"Efavirenz 50mg, capsule, 30 Caps",Efavirenz,Generic,50mg,Capsule,30,4515,10113.6,2.24,0.07,"Aurobindo Unit III, India",Yes,259,1574,16.18
11128,110-ZM-T01,Pre-PQ Process,SO-209,DN-205,Zambia,PMO - US,From RDC,N/A - From RDC,N/A,Pre-PQ Process,N/A - From RDC,20-Jun-07,20-Jun-07,20-Jun-07,ARV,Adult,SCMS from RDC,"Lamivudine/Zidovudine 150/300mg, tablets, 60 Tabs",Lamivudine/Zidovudine,Generic,150/300mg,Tablet - FDC,60,66370,680292.5,10.25,0.17,"Aurobindo Unit III, India",Yes,6243,25729.7,1088.47
11130,104-CI-T01,Pre-PQ Process,SO-560,DN-146,Côte d'Ivoire,PMO - US,From RDC,N/A - From RDC,N/A,Pre-PQ Process,N/A - From RDC,16-May-07,16-May-07,16-May-07,ARV,Adult,SCMS from RDC,"Abacavir 300mg, tablets, 60 Tabs",Abacavir,Generic,300mg,Tablet,60,1200,42960,35.8,0.6,"Aurobindo Unit III, India",No,See DN-146 (ID#:10834),See DN-146 (ID#:10834),
11133,112-NG-T01,Pre-PQ Process,SO-663,DN-190,Nigeria,PMO - US,From RDC,N/A - From RDC,N/A,Pre-PQ Process,N/A - From RDC,26-Jun-07,26-Jun-07,26-Jun-07,ARV,Adult,SCMS from RDC,"Stavudine 30mg, capsules, 60 Caps",Stavudine,Generic,30mg,Capsule,60,700,1064,1.52,0.03,"Strides, Bangalore, India.",No,See DN-190 (ID#:10570),See DN-190 (ID#:10570),1.7
11135,111-MZ-T01,Pre-PQ Process,SO-580,DN-208,Mozambique,PMO - US,From RDC,N/A - From RDC,Air,Pre-PQ Process,N/A - From RDC,12-Jul-07,12-Jul-07,12-Jul-07,ARV,Pediatric,SCMS from RDC,"Abacavir 20mg/ml, oral solution, Bottle, 240 ml",Abacavir,Generic,20mg/ml,Oral solution,240,397,8356.85,21.05,0.09,"Aurobindo Unit III, India",Yes,141,411.07,13.37
11136,112-NG-T01,Pre-PQ Process,SO-563,DN-209,Nigeria,PMO - US,From RDC,N/A - From RDC,N/A,Pre-PQ Process,N/A - From RDC,3-Jul-07,3-Jul-07,3-Jul-07,ARV,Adult,SCMS from RDC,"Lamivudine/Nevirapine/Stavudine 150/200/30mg, tablets, 60 Tabs",Lamivudine/Nevirapine/Stavudine,Generic,150/200/30mg,Tablet - FDC,60,1319,9892.5,7.5,0.12,"Cipla, Goa, India",Yes,1656,8331.36,15.83
11137,112-NG-T01,Pre-PQ Process,SO-563,DN-209,Nigeria,PMO - US,From RDC,N/A - From RDC,N/A,Pre-PQ Process,N/A - From RDC,3-Jul-07,3-Jul-07,3-Jul-07,ARV,Adult,SCMS from RDC,"Lamivudine/Nevirapine/Stavudine 150/200/40mg, tablets, 60 Tabs",Lamivudine/Nevirapine/Stavudine,Generic,150/200/40mg,Tablet - FDC,60,1018,7838.6,7.7,0.13,"Cipla, Goa, India",No,See DN-209 (ID#:11136),See DN-209 (ID#:11136),12.54
11138,109-TZ-T01,Pre-PQ Process,SO-441,DN-246,Tanzania,PMO - US,From RDC,N/A - From RDC,Air,Pre-PQ Process,N/A - From RDC,13-Aug-07,13-Aug-07,13-Aug-07,ARV,Adult,SCMS from RDC,"Lopinavir/Ritonavir 200/50mg [Aluvia], tablets, 120 Tabs",Lopinavir/Ritonavir,Aluvia,200/50mg,Tablet,120,3000,123300,41.1,0.34,ABBVIE Ludwigshafen Germany,Yes,1422,4198,197.28
11139,109-TZ-T01,Pre-PQ Process,SO-496,DN-247,Tanzania,PMO - US,From RDC,N/A - From RDC,Air,Pre-PQ Process,N/A - From RDC,30-Jul-07,30-Jul-07,30-Jul-07,ARV,Adult,SCMS from RDC,"Ritonavir 100mg [Norvir], capsules, cool, 4 x 84 Caps",Ritonavir,Norvir,100mg,Capsule,336,157,6022.52,38.36,0.11,ABBVIE (Abbott) Logis. UK,Yes,547,2094,9.64
11140,104-CI-T01,Pre-PQ Process,SO-701,DN-271,Côte d'Ivoire,PMO - US,From RDC,N/A - From RDC,N/A,Pre-PQ Process,N/A - From RDC,14-Aug-07,14-Aug-07,14-Aug-07,ARV,Adult,SCMS from RDC,"Lamivudine/Stavudine 150/30mg, tablets, 30 Tabs",Lamivudine/Stavudine,Generic,150/30mg,Tablet - FDC,30,86821,173642,2,0.07,"Cipla, Goa, India",Yes,5697,14893,277.83
11141,104-CI-T01,Pre-PQ Process,SO-817,DN-274,Côte d'Ivoire,PMO - US,From RDC,N/A - From RDC,N/A,Pre-PQ Process,N/A - From RDC,14-Aug-07,14-Aug-07,14-Aug-07,ARV,Adult,SCMS from RDC,"Lamivudine/Nevirapine/Stavudine 150/200/30mg, tablets, 60 Tabs",Lamivudine/Nevirapine/Stavudine,Generic,150/200/30mg,Tablet - FDC,60,32436,243270,7.5,0.12,"Cipla, Goa, India",Yes,3203,8258,389.23
11142,100-HT-T01,Pre-PQ Process,SO-831,DN-278,Haiti,PMO - US,From RDC,N/A - From RDC,Air,Pre-PQ Process,N/A - From RDC,7-Aug-07,7-Aug-07,7-Aug-07,HRDT,HIV test,SCMS from RDC,"HIV 1/2, Capillus HIV Kit, 100 Tests","HIV 1/2, Capillus HIV Kit",Capillus,N/A,Test kit,100,75,10425,139,1.39,"Trinity Biotech, Plc",Yes,50,791.84,16.68
11144,111-MZ-T01,Pre-PQ Process,SO-502,DN-282,Mozambique,PMO - US,From RDC,N/A - From RDC,Air,Pre-PQ Process,N/A - From RDC,10-Oct-07,10-Oct-07,10-Oct-07,ARV,Pediatric,SCMS from RDC,"Efavirenz 200mg, capsule, 90 Caps",Efavirenz,Generic,200mg,Capsule,90,400,6780,16.95,0.19,"Aurobindo Unit III, India",Yes,3340,3438.84,10.85
11146,107-RW-T01,Pre-PQ Process,SO-756,DN-238,Rwanda,PMO - US,From RDC,N/A - From RDC,Air,Pre-PQ Process,N/A - From RDC,16-Jul-07,16-Jul-07,16-Jul-07,HRDT,HIV test,SCMS from RDC,"HIV 1/2, Capillus HIV Kit, 100 Tests","HIV 1/2, Capillus HIV Kit",Capillus,N/A,Test kit,100,150,20850,139,1.39,"Trinity Biotech, Plc",Yes,130,1676.91,33.36
11147,104-CI-T01,Pre-PQ Process,SO-529,DN-250,Côte d'Ivoire,PMO - US,From RDC,N/A - From RDC,N/A,Pre-PQ Process,N/A - From RDC,27-Jul-07,27-Jul-07,27-Jul-07,HRDT,HIV test,SCMS from RDC,"HIV 2, New LAV Blot 2 HIV Kit, 18 Tests","HIV 2, New LAV Blot 2 HIV Kit",LAV,N/A,Test kit,18,12,3698.04,308.17,17.12,Bio-Rad Laboratories,Yes,46,1607,5.92
11151,104-CI-T01,Pre-PQ Process,SO-922,DN-318,Côte d'Ivoire,PMO - US,From RDC,N/A - From RDC,N/A,Pre-PQ Process,N/A - From RDC,10-Sep-07,10-Sep-07,10-Sep-07,ARV,Adult,SCMS from RDC,"Efavirenz 600mg, tablets, 30 Tabs",Efavirenz,Generic,600mg,Tablet,30,25037,407101.62,16.26,0.54,"Aurobindo Unit III, India",Yes,2213,18101.32,651.36
11153,109-TZ-T01,Pre-PQ Process,SO-456,DN-291,Tanzania,PMO - US,From RDC,N/A - From RDC,Air,Pre-PQ Process,N/A - From RDC,29-Aug-07,29-Aug-07,29-Aug-07,ARV,Adult,SCMS from RDC,"Efavirenz 600mg, tablets, 30 Tabs",Efavirenz,Generic,600mg,Tablet,30,23814,387215.64,16.26,0.54,"Aurobindo Unit III, India",Yes,2102,5834,619.55
11154,111-MZ-T01,Pre-PQ Process,SO-298,DN-304,Mozambique,PMO - US,From RDC,N/A - From RDC,Air,Pre-PQ Process,N/A - From RDC,21-Sep-07,21-Sep-07,21-Sep-07,ARV,Pediatric,SCMS from RDC,"Efavirenz 200mg, capsule, 90 Caps",Efavirenz,Generic,200mg,Capsule,90,271,4593.45,16.95,0.19,"Aurobindo Unit III, India",No,See DN-304 (ID#:10589),See DN-304 (ID#:10589),7.35
11156,114-UG-T01,Pre-PQ Process,SO-896,DN-297,Uganda,PMO - US,From RDC,N/A - From RDC,N/A,Pre-PQ Process,N/A - From RDC,17-Oct-07,17-Oct-07,17-Oct-07,ARV,Adult,SCMS from RDC,"Stavudine 30mg, capsules, 60 Caps",Stavudine,Generic,30mg,Capsule,60,294,446.88,1.52,0.03,"Strides, Bangalore, India.",Yes,14,632.6,0.72
11160,114-UG-T01,Pre-PQ Process,SO-1080,DN-362,Uganda,PMO - US,From RDC,N/A - From RDC,Air,Pre-PQ Process,N/A - From RDC,5-Nov-07,5-Nov-07,5-Nov-07,ARV,Adult,SCMS from RDC,"Efavirenz 600mg, tablets, 30 Tabs",Efavirenz,Generic,600mg,Tablet,30,1717,21325.14,12.42,0.41,"Strides, Bangalore, India.",No,See DN-362 (ID#:10600),See DN-362 (ID#:10600),34.12
11161,110-ZM-T01,Pre-PQ Process,SO-940,DN-366,Zambia,PMO - US,From RDC,N/A - From RDC,N/A,Pre-PQ Process,N/A - From RDC,27-Sep-07,27-Sep-07,27-Sep-07,ARV,Adult,SCMS from RDC,"Nevirapine 200mg, tablets, 60 Tabs",Nevirapine,Generic,200mg,Tablet,60,85000,289000,3.4,0.06,"Aurobindo Unit III, India",Yes,14311,63886.29,462.4
11162,110-ZM-T01,Pre-PQ Process,SO-940,DN-366,Zambia,PMO - US,From RDC,N/A - From RDC,N/A,Pre-PQ Process,N/A - From RDC,27-Sep-07,27-Sep-07,27-Sep-07,ARV,Adult,SCMS from RDC,"Efavirenz 600mg, tablets, 30 Tabs",Efavirenz,Generic,600mg,Tablet,30,69783,1360768.5,19.5,0.65,"Cipla, Goa, India",No,See DN-366 (ID#:11161),See DN-366 (ID#:11161),2177.23
11173,111-MZ-T01,Pre-PQ Process,SO-924,DN-344,Mozambique,PMO - US,From RDC,N/A - From RDC,Air,Pre-PQ Process,N/A - From RDC,5-Oct-07,5-Oct-07,5-Oct-07,ARV,Adult,SCMS from RDC,"Lamivudine 150mg, tablets, 60 Tabs",Lamivudine,Generic,150mg,Tablet,60,200,608,3.04,0.05,"Aurobindo Unit III, India",Yes,4241,25442,0.97
11174,117-ET-T01,Pre-PQ Process,SO-914,DN-332,Ethiopia,PMO - US,From RDC,N/A - From RDC,N/A,Pre-PQ Process,N/A - From RDC,4-Sep-07,4-Sep-07,4-Sep-07,ARV,Adult,SCMS from RDC,"Lamivudine 150mg, tablets, 60 Tabs",Lamivudine,Generic,150mg,Tablet,60,60029,182488.16,3.04,0.05,"Ranbaxy, Paonta Shahib, India",No,See DN-332 (ID#:10613),See DN-332 (ID#:10613),291.98
11175,104-CI-T01,Pre-PQ Process,SO-972,DN-327,Côte d'Ivoire,PMO - US,From RDC,N/A - From RDC,N/A,Pre-PQ Process,N/A - From RDC,10-Sep-07,10-Sep-07,10-Sep-07,ARV,Pediatric,SCMS from RDC,"Zidovudine 10mg/ml, oral solution, Bottle, 240 ml",Zidovudine,Generic,10mg/ml,Oral solution,240,4286,9214.9,2.15,0.01,"Aurobindo Unit III, India",No,See DN-327 (ID#:10883),See DN-327 (ID#:10883),14.74
11177,110-ZM-T01,Pre-PQ Process,SO-753,DN-395,Zambia,PMO - US,From RDC,N/A - From RDC,N/A,Pre-PQ Process,N/A - From RDC,2-Nov-07,2-Nov-07,2-Nov-07,ARV,Pediatric,SCMS from RDC,"Efavirenz 200mg, capsule, 90 Caps",Efavirenz,Generic,200mg,Capsule,90,2324,37184,16,0.18,"Aurobindo Unit III, India",No,See DN-395 (ID#:10887),See DN-395 (ID#:10887),59.49
11186,104-CI-T01,Pre-PQ Process,SO-1113,DN-385,Côte d'Ivoire,PMO - US,From RDC,N/A - From RDC,Air,Pre-PQ Process,N/A - From RDC,22-Oct-07,22-Oct-07,22-Oct-07,HRDT,HIV test,SCMS from RDC,"HIV 1/2, Determine HIV Kit, without Lancets, 100 Tests","HIV 1/2, Determine HIV Kit, without Lancets",Determine,N/A,Test kit,100,595,42834.05,71.99,0.72,Inverness Japan,Yes,200,1642,68.53
11187,110-ZM-T01,Pre-PQ Process,SO-317,DN-387,Zambia,PMO - US,From RDC,N/A - From RDC,N/A,Pre-PQ Process,N/A - From RDC,29-Oct-07,29-Oct-07,29-Oct-07,ARV,Adult,SCMS from RDC,"Lamivudine/Zidovudine 150/300mg, tablets, 60 Tabs",Lamivudine/Zidovudine,Generic,150/300mg,Tablet - FDC,60,40761,435327.48,10.68,0.18,"Aurobindo Unit III, India",Yes,4221,17549.81,696.52
11188,110-ZM-T01,Pre-PQ Process,SO-572,DN-388,Zambia,PMO - US,From RDC,N/A - From RDC,N/A,Pre-PQ Process,N/A - From RDC,9-Nov-07,9-Nov-07,9-Nov-07,ARV,Adult,SCMS from RDC,"Nevirapine 200mg, tablets, 60 Tabs",Nevirapine,Generic,200mg,Tablet,60,52864,188724.48,3.57,0.06,"Aurobindo Unit III, India",Yes,5989,19590.04,301.96
11189,113-ZW-T01,Pre-PQ Process,SO-281,DN-392,Zimbabwe,PMO - US,From RDC,N/A - From RDC,N/A,Pre-PQ Process,N/A - From RDC,22-Oct-07,22-Oct-07,22-Oct-07,ARV,Adult,SCMS from RDC,"Nevirapine 200mg, tablets, 60 Tabs",Nevirapine,Generic,200mg,Tablet,60,500,1835,3.67,0.06,"Aurobindo Unit III, India",Yes,47,707.4,2.94
11191,112-NG-T01,Pre-PQ Process,SO-1224,DN-410,Nigeria,PMO - US,From RDC,N/A - From RDC,Air,Pre-PQ Process,N/A - From RDC,4-Dec-07,4-Dec-07,4-Dec-07,ARV,Pediatric,SCMS from RDC,"Efavirenz 200mg, capsule, 90 Caps",Efavirenz,Generic,200mg,Capsule,90,400,6400,16,0.18,"Aurobindo Unit III, India",Yes,38,1161.13,10.24
11192,111-MZ-T01,Pre-PQ Process,SO-992,DN-427,Mozambique,PMO - US,From RDC,N/A - From RDC,Air,Pre-PQ Process,N/A - From RDC,22-Nov-07,22-Nov-07,22-Nov-07,ARV,Adult,SCMS from RDC,"Lamivudine/Stavudine 150/30mg, tablets, 30 Tabs",Lamivudine/Stavudine,Generic,150/30mg,Tablet - FDC,30,24140,48280,2,0.07,"Cipla, Goa, India",Yes,1434,3682.34,77.25
11194,104-CI-T01,Pre-PQ Process,SO-1245,DN-423,Côte d'Ivoire,PMO - US,From RDC,N/A - From RDC,Air,Pre-PQ Process,N/A - From RDC,13-Nov-07,13-Nov-07,13-Nov-07,ARV,Adult,SCMS from RDC,"Abacavir/Lamivudine/Zidovudine 300/150/300mg [Trizivir], tablets, 60 Tabs",Abacavir/Lamivudine/Zidovudine,Trizivir,300/150/300mg,Tablet - FDC,60,3300,146850,44.5,0.74,GSK Ware (UK),Yes,2143,10137.04,234.96
11195,110-ZM-T01,Pre-PQ Process,SO-1317,DN-605,Zambia,PMO - US,From RDC,N/A - From RDC,Truck,Pre-PQ Process,N/A - From RDC,21-Feb-08,21-Feb-08,21-Feb-08,ARV,Adult,SCMS from RDC,"Nevirapine 200mg, tablets, 60 Tabs",Nevirapine,Generic,200mg,Tablet,60,9943,33806.2,3.4,0.06,"Aurobindo Unit III, India",No,See DN-605 (ID#:10636),See DN-605 (ID#:10636),54.09
11196,110-ZM-T01,Pre-PQ Process,SO-1419,DN-606,Zambia,PMO - US,From RDC,N/A - From RDC,Air,Pre-PQ Process,N/A - From RDC,20-Feb-08,20-Feb-08,20-Feb-08,ARV,Pediatric,SCMS from RDC,"Efavirenz 200mg, capsule, 90 Caps",Efavirenz,Generic,200mg,Capsule,90,900,14400,16,0.18,"Aurobindo Unit III, India",Yes,109,919.66,23.04
11197,111-MZ-T01,Pre-PQ Process,SO-1039,DN-603,Mozambique,PMO - US,From RDC,N/A - From RDC,Air,Pre-PQ Process,N/A - From RDC,8-Apr-08,8-Apr-08,8-Apr-08,ARV,Adult,SCMS from RDC,"Lamivudine/Stavudine 150/30mg, tablets, 30 Tabs",Lamivudine/Stavudine,Generic,150/30mg,Tablet - FDC,30,50000,100000,2,0.07,"Cipla, Goa, India",Yes,3584,8405.91,160
11198,114-UG-T01,Pre-PQ Process,SO-1300,DN-435,Uganda,PMO - US,From RDC,N/A - From RDC,Air,Pre-PQ Process,N/A - From RDC,10-Dec-07,10-Dec-07,10-Dec-07,ARV,Adult,SCMS from RDC,"Lamivudine/Nevirapine/Zidovudine 150/200/300mg, tablets, 60 Tabs",Lamivudine/Nevirapine/Zidovudine,Generic,150/300/200mg,Tablet - FDC,60,3930,80565,20.5,0.34,"Aurobindo Unit III, India",No,See DN-435 (ID#:10908),See DN-435 (ID#:10908),128.9
11200,104-CI-T01,Pre-PQ Process,SO-1145,DN-440,Côte d'Ivoire,PMO - US,From RDC,N/A - From RDC,Air,Pre-PQ Process,N/A - From RDC,29-Nov-07,29-Nov-07,29-Nov-07,ARV,Adult,SCMS from RDC,"Stavudine 30mg, capsules, 60 Caps",Stavudine,Generic,30mg,Capsule,60,14000,24500,1.75,0.03,"Strides, Bangalore, India.",Yes,989,3452,39.2
11201,104-CI-T01,Pre-PQ Process,SO-1145,DN-440,Côte d'Ivoire,PMO - US,From RDC,N/A - From RDC,Air,Pre-PQ Process,N/A - From RDC,29-Nov-07,29-Nov-07,29-Nov-07,ARV,Adult,SCMS from RDC,"Stavudine 30mg, capsules, 60 Caps",Stavudine,Generic,30mg,Capsule,60,3996,6993,1.75,0.03,"Aurobindo Unit III, India",No,See DN-440 (ID#:11200),See DN-440 (ID#:11200),11.19
11202,104-CI-T01,Pre-PQ Process,SO-1103,DN-442,Côte d'Ivoire,PMO - US,From RDC,N/A - From RDC,Air,Pre-PQ Process,N/A - From RDC,22-Nov-07,22-Nov-07,22-Nov-07,ARV,Pediatric,SCMS from RDC,"Efavirenz 30mg/ml [Stocrin/Sustiva], oral solution, Bottle, 180 ml",Efavirenz,Stocrin/Sustiva,30mg/ml,Oral solution,180,4077,69186.69,16.97,0.09,"MSD, Haarlem, NL",Yes,1554,4963,110.7
11203,106-HT-T01,Pre-PQ Process,SO-1288,DN-445,Haiti,PMO - US,From RDC,N/A - From RDC,Air,Pre-PQ Process,N/A - From RDC,22-Jan-08,22-Jan-08,22-Jan-08,ARV,Pediatric,SCMS from RDC,"Efavirenz 50mg, capsule, 30 Caps",Efavirenz,Generic,50mg,Capsule,30,100,224,2.24,0.07,"Aurobindo Unit III, India",No,See DN-445 (ID#:10640),See DN-445 (ID#:10640),0.36
11204,104-CI-T01,Pre-PQ Process,SO-604,DN-446,Côte d'Ivoire,PMO - US,From RDC,N/A - From RDC,Air,Pre-PQ Process,N/A - From RDC,30-Nov-07,30-Nov-07,30-Nov-07,ARV,Adult,SCMS from RDC,"Abacavir/Lamivudine/Zidovudine 300/150/300mg [Trizivir], tablets, 60 Tabs",Abacavir/Lamivudine/Zidovudine,Trizivir,300/150/300mg,Tablet - FDC,60,995,69650,70,1.17,GSK Ware (UK),Yes,219,1392,111.44
11205,104-CI-T01,Pre-PQ Process,SO-1298,DN-451,Côte d'Ivoire,PMO - US,From RDC,N/A - From RDC,Air,Pre-PQ Process,N/A - From RDC,17-Jan-08,17-Jan-08,17-Jan-08,ARV,Adult,SCMS from RDC,"Lopinavir/Ritonavir 200/50mg [Aluvia], tablets, 120 Tabs",Lopinavir/Ritonavir,Aluvia,200/50mg,Tablet,120,993,40812.3,41.1,0.34,ABBVIE (Abbott) Logis. UK,Yes,217,3499.1,65.3
11206,110-ZM-T01,Pre-PQ Process,SO-1084,DN-453,Zambia,PMO - US,From RDC,N/A - From RDC,N/A,Pre-PQ Process,N/A - From RDC,6-Dec-07,6-Dec-07,6-Dec-07,ARV,Adult,SCMS from RDC,"Efavirenz 600mg, tablets, 30 Tabs",Efavirenz,Generic,600mg,Tablet,30,96,1872,19.5,0.65,"Cipla, Goa, India",Yes,5,636.52,3
11207,110-ZM-T01,Pre-PQ Process,SO-1429,DN-470,Zambia,PMO - US,From RDC,N/A - From RDC,Air,Pre-PQ Process,N/A - From RDC,26-Nov-07,26-Nov-07,26-Nov-07,ARV,Adult,SCMS from RDC,"Efavirenz 600mg, tablets, 30 Tabs",Efavirenz,Generic,600mg,Tablet,30,84,1043.28,12.42,0.41,"Aurobindo Unit III, India",Yes,Weight Captured Separately,Invoiced Separately,1.67
11208,112-NG-T01,Pre-PQ Process,SO-567,DN-475,Nigeria,PMO - US,From RDC,N/A - From RDC,Air,Pre-PQ Process,N/A - From RDC,3-Dec-07,3-Dec-07,3-Dec-07,ARV,Adult,SCMS from RDC,"Lamivudine/Zidovudine 150/300mg, tablets, 60 Tabs",Lamivudine/Zidovudine,Generic,150/300mg,Tablet - FDC,60,215,2296.2,10.68,0.18,"Aurobindo Unit III, India",No,See DN-475 (ID#:10642),See DN-475 (ID#:10642),3.67
11209,112-NG-T01,Pre-PQ Process,SO-567,DN-475,Nigeria,PMO - US,From RDC,N/A - From RDC,Air,Pre-PQ Process,N/A - From RDC,3-Dec-07,3-Dec-07,3-Dec-07,ARV,Pediatric,SCMS from RDC,"Nevirapine 10mg/ml, oral suspension, Bottle, 240 ml",Nevirapine,Generic,10mg/ml,Oral suspension,240,965,5983,6.2,0.03,"Aurobindo Unit III, India",No,See DN-475 (ID#:10642),See DN-475 (ID#:10642),9.57
11210,110-ZM-T01,Pre-PQ Process,SO-1362,DN-494,Zambia,PMO - US,From RDC,N/A - From RDC,N/A,Pre-PQ Process,N/A - From RDC,28-Dec-07,28-Dec-07,28-Dec-07,ARV,Pediatric,SCMS from RDC,"Lopinavir/Ritonavir 80/20mg/ml [Kaletra], oral solution, cool, Bottle 5 x 60 ml",Lopinavir/Ritonavir,Kaletra,80/20mg/ml,Oral solution,300,630,25893,41.1,0.14,ABBVIE (Abbott) Logis. UK,Yes,83,4522.03,41.43
11213,107-RW-T01,Pre-PQ Process,SO-1448,DN-500,Rwanda,PMO - US,From RDC,N/A - From RDC,Air,Pre-PQ Process,N/A - From RDC,5-Dec-07,5-Dec-07,5-Dec-07,HRDT,HIV test,SCMS from RDC,"HIV 1/2, Determine HIV Kit, without Lancets, 100 Tests","HIV 1/2, Determine HIV Kit, without Lancets",Determine,N/A,Test kit,100,405,29155.95,71.99,0.72,Inverness Japan,Yes,130,3187.18,46.65
11217,117-ET-T01,Pre-PQ Process,SO-1542,DN-529,Ethiopia,PMO - US,From RDC,N/A - From RDC,Air,Pre-PQ Process,N/A - From RDC,20-Dec-07,20-Dec-07,20-Dec-07,ARV,Adult,SCMS from RDC,"Lamivudine/Zidovudine 150/300mg, tablets, 60 Tabs",Lamivudine/Zidovudine,Generic,150/300mg,Tablet - FDC,60,9692,92074,9.5,0.16,"Aurobindo Unit III, India",Yes,1215,6346.22,147.32
11219,106-HT-T01,Pre-PQ Process,SO-1287,DN-614,Haiti,PMO - US,From RDC,N/A - From RDC,Air,Pre-PQ Process,N/A - From RDC,4-Mar-08,21-Feb-08,21-Feb-08,ARV,Pediatric,SCMS from RDC,"Zidovudine 10mg/ml, oral solution, Bottle, 240 ml",Zidovudine,Generic,10mg/ml,Oral solution,240,3000,6450,2.15,0.01,"Aurobindo Unit III, India",Yes,2584,26877.3,10.32
11222,112-NG-T01,Pre-PQ Process,SO-1570,DN-535,Nigeria,PMO - US,From RDC,N/A - From RDC,Air,Pre-PQ Process,N/A - From RDC,9-Jan-08,9-Jan-08,9-Jan-08,ARV,Adult,SCMS from RDC,"Lamivudine/Nevirapine/Stavudine 150/200/30mg, tablets, 60 Tabs",Lamivudine/Nevirapine/Stavudine,Generic,150/200/30mg,Tablet - FDC,60,2925,21645,7.4,0.12,"Cipla, Goa, India",No,See DN-535 (ID#:10658),See DN-535 (ID#:10658),34.63
11223,106-HT-T01,Pre-PQ Process,SO-1287,DN-614,Haiti,PMO - US,From RDC,N/A - From RDC,Air,Pre-PQ Process,N/A - From RDC,4-Mar-08,21-Feb-08,21-Feb-08,ARV,Adult,SCMS from RDC,"Stavudine 15mg, capsules, 60 Caps",Stavudine,Generic,15mg,Capsule,60,120,180,1.5,0.02,"Aurobindo Unit III, India",No,See DN-614 (ID#:11219),See DN-614 (ID#:11219),0.29
11224,104-CI-T01,Pre-PQ Process,SO-1104,DN-569,Côte d'Ivoire,PMO - US,From RDC,N/A - From RDC,Air,Pre-PQ Process,N/A - From RDC,29-Jan-08,29-Jan-08,29-Jan-08,ARV,Adult,SCMS from RDC,"Lamivudine/Zidovudine 150/300mg, tablets, 60 Tabs",Lamivudine/Zidovudine,Generic,150/300mg,Tablet - FDC,60,29593,281133.5,9.5,0.16,"Aurobindo Unit III, India",Yes,10877,30167,449.81
11225,107-RW-T01,Pre-PQ Process,SO-1682,DN-580,Rwanda,PMO - US,From RDC,N/A - From RDC,Air,Pre-PQ Process,N/A - From RDC,28-Jan-08,28-Jan-08,28-Jan-08,ARV,Adult,SCMS from RDC,"Stavudine 30mg, capsules, 60 Caps",Stavudine,Generic,30mg,Capsule,60,392,842.8,2.15,0.04,"Aurobindo Unit III, India",Yes,29,1372.38,1.35
11226,109-TZ-T01,Pre-PQ Process,SO-1647,DN-556,Tanzania,PMO - US,From RDC,N/A - From RDC,Air,Pre-PQ Process,N/A - From RDC,6-Feb-08,6-Feb-08,6-Feb-08,ARV,Adult,SCMS from RDC,"Abacavir 300mg, tablets, 60 Tabs",Abacavir,Generic,300mg,Tablet,60,1128,31053.84,27.53,0.46,"Aurobindo Unit III, India",No,See DN-556 (ID#:10662),See DN-556 (ID#:10662),49.69
11227,104-CI-T01,Pre-PQ Process,SO-793,DN-560,Côte d'Ivoire,PMO - US,From RDC,N/A - From RDC,N/A,Pre-PQ Process,N/A - From RDC,21-Jan-08,21-Jan-08,21-Jan-08,HRDT,HIV test,SCMS from RDC,"#108853** HIV, Genie II HIV-1/HIV-2 Kit, 40 Tests","HIV, Genie II HIV-1/HIV-2 Kit",Genie,N/A,Test kit,40,710,53960,76,1.9,Bio-Rad Laboratories,Yes,771,3256,86.34
11228,104-CI-T01,Pre-PQ Process,SO-1111,DN-565,Côte d'Ivoire,PMO - US,From RDC,N/A - From RDC,Air,Pre-PQ Process,N/A - From RDC,29-Jan-08,29-Jan-08,29-Jan-08,ARV,Adult,SCMS from RDC,"Lopinavir/Ritonavir 200/50mg [Aluvia], tablets, 120 Tabs",Lopinavir/Ritonavir,Aluvia,200/50mg,Tablet,120,12107,497597.7,41.1,0.34,ABBVIE Ludwigshafen Germany,Yes,2647,9307,796.16
11230,110-ZM-T01,Pre-PQ Process,SO-1189,DN-483,Zambia,PMO - US,From RDC,N/A - From RDC,Air,Pre-PQ Process,N/A - From RDC,12-Feb-08,12-Feb-08,12-Feb-08,ARV,Adult,SCMS from RDC,"Efavirenz 600mg, tablets, 30 Tabs",Efavirenz,Generic,600mg,Tablet,30,66667,828004.14,12.42,0.41,Mylan (formerly Matrix) Nashik,Yes,5253,18856.33,1324.81
11231,114-UG-T01,Pre-PQ Process,SO-1082,DN-589,Uganda,PMO - US,From RDC,N/A - From RDC,N/A,Pre-PQ Process,N/A - From RDC,28-Feb-08,28-Feb-08,28-Feb-08,ARV,Adult,SCMS from RDC,"Lamivudine/Zidovudine 150/300mg, tablets, 60 Tabs",Lamivudine/Zidovudine,Generic,150/300mg,Tablet - FDC,60,2883,27388.5,9.5,0.16,"Aurobindo Unit III, India",No,See DN-589 (ID#:10670),See DN-589 (ID#:10670),43.82
11232,113-ZW-T01,Pre-PQ Process,SO-1051,DN-708,Zimbabwe,PMO - US,From RDC,N/A - From RDC,Truck,Pre-PQ Process,N/A - From RDC,21-Apr-08,21-Apr-08,21-Apr-08,HRDT,HIV test,SCMS from RDC,"HIV 1/2, Bioline 3.0 Kit, Lancets, Capillary pipets, Alcohol swabs included, 25 Tests","HIV 1/2, Bioline 3.0 Kit, Lancets, Capillary pipets, Alcohol swabs included",Bioline,N/A,Test kit,25,5693,113860,20,0.8,"Standard Diagnostics, Korea",Yes,1740,8008.65,182.18
11233,106-HT-T01,Pre-PQ Process,SO-2058,DN-692,Haiti,PMO - US,From RDC,N/A - From RDC,Air,Pre-PQ Process,N/A - From RDC,3-Apr-08,3-Apr-08,3-Apr-08,ARV,Adult,SCMS from RDC,"Lamivudine/Zidovudine 150/300mg, tablets, 60 Tabs",Lamivudine/Zidovudine,Generic,150/300mg,Tablet - FDC,60,7558,71423.1,9.45,0.16,"Aurobindo Unit III, India",Yes,2166,20578.2,114.28
11234,106-HT-T01,Pre-PQ Process,SO-2046,DN-685,Haiti,PMO - US,From RDC,N/A - From RDC,Air,Pre-PQ Process,N/A - From RDC,31-Mar-08,31-Mar-08,31-Mar-08,ARV,Adult,SCMS from RDC,"Efavirenz 600mg, tablets, 30 Tabs",Efavirenz,Generic,600mg,Tablet,30,19740,237077.4,12.01,0.4,"Aurobindo Unit III, India",Yes,2941,31051.3,379.32
11235,109-TZ-T01,Pre-PQ Process,SO-2560,DN-826,Tanzania,PMO - US,From RDC,N/A - From RDC,Air,Pre-PQ Process,N/A - From RDC,29-Jul-08,29-Jul-08,29-Jul-08,ARV,Adult,SCMS from RDC,"Lamivudine/Zidovudine 150/300mg, tablets, 60 Tabs",Lamivudine/Zidovudine,Generic,150/300mg,Tablet - FDC,60,5809,54895.05,9.45,0.16,"Aurobindo Unit III, India",No,See DN-826 (ID#:10674),See DN-826 (ID#:10674),87.83
11236,102-GY-T01,Pre-PQ Process,SO-1004,DN-617,Guyana,PMO - US,From RDC,N/A - From RDC,N/A,Pre-PQ Process,N/A - From RDC,21-Feb-08,21-Feb-08,21-Feb-08,HRDT,HIV test - Ancillary,SCMS from RDC,"HIV, Lancet, Safety, for HIV Test kits, 100 Pcs","HIV, Lancet, Safety, for HIV Test kits, 100 Pcs",Generic,N/A,Test kit - Ancillary,100,152,1.52,0.01,0,Inverness Japan,Yes,45,798.59,0
11238,111-MZ-T01,Pre-PQ Process,SO-1310,DN-688,Mozambique,PMO - US,From RDC,N/A - From RDC,Air,Pre-PQ Process,N/A - From RDC,30-Jun-08,30-Jun-08,30-Jun-08,ARV,Adult,SCMS from RDC,"Lamivudine/Nevirapine/Stavudine 150/200/30mg, tablets, 60 Tabs",Lamivudine/Nevirapine/Stavudine,Generic,150/200/30mg,Tablet - FDC,60,90955,673067,7.4,0.12,"Cipla, Goa, India",Yes,16579,8654.7,1076.91
11239,112-NG-T01,Pre-PQ Process,SO-2726,DN-800,Nigeria,PMO - US,From RDC,N/A - From RDC,Air,Pre-PQ Process,N/A - From RDC,19-Jun-08,19-Jun-08,19-Jun-08,ARV,Adult,SCMS from RDC,"Lopinavir/Ritonavir 200/50mg [Aluvia], tablets, 120 Tabs",Lopinavir/Ritonavir,Aluvia,200/50mg,Tablet,120,84,3452.4,41.1,0.34,ABBVIE Ludwigshafen Germany,No,See DN-800 (ID#:10953),See DN-800 (ID#:10953),5.52
11240,112-NG-T01,Pre-PQ Process,SO-2726,DN-800,Nigeria,PMO - US,From RDC,N/A - From RDC,Air,Pre-PQ Process,N/A - From RDC,19-Jun-08,19-Jun-08,19-Jun-08,ARV,Adult,SCMS from RDC,"Abacavir 300mg, tablets, 60 Tabs",Abacavir,Generic,300mg,Tablet,60,4,105.2,26.3,0.44,Mylan (formerly Matrix) Nashik,No,See DN-800 (ID#:10953),See DN-800 (ID#:10953),0.17
11241,106-HT-T01,Pre-PQ Process,SO-2053,DN-744,Haiti,PMO - US,From RDC,N/A - From RDC,Air,Pre-PQ Process,N/A - From RDC,2-Jun-08,2-Jun-08,2-Jun-08,ARV,Pediatric,SCMS from RDC,"Nevirapine 10mg/ml, oral suspension, Bottle, 240 ml",Nevirapine,Generic,10mg/ml,Oral suspension,240,2112,4055.04,1.92,0.01,"Aurobindo Unit III, India",No,See DN-744 (ID#:10684),See DN-744 (ID#:10684),6.49
11242,110-ZM-T01,Pre-PQ Process,SO-1891,DN-676,Zambia,PMO - US,From RDC,N/A - From RDC,N/A,Pre-PQ Process,N/A - From RDC,1-Apr-08,1-Apr-08,1-Apr-08,ARV,Adult,SCMS from RDC,"Nevirapine 200mg, tablets, 60 Tabs",Nevirapine,Generic,200mg,Tablet,60,32358,110017.2,3.4,0.06,"Ranbaxy, Paonta Shahib, India",Yes,3146,13332,176.03
11243,112-NG-T01,Pre-PQ Process,SO-11220,DN-833,Nigeria,PMO - US,From RDC,N/A - From RDC,Air,Pre-PQ Process,N/A - From RDC,16-Jul-08,16-Jul-08,16-Jul-08,ARV,Adult,SCMS from RDC,"Lamivudine 150mg, tablets, 60 Tabs",Lamivudine,Generic,150mg,Tablet,60,2100,6090,2.9,0.05,"Aurobindo Unit III, India",Yes,153,1280.91,9.74
11244,123-NG-T01,Pre-PQ Process,SO-2553,DN-836,Nigeria,PMO - US,From RDC,N/A - From RDC,Air,Pre-PQ Process,N/A - From RDC,31-Jul-08,31-Jul-08,31-Jul-08,ARV,Adult,SCMS from RDC,"Lamivudine/Zidovudine 150/300mg, tablets, 60 Tabs",Lamivudine/Zidovudine,Generic,150/300mg,Tablet - FDC,60,14277,134917.65,9.45,0.16,"Aurobindo Unit III, India",Yes,2033,15307.62,215.87
11245,110-ZM-T01,Pre-PQ Process,SO-1880,DN-639,Zambia,PMO - US,From RDC,N/A - From RDC,Truck,Pre-PQ Process,N/A - From RDC,14-Mar-08,14-Mar-08,14-Mar-08,ARV,Adult,SCMS from RDC,"Nevirapine 200mg, tablets, 60 Tabs",Nevirapine,Generic,200mg,Tablet,60,27662,94050.8,3.4,0.06,Hetero Unit III Hyderabad IN,Yes,4128,6539.8,150.48
11246,125-HT-T01,Pre-PQ Process,SO-1291,DN-686,Haiti,PMO - US,From RDC,N/A - From RDC,Air,Pre-PQ Process,N/A - From RDC,3-Apr-08,3-Apr-08,3-Apr-08,HRDT,HIV test,SCMS from RDC,"HIV 1/2, Determine HIV Kit, without Lancets, 100 Tests","HIV 1/2, Determine HIV Kit, without Lancets",Determine,N/A,Test kit,100,10,720,72,0.72,Inverness Japan,No,See DN-686 (ID#:10691),See DN-686 (ID#:10691),1.15
11247,102-KE-T01,Pre-PQ Process,SO-1975,DN-675,Kenya,PMO - US,From RDC,N/A - From RDC,Truck,Pre-PQ Process,N/A - From RDC,5-Mar-08,5-Mar-08,5-Mar-08,HRDT,HIV test,SCMS from RDC,"HIV 1/2, Determine HIV Kit, without Lancets, 100 Tests","HIV 1/2, Determine HIV Kit, without Lancets",Determine,N/A,Test kit,100,1550,123984.5,79.99,0.8,Inverness Japan,Yes,Weight Captured Separately,Invoiced Separately,198.38
11248,110-ZM-T01,Pre-PQ Process,SO-1893,DN-777,Zambia,PMO - US,From RDC,N/A - From RDC,Truck,Pre-PQ Process,N/A - From RDC,19-Jun-08,19-Jun-08,19-Jun-08,ARV,Adult,SCMS from RDC,"Efavirenz 600mg, tablets, 30 Tabs",Efavirenz,Generic,600mg,Tablet,30,50000,600500,12.01,0.4,Mylan (formerly Matrix) Nashik,Yes,3422,5936.99,960.8
11249,117-ET-T01,Pre-PQ Process,SO-1964,DN-659,Ethiopia,PMO - US,From RDC,N/A - From RDC,Air,Pre-PQ Process,N/A - From RDC,12-Mar-08,12-Mar-08,12-Mar-08,ARV,Adult,SCMS from RDC,"Lamivudine 150mg, tablets, 60 Tabs",Lamivudine,Generic,150mg,Tablet,60,14044,42693.76,3.04,0.05,"Ranbaxy, Paonta Shahib, India",Yes,732,2963.8,68.31
11250,104-CI-T01,Pre-PQ Process,SO-2705,DN-786,Côte d'Ivoire,PMO - US,From RDC,N/A - From RDC,Air,Pre-PQ Process,N/A - From RDC,27-Jun-08,27-Jun-08,27-Jun-08,ARV,Pediatric,SCMS from RDC,"Efavirenz 200mg, capsule, 90 Caps",Efavirenz,Generic,200mg,Capsule,90,3885,62160,16,0.18,"Aurobindo Unit III, India",Yes,467,6299.56,99.46
11252,102-KE-T01,Pre-PQ Process,SO-1390,DN-667,Kenya,PMO - US,From RDC,N/A - From RDC,Truck,Pre-PQ Process,N/A - From RDC,26-Mar-08,26-Mar-08,26-Mar-08,HRDT,HIV test,SCMS from RDC,"HIV 1/2, Uni-Gold HIV Kit, 20 Tests","HIV 1/2, Uni-Gold HIV Kit",Uni-Gold,N/A,Test kit,20,1200,38400,32,1.6,"Trinity Biotech, Plc",No,See DN-667 (ID#:10967),See DN-667 (ID#:10967),61.44
11257,111-MZ-T01,Pre-PQ Process,SO-2423,DN-810,Mozambique,PMO - US,From RDC,N/A - From RDC,Truck,Pre-PQ Process,N/A - From RDC,7-Aug-08,7-Aug-08,7-Aug-08,ARV,Adult,SCMS from RDC,"Lamivudine/Nevirapine/Zidovudine 150/200/300mg, tablets, 60 Tabs",Lamivudine/Nevirapine/Zidovudine,Generic,150/300/200mg,Tablet - FDC,60,16610,224235,13.5,0.22,"Cipla, Goa, India",Yes,2298,3733.57,358.78
11258,111-MZ-T01,Pre-PQ Process,SO-1615,DN-698,Mozambique,PMO - US,From RDC,N/A - From RDC,Air,Pre-PQ Process,N/A - From RDC,23-Jun-08,23-Jun-08,23-Jun-08,ARV,Adult,SCMS from RDC,"Zidovudine 300mg, tablets, 60 Tabs",Zidovudine,Generic,300mg,Tablet,60,3060,24939,8.15,0.14,"Aurobindo Unit III, India",No,See DN-698 (ID#:10970),See DN-698 (ID#:10970),39.9
11259,100-ZW-T01,Pre-PQ Process,SO-713,DN-687,Zimbabwe,PMO - US,From RDC,N/A - From RDC,Air,Pre-PQ Process,N/A - From RDC,30-Mar-08,30-Mar-08,30-Mar-08,ARV,Adult,SCMS from RDC,"Efavirenz 600mg, tablets, 30 Tabs",Efavirenz,Generic,600mg,Tablet,30,1233,15313.86,12.42,0.41,Mylan (formerly Matrix) Nashik,No,See DN-687 (ID#:10697),See DN-687 (ID#:10697),24.5
11260,130-NG-T01,Pre-PQ Process,SO-2501,DN-730,Nigeria,PMO - US,From RDC,N/A - From RDC,Air,Pre-PQ Process,N/A - From RDC,26-May-08,26-May-08,26-May-08,ARV,Adult,SCMS from RDC,"Lamivudine/Zidovudine 150/300mg, tablets, 60 Tabs",Lamivudine/Zidovudine,Generic,150/300mg,Tablet - FDC,60,1887,17832.15,9.45,0.16,"Aurobindo Unit III, India",Yes,273,2446.58,28.53
11261,130-NG-T01,Pre-PQ Process,SO-2501,DN-730,Nigeria,PMO - US,From RDC,N/A - From RDC,Air,Pre-PQ Process,N/A - From RDC,26-May-08,26-May-08,26-May-08,ARV,Adult,SCMS from RDC,"Lamivudine/Stavudine 150/30mg, tablets, 30 Tabs",Lamivudine/Stavudine,Generic,150/30mg,Tablet - FDC,30,1566,3132,2,0.07,"Cipla, Goa, India",No,See DN-730 (ID#:11260),See DN-730 (ID#:11260),5.01
11263,117-ET-T01,Pre-PQ Process,SO-1974,DN-703,Ethiopia,PMO - US,From RDC,N/A - From RDC,Air,Pre-PQ Process,N/A - From RDC,21-Apr-08,21-Apr-08,21-Apr-08,ARV,Pediatric,SCMS from RDC,"Zidovudine 10mg/ml, oral solution, Bottle, 240 ml",Zidovudine,Generic,10mg/ml,Oral solution,240,1846,3968.9,2.15,0.01,"Aurobindo Unit III, India",Yes,773,3472.55,6.35
11265,106-HT-T01,Pre-PQ Process,SO-2055,DN-690,Haiti,PMO - US,From RDC,N/A - From RDC,Air,Pre-PQ Process,N/A - From RDC,14-Apr-08,14-Apr-08,14-Apr-08,ARV,Pediatric,SCMS from RDC,"Lamivudine 10mg/ml, oral solution, Bottle, 240 ml",Lamivudine,Generic,10mg/ml,Oral solution,240,4338,8545.86,1.97,0.01,"Aurobindo Unit III, India",No,See DN-690 (ID#:10706),See DN-690 (ID#:10706),13.67
11267,113-ZW-T01,Pre-PQ Process,SO-1873,DN-773,Zimbabwe,PMO - US,From RDC,N/A - From RDC,Air,Pre-PQ Process,N/A - From RDC,17-Jun-08,17-Jun-08,17-Jun-08,HRDT,HIV test,SCMS from RDC,"HIV 1/2, Determine HIV Kit, without Lancets, 100 Tests","HIV 1/2, Determine HIV Kit, without Lancets",Determine,N/A,Test kit,100,550,39594.5,71.99,0.72,Inverness Japan,Yes,161,939.12,63.35
11268,113-ZW-T01,Pre-PQ Process,SO-1053,DN-774,Zimbabwe,PMO - US,From RDC,N/A - From RDC,Truck,Pre-PQ Process,N/A - From RDC,17-Jun-08,17-Jun-08,17-Jun-08,HRDT,HIV test - Ancillary,SCMS from RDC,"HIV, Lancet, Safety, for HIV Test kits, 100 Pcs","HIV, Lancet, Safety, for HIV Test kits, 100 Pcs",Generic,N/A,Test kit - Ancillary,100,1800,18,0.01,0,Inverness Japan,Yes,526,2185.82,0.03
11269,114-UG-T01,Pre-PQ Process,SO-2343,DN-816,Uganda,PMO - US,From RDC,N/A - From RDC,Air,Pre-PQ Process,N/A - From RDC,21-Aug-08,21-Aug-08,21-Aug-08,ARV,Adult,SCMS from RDC,"Lamivudine/Nevirapine/Stavudine 150/200/30mg, tablets, 60 Tabs",Lamivudine/Nevirapine/Stavudine,Generic,150/200/30mg,Tablet - FDC,60,2700,19980,7.4,0.12,"Strides, Bangalore, India.",Yes,199,1476.8,31.97
11270,114-UG-T01,Pre-PQ Process,SO-2344,DN-818,Uganda,PMO - US,From RDC,N/A - From RDC,Air,Pre-PQ Process,N/A - From RDC,21-Aug-08,21-Aug-08,21-Aug-08,ARV,Adult,SCMS from RDC,"Lamivudine/Zidovudine 150/300mg, tablets, 60 Tabs",Lamivudine/Zidovudine,Generic,150/300mg,Tablet - FDC,60,1350,12757.5,9.45,0.16,"Aurobindo Unit III, India",Yes,239,1277.22,20.41
11271,110-ZM-T01,Pre-PQ Process,SO-2549,DN-823,Zambia,PMO - US,From RDC,N/A - From RDC,Truck,Pre-PQ Process,N/A - From RDC,23-Jul-08,23-Jul-08,23-Jul-08,ARV,Adult,SCMS from RDC,"Lamivudine/Nevirapine/Stavudine 150/200/30mg, tablets, 60 Tabs",Lamivudine/Nevirapine/Stavudine,Generic,150/200/30mg,Tablet - FDC,60,60000,432000,7.2,0.12,"Strides, Bangalore, India.",Yes,12606,7053.51,691.2
11273,109-TZ-T01,Pre-PQ Process,SO-13300,DN-903,Tanzania,PMO - US,From RDC,N/A - From RDC,Truck,Pre-PQ Process,N/A - From RDC,26-Sep-08,26-Sep-08,26-Sep-08,ARV,Adult,SCMS from RDC,"Lopinavir/Ritonavir 200/50mg [Aluvia], tablets, 120 Tabs",Lopinavir/Ritonavir,Aluvia,200/50mg,Tablet,120,2580,106038,41.1,0.34,ABBVIE Ludwigshafen Germany,Yes,587,1146.27,169.66
11274,110-ZM-T01,Pre-PQ Process,SO-19410,DN-1028,Zambia,PMO - US,From RDC,N/A - From RDC,Truck,Pre-PQ Process,N/A - From RDC,8-Dec-08,8-Dec-08,8-Dec-08,ARV,Adult,SCMS from RDC,"Zidovudine 300mg, tablets, 60 Tabs",Zidovudine,Generic,300mg,Tablet,60,1294,10546.1,8.15,0.14,"Aurobindo Unit III, India",Yes,76,1062.5,20.67
11275,104-CI-T01,Pre-PQ Process,SO-19320,DN-1030,Côte d'Ivoire,PMO - US,From RDC,N/A - From RDC,Air,Pre-PQ Process,N/A - From RDC,19-Dec-08,19-Dec-08,19-Dec-08,ARV,Adult,SCMS from RDC,"Lamivudine/Zidovudine 150/300mg, tablets, 60 Tabs",Lamivudine/Zidovudine,Generic,150/300mg,Tablet - FDC,60,6786,63449.1,9.35,0.16,"Aurobindo Unit III, India",Yes,620,2739.3,124.36
11276,106-HT-T01,Pre-PQ Process,SO-15940,DN-997,Haiti,PMO - US,From RDC,N/A - From RDC,Air,Pre-PQ Process,N/A - From RDC,17-Nov-08,17-Nov-08,17-Nov-08,ARV,Pediatric,SCMS from RDC,"Zidovudine 10mg/ml, oral solution, Bottle, 240 ml",Zidovudine,Generic,10mg/ml,Oral solution,240,10000,21000,2.1,0.01,"Aurobindo Unit III, India",Yes,3720,43704.8,41.16
11277,104-CI-T01,Pre-PQ Process,SO-11851,DN-1007,Côte d'Ivoire,PMO - US,From RDC,N/A - From RDC,Air,Pre-PQ Process,N/A - From RDC,21-Nov-08,21-Nov-08,21-Nov-08,ARV,Adult,SCMS from RDC,"Efavirenz 600mg, tablets, 30 Tabs",Efavirenz,Generic,600mg,Tablet,30,2410,28245.2,11.72,0.39,Mylan (formerly Matrix) Nashik,Yes,182,1409.26,55.36
11278,123-NG-T01,Pre-PQ Process,SO-17680,DN-1010,Nigeria,PMO - US,From RDC,N/A - From RDC,Air,Pre-PQ Process,N/A - From RDC,26-Nov-08,26-Nov-08,26-Nov-08,ARV,Adult,SCMS from RDC,"Lamivudine/Zidovudine 150/300mg, tablets, 60 Tabs",Lamivudine/Zidovudine,Generic,150/300mg,Tablet - FDC,60,11569,109327.05,9.45,0.16,"Aurobindo Unit III, India",Yes,1072,8504.72,214.28
11280,100-PK-T01,Pre-PQ Process,SO-14930,DN-1004,Pakistan,PMO - US,From RDC,N/A - From RDC,Air,Pre-PQ Process,N/A - From RDC,17-Nov-08,17-Nov-08,17-Nov-08,HRDT,HIV test,SCMS from RDC,"HIV 1/2, Uni-Gold HIV Kit, 20 Tests","HIV 1/2, Uni-Gold HIV Kit",Uni-Gold,N/A,Test kit,20,25,800,32,1.6,"Trinity Biotech, Plc",Yes,19,851.24,1.57
11281,110-ZM-T01,Pre-PQ Process,SO-17621,DN-1111,Zambia,PMO - US,From RDC,N/A - From RDC,Air,Pre-PQ Process,N/A - From RDC,2-Mar-09,2-Mar-09,2-Mar-09,ARV,Adult,SCMS from RDC,"Zidovudine 300mg, tablets, 60 Tabs",Zidovudine,Generic,300mg,Tablet,60,10000,79000,7.9,0.13,"Aurobindo Unit III, India",Yes,581,3238,154.84
11282,112-NG-T01,Pre-PQ Process,SO-19430,DN-1063,Nigeria,PMO - US,From RDC,N/A - From RDC,Air,Pre-PQ Process,N/A - From RDC,9-Feb-09,9-Feb-09,9-Feb-09,ARV,Adult,SCMS from RDC,"Abacavir 300mg, tablets, 60 Tabs",Abacavir,Generic,300mg,Tablet,60,4,105.2,26.3,0.44,"Aurobindo Unit III, India",Yes,1,165,0.21
11283,131-NG-T01,Pre-PQ Process,SO-10820,DN-897,Nigeria,PMO - US,From RDC,N/A - From RDC,Air,Pre-PQ Process,N/A - From RDC,10-Sep-08,10-Sep-08,10-Sep-08,ARV,Adult,SCMS from RDC,"Efavirenz 600mg, tablets, 30 Tabs",Efavirenz,Generic,600mg,Tablet,30,12000,140640,11.72,0.39,"Aurobindo Unit III, India",No,See DN-897 (ID#:10722),See DN-897 (ID#:10722),225.02
11284,113-ZW-T01,Pre-PQ Process,SO-2503,DN-900,Zimbabwe,PMO - US,From RDC,N/A - From RDC,Truck,Pre-PQ Process,N/A - From RDC,12-Sep-08,12-Sep-08,12-Sep-08,ARV,Adult,SCMS from RDC,"Efavirenz 600mg, tablets, 30 Tabs",Efavirenz,Generic,600mg,Tablet,30,4000,48040,12.01,0.4,"Aurobindo Unit III, India",Yes,8481,30585.17,76.86
11286,113-ZW-T01,Pre-PQ Process,SO-11210,DN-857,Zimbabwe,PMO - US,From RDC,N/A - From RDC,Truck,Pre-PQ Process,N/A - From RDC,26-Jul-08,26-Jul-08,26-Jul-08,ARV,Adult,SCMS from RDC,"Efavirenz 600mg, tablets, 30 Tabs",Efavirenz,Generic,600mg,Tablet,30,4000,48040,12.01,0.4,"Aurobindo Unit III, India",Yes,342,1648.64,76.86
11289,114-UG-T01,Pre-PQ Process,SO-17430,DN-968,Uganda,PMO - US,From RDC,N/A - From RDC,Air,Pre-PQ Process,N/A - From RDC,9-Dec-08,9-Dec-08,9-Dec-08,ARV,Adult,SCMS from RDC,"Lopinavir/Ritonavir 200/50mg [Aluvia], tablets, 120 Tabs",Lopinavir/Ritonavir,Aluvia,200/50mg,Tablet,120,60,2466,41.1,0.34,ABBVIE Ludwigshafen Germany,Yes,547,2437.63,4.83
11290,104-CI-T01,Pre-PQ Process,SO-1690,DN-928,Côte d'Ivoire,PMO - US,From RDC,N/A - From RDC,Air,Pre-PQ Process,N/A - From RDC,7-Oct-08,7-Oct-08,7-Oct-08,ARV,Adult,SCMS from RDC,"Tenofovir Disoproxil Fumarate 300mg, tablets, 30 Tabs",Tenofovir Disoproxil Fumarate,Generic,300mg,Tablet,30,5547,94299,17,0.57,Mylan (formerly Matrix) Nashik,Yes,333,1793.11,150.88
11291,114-UG-T01,Pre-PQ Process,SO-17830,DN-990,Uganda,PMO - US,From RDC,N/A - From RDC,Air,Pre-PQ Process,N/A - From RDC,9-Dec-08,9-Dec-08,9-Dec-08,ARV,Adult,SCMS from RDC,"Lamivudine/Zidovudine 150/300mg, tablets, 60 Tabs",Lamivudine/Zidovudine,Generic,150/300mg,Tablet - FDC,60,1144,10696.4,9.35,0.16,"Aurobindo Unit III, India",No,See DN-990 (ID#:11001),See DN-990 (ID#:11001),20.96
11292,117-ET-T01,Pre-PQ Process,SO-22020,DN-1052,Ethiopia,PMO - US,From RDC,N/A - From RDC,Air,Pre-PQ Process,N/A - From RDC,3-Mar-09,3-Mar-09,3-Mar-09,ARV,Adult,SCMS from RDC,"Lamivudine/Stavudine 150/30mg, tablets, 60 Tabs",Lamivudine/Stavudine,Generic,150/30mg,Tablet - FDC,60,1044,3967.2,3.8,0.06,Mylan (formerly Matrix) Nashik,No,See DN-1052 (ID#:10737),See DN-1052 (ID#:10737),7.78
11293,109-TZ-T01,Pre-PQ Process,SO-18710,DN-1073,Tanzania,PMO - US,From RDC,N/A - From RDC,Truck,Pre-PQ Process,N/A - From RDC,6-Mar-09,6-Mar-09,6-Mar-09,ARV,Pediatric,SCMS from RDC,"Abacavir 20mg/ml, oral solution, Bottle, 240 ml",Abacavir,Generic,20mg/ml,Oral solution,240,4439,71689.85,16.15,0.07,"Aurobindo Unit III, India",Yes,1592,6708.25,140.51
11294,106-HT-T01,Pre-PQ Process,SO-23750,DN-1100,Haiti,PMO - US,From RDC,N/A - From RDC,Air,Pre-PQ Process,N/A - From RDC,3-Mar-09,3-Mar-09,3-Mar-09,ARV,Pediatric,SCMS from RDC,"Efavirenz 200mg, capsule, 90 Caps",Efavirenz,Generic,200mg,Capsule,90,210,3204.6,15.26,0.17,"Aurobindo Unit III, India",No,See DN-1100 (ID#:11005),See DN-1100 (ID#:11005),6.28
11295,114-UG-T01,Pre-PQ Process,SO-17753,DN-1084,Uganda,PMO - US,From RDC,N/A - From RDC,Air,Pre-PQ Process,N/A - From RDC,5-Mar-09,5-Mar-09,5-Mar-09,ARV,Adult,SCMS from RDC,"Emtricitabine/Tenofovir Disoproxil Fumarate 200/300mg [Truvada], tablets, 30 Tabs",Emtricitabine/Tenofovir Disoproxil Fumarate,Truvada,300/200mg,Tablet - FDC,30,382,10027.5,26.25,0.88,"Aspen-OSD, Port Elizabeth, SA",Yes,177,2151.27,19.65
11298,114-UG-T01,Pre-PQ Process,SO-17754,DN-1125,Uganda,PMO - US,From RDC,N/A - From RDC,Air,Pre-PQ Process,N/A - From RDC,8-Apr-09,8-Apr-09,8-Apr-09,ARV,Adult,SCMS from RDC,"Emtricitabine/Tenofovir Disoproxil Fumarate 200/300mg [Truvada], tablets, 30 Tabs",Emtricitabine/Tenofovir Disoproxil Fumarate,Truvada,300/200mg,Tablet - FDC,30,3014,79117.5,26.25,0.88,"Aspen-OSD, Port Elizabeth, SA",Yes,291,1755,155.07
11299,106-HT-T01,Pre-PQ Process,SO-15930,DN-944,Haiti,PMO - US,From RDC,N/A - From RDC,Air,Pre-PQ Process,N/A - From RDC,4-Nov-08,4-Nov-08,4-Nov-08,ARV,Pediatric,SCMS from RDC,"Lamivudine 10mg/ml, oral solution, Bottle, 240 ml",Lamivudine,Generic,10mg/ml,Oral solution,240,14405,27369.5,1.9,0.01,"Aurobindo Unit III, India",No,See DN-944 (ID#:11012),See DN-944 (ID#:11012),53.64
11300,123-NG-T01,Pre-PQ Process,SO-19060,DN-1058,Nigeria,PMO - US,From RDC,N/A - From RDC,Air,Pre-PQ Process,N/A - From RDC,19-Jan-09,19-Jan-09,19-Jan-09,ARV,Adult,SCMS from RDC,"Lamivudine/Zidovudine 150/300mg, tablets, 60 Tabs",Lamivudine/Zidovudine,Generic,150/300mg,Tablet - FDC,60,45000,420750,9.35,0.16,"Aurobindo Unit III, India",No,See DN-1058 (ID#:11015),See DN-1058 (ID#:11015),824.67
11301,102-KE-T01,Pre-PQ Process,SO-18000,DN-1103,Kenya,PMO - US,From RDC,N/A - From RDC,Truck,Pre-PQ Process,N/A - From RDC,11-Feb-09,11-Feb-09,11-Feb-09,HRDT,HIV test,SCMS from RDC,"HIV 1/2, Uni-Gold HIV Kit, 20 Tests","HIV 1/2, Uni-Gold HIV Kit",Uni-Gold,N/A,Test kit,20,750,24000,32,1.6,"Trinity Biotech, Plc",Yes,241,188,47.04
11302,114-UG-T01,Pre-PQ Process,SO-17710,DN-996,Uganda,PMO - US,From RDC,N/A - From RDC,Air,Pre-PQ Process,N/A - From RDC,27-Nov-08,27-Nov-08,27-Nov-08,ARV,Adult,SCMS from RDC,"Lamivudine/Zidovudine 150/300mg, tablets, 60 Tabs",Lamivudine/Zidovudine,Generic,150/300mg,Tablet - FDC,60,5377,50274.95,9.35,0.16,"Aurobindo Unit III, India",Yes,501,3266.38,98.54
11303,117-ET-T01,Pre-PQ Process,SO-22050,DN-1105,Ethiopia,PMO - US,From RDC,N/A - From RDC,Air,Pre-PQ Process,N/A - From RDC,20-Mar-09,20-Mar-09,20-Mar-09,ARV,Adult,SCMS from RDC,"Lamivudine/Nevirapine/Zidovudine 150/200/300mg, tablets, 60 Tabs",Lamivudine/Nevirapine/Zidovudine,Generic,150/300/200mg,Tablet - FDC,60,11188,132018.4,11.8,0.2,Mylan (formerly Matrix) Nashik,Yes,1435,9138,258.76
11304,111-MZ-T01,Pre-PQ Process,SO-11070,DN-931,Mozambique,PMO - US,From RDC,N/A - From RDC,Truck,Pre-PQ Process,N/A - From RDC,14-Nov-08,14-Nov-08,14-Nov-08,ARV,Adult,SCMS from RDC,"Lamivudine/Nevirapine/Stavudine 150/200/30mg, tablets, 60 Tabs",Lamivudine/Nevirapine/Stavudine,Generic,150/200/30mg,Tablet - FDC,60,125009,900064.8,7.2,0.12,"Strides, Bangalore, India.",Yes,7910,1012.43,1440.1
11305,130-NG-T01,Pre-PQ Process,SO-10600,DN-918,Nigeria,PMO - US,From RDC,N/A - From RDC,Air,Pre-PQ Process,N/A - From RDC,2-Oct-08,2-Oct-08,2-Oct-08,ARV,Adult,SCMS from RDC,"Lamivudine/Stavudine 150/30mg, tablets, 60 Tabs",Lamivudine/Stavudine,Generic,150/30mg,Tablet - FDC,60,969,3779.1,3.9,0.06,Mylan (formerly Matrix) Nashik,Yes,71,1181.41,6.05
11306,112-NG-T01,Pre-PQ Process,SO-13470,DN-1079,Nigeria,PMO - US,From RDC,N/A - From RDC,Air,Pre-PQ Process,N/A - From RDC,16-Feb-09,16-Feb-09,16-Feb-09,ARV,Adult,SCMS from RDC,"Efavirenz 600mg, tablets, 30 Tabs",Efavirenz,Generic,600mg,Tablet,30,2063,24178.36,11.72,0.39,"Aurobindo Unit III, India",Yes,176,3680.33,47.39
11307,104-CI-T01,Pre-PQ Process,SO-16181,DN-1019,Côte d'Ivoire,PMO - US,From RDC,N/A - From RDC,Air,Pre-PQ Process,N/A - From RDC,27-Nov-08,27-Nov-08,27-Nov-08,ARV,Pediatric,SCMS from RDC,"Zidovudine 10mg/ml, oral solution, Bottle, 240 ml",Zidovudine,Generic,10mg/ml,Oral solution,240,5800,12180,2.1,0.01,"Aurobindo Unit III, India",Yes,2177,5127.91,23.87
11309,114-UG-T01,Pre-PQ Process,SO-2676,DN-915,Uganda,PMO - US,From RDC,N/A - From RDC,Air,Pre-PQ Process,N/A - From RDC,8-Oct-08,8-Oct-08,8-Oct-08,ARV,Adult,SCMS from RDC,"Lopinavir/Ritonavir 200/50mg [Aluvia], tablets, 120 Tabs",Lopinavir/Ritonavir,Aluvia,200/50mg,Tablet,120,80,3288,41.1,0.34,ABBVIE Ludwigshafen Germany,Yes,18,418.75,5.26
11310,107-RW-T01,Pre-PQ Process,SO-27280,DN-1167,Rwanda,PMO - US,From RDC,N/A - From RDC,Air,Pre-PQ Process,N/A - From RDC,9-Apr-09,9-Apr-09,9-Apr-09,ARV,Adult,SCMS from RDC,"Lamivudine 150mg, tablets, 60 Tabs",Lamivudine,Generic,150mg,Tablet,60,6385,15579.4,2.44,0.04,"Aurobindo Unit III, India",Yes,327,1762.5,30.54
11312,127-KE-T01,Pre-PQ Process,SO-29010,DN-1193,Kenya,PMO - US,From RDC,N/A - From RDC,Truck,Pre-PQ Process,N/A - From RDC,23-Apr-09,23-Apr-09,23-Apr-09,ARV,Pediatric,SCMS from RDC,"Efavirenz 30mg/ml [Stocrin/Sustiva], oral solution, Bottle, 180 ml",Efavirenz,Stocrin/Sustiva,30mg/ml,Oral solution,180,3930,39.3,0.01,0,"MSD, Haarlem, NL",Yes,Weight Captured Separately,Invoiced Separately,0.08
11313,151-NG-T01,Pre-PQ Process,SO-22526,DN-1201,Nigeria,PMO - US,From RDC,N/A - From RDC,Air Charter,Pre-PQ Process,N/A - From RDC,8-May-09,8-May-09,8-May-09,ARV,Adult,SCMS from RDC,"Lamivudine/Nevirapine/Zidovudine 150/200/300mg, tablets, 60 Tabs",Lamivudine/Nevirapine/Zidovudine,Generic,150/300/200mg,Tablet - FDC,60,53671,611849.4,11.4,0.19,"Aurobindo Unit III, India",Yes,6024,15128.37,1199.22
11314,106-HT-T01,Pre-PQ Process,SO-24830,DN-1205,Haiti,PMO - US,From RDC,N/A - From RDC,Air,Pre-PQ Process,N/A - From RDC,19-May-09,19-May-09,19-May-09,ARV,Pediatric,SCMS from RDC,"Efavirenz 200mg, capsule, 90 Caps",Efavirenz,Generic,200mg,Capsule,90,420,6409.2,15.26,0.17,"Aurobindo Unit III, India",Yes,199,3133.23,12.56
11315,151-NG-T01,Pre-PQ Process,SO-22528,DN-1210,Nigeria,PMO - US,From RDC,N/A - From RDC,Air,Pre-PQ Process,N/A - From RDC,14-May-09,14-May-09,14-May-09,ARV,Adult,SCMS from RDC,"Lamivudine/Nevirapine/Zidovudine 150/200/300mg, tablets, 60 Tabs",Lamivudine/Nevirapine/Zidovudine,Generic,150/300/200mg,Tablet - FDC,60,16698,190357.2,11.4,0.19,"Aurobindo Unit III, India",Yes,1901,18638.84,373.1
11316,151-NG-T01,Pre-PQ Process,SO-22529,DN-1211,Nigeria,PMO - US,From RDC,N/A - From RDC,Air,Pre-PQ Process,N/A - From RDC,14-May-09,14-May-09,14-May-09,ARV,Adult,SCMS from RDC,"Lamivudine/Nevirapine/Zidovudine 150/200/300mg, tablets, 60 Tabs",Lamivudine/Nevirapine/Zidovudine,Generic,150/300/200mg,Tablet - FDC,60,9483,108106.2,11.4,0.19,"Aurobindo Unit III, India",Yes,1079,10823.52,211.89
11317,114-UG-T01,Pre-PQ Process,SO-26140,DN-1222,Uganda,PMO - US,From RDC,N/A - From RDC,Air,Pre-PQ Process,N/A - From RDC,24-Jun-09,24-Jun-09,24-Jun-09,ARV,Adult,SCMS from RDC,"Efavirenz 600mg, tablets, 30 Tabs",Efavirenz,Generic,600mg,Tablet,30,867,8427.24,9.72,0.32,Mylan (formerly Matrix) Nashik,Yes,76,1954.23,16.52
11318,111-MZ-T01,Pre-PQ Process,SO-30440,DN-1231,Mozambique,PMO - US,From RDC,N/A - From RDC,Truck,Pre-PQ Process,N/A - From RDC,28-Jun-09,28-Jun-09,28-Jun-09,ARV,Adult,SCMS from RDC,"Efavirenz 600mg, tablets, 30 Tabs",Efavirenz,Generic,600mg,Tablet,30,19400,188568,9.72,0.32,Mylan (formerly Matrix) Nashik,No,See DN-1231 (ID#:11044),See DN-1231 (ID#:11044),369.59
11319,114-UG-T01,Pre-PQ Process,SO-30100,DN-1232,Uganda,PMO - US,From RDC,N/A - From RDC,Air,Pre-PQ Process,N/A - From RDC,1-Jun-09,1-Jun-09,1-Jun-09,ARV,Adult,SCMS from RDC,"Emtricitabine/Tenofovir Disoproxil Fumarate 200/300mg [Truvada], tablets, 30 Tabs",Emtricitabine/Tenofovir Disoproxil Fumarate,Truvada,300/200mg,Tablet - FDC,30,90,2362.5,26.25,0.88,"Aspen-OSD, Port Elizabeth, SA",No,See DN-1232 (ID#:10766),See DN-1232 (ID#:10766),4.63
11320,111-MZ-T01,Pre-PQ Process,SO-30140,DN-1233,Mozambique,PMO - US,From RDC,N/A - From RDC,Air,Pre-PQ Process,N/A - From RDC,16-Jun-09,16-Jun-09,16-Jun-09,ARV,Adult,SCMS from RDC,"Lamivudine/Nevirapine/Zidovudine 150/200/300mg, tablets, 60 Tabs",Lamivudine/Nevirapine/Zidovudine,Generic,150/300/200mg,Tablet - FDC,60,7044,83119.2,11.8,0.2,Mylan (formerly Matrix) Nashik,Yes,Weight Captured Separately,Invoiced Separately,162.91
11321,100-GH-T01,Pre-PQ Process,SO-30700,DN-1235,Ghana,PMO - US,From RDC,N/A - From RDC,Truck,Date Not Captured,N/A - From RDC,12-Aug-09,12-Aug-09,12-Aug-09,ARV,Pediatric,SCMS from RDC,"Didanosine 100mg, chewable/dispersible tablets, 60 Tabs",Didanosine,Generic,100mg,Chewable/dispersible tablet,60,888,8.88,0.01,0,"Aurobindo Unit III, India",No,See DN-1235 (ID#:10769),See DN-1235 (ID#:10769),0.02
11322,110-ZM-T01,Pre-PQ Process,SO-30920,DN-1241,Zambia,PMO - US,From RDC,N/A - From RDC,Truck,Pre-PQ Process,N/A - From RDC,10-Jun-09,10-Jun-09,10-Jun-09,ARV,Adult,SCMS from RDC,"Efavirenz 600mg, tablets, 30 Tabs",Efavirenz,Generic,600mg,Tablet,30,107180,857440,8,0.27,Mylan (formerly Matrix) Nashik,Yes,7995,Freight Included in Commodity Cost,1680.58
11326,110-ZM-T01,Pre-PQ Process,SO-30300,DN-1250,Zambia,PMO - US,From RDC,N/A - From RDC,Truck,Pre-PQ Process,N/A - From RDC,15-Jun-09,15-Jun-09,15-Jun-09,ARV,Adult,SCMS from RDC,"Abacavir 300mg, tablets, 60 Tabs",Abacavir,Generic,300mg,Tablet,60,4594,116917.3,25.45,0.42,Mylan (formerly Matrix) Nashik,No,See DN-1250 (ID#:10774),See DN-1250 (ID#:10774),229.16
11327,110-ZM-T01,Pre-PQ Process,SO-30300,DN-1250,Zambia,PMO - US,From RDC,N/A - From RDC,Truck,Pre-PQ Process,N/A - From RDC,15-Jun-09,15-Jun-09,15-Jun-09,ARV,Adult,SCMS from RDC,"Lamivudine/Nevirapine/Stavudine 150/200/30mg, tablets, 60 Tabs",Lamivudine/Nevirapine/Stavudine,Generic,150/200/30mg,Tablet - FDC,60,95000,676400,7.12,0.12,"Cipla, Goa, India",No,See DN-1250 (ID#:10774),See DN-1250 (ID#:10774),1325.74
11331,126-NG-T01,Pre-PQ Process,SO-26270,DN-1277,Nigeria,PMO - US,From RDC,N/A - From RDC,Air Charter,Pre-PQ Process,N/A - From RDC,16-Jun-09,16-Jun-09,16-Jun-09,ARV,Adult,SCMS from RDC,"Lamivudine/Tenofovir Disoproxil Fumarate 300/300mg, tablets, 30 Tabs",Lamivudine/Tenofovir Disoproxil Fumarate,Generic,300/300mg,Tablet - FDC,30,11000,126500,11.5,0.38,Mylan (formerly Matrix) Nashik,Yes,966,7329.83,247.94
11332,113-ZW-T01,Pre-PQ Process,SO-21010,DN-1289,Zimbabwe,PMO - US,From RDC,N/A - From RDC,Truck,Pre-PQ Process,N/A - From RDC,22-Jun-09,22-Jun-09,22-Jun-09,ARV,Adult,SCMS from RDC,"Lamivudine/Nevirapine/Stavudine 150/200/30mg, tablets, 60 Tabs",Lamivudine/Nevirapine/Stavudine,Generic,150/200/30mg,Tablet - FDC,60,76000,541120,7.12,0.12,"Cipla, Goa, India",Yes,8955,14958.2,1060.6
11333,123-NG-T01,Pre-PQ Process,SO-24483,DN-1295,Nigeria,PMO - US,From RDC,N/A - From RDC,Air Charter,Pre-PQ Process,N/A - From RDC,16-Jun-09,16-Jun-09,16-Jun-09,ARV,Adult,SCMS from RDC,"Lamivudine/Nevirapine/Stavudine 150/200/30mg, tablets, 60 Tabs",Lamivudine/Nevirapine/Stavudine,Generic,150/200/30mg,Tablet - FDC,60,40000,284800,7.12,0.12,"Strides, Bangalore, India.",Yes,2970,7329.83,558.21
11336,104-CI-T01,Pre-PQ Process,SO-27540,DN-1315,Côte d'Ivoire,PMO - US,From RDC,N/A - From RDC,Air,Date Not Captured,N/A - From RDC,14-Jul-09,14-Jul-09,14-Jul-09,ARV,Adult,SCMS from RDC,"Tenofovir Disoproxil Fumarate 300mg, tablets, 30 Tabs",Tenofovir Disoproxil Fumarate,Generic,300mg,Tablet,30,6000,79680,13.28,0.44,Mylan (formerly Matrix) Nashik,No,See DN-1315 (ID#:10781),See DN-1315 (ID#:10781),156.17
11337,119-NA-T01,Pre-PQ Process,SO-30450,DN-1316,Namibia,PMO - US,From RDC,N/A - From RDC,Truck,Date Not Captured,N/A - From RDC,16-Jul-09,16-Jul-09,16-Jul-09,ARV,Adult,SCMS from RDC,"Lamivudine/Tenofovir Disoproxil Fumarate 300/300mg, tablets, 30 Tabs",Lamivudine/Tenofovir Disoproxil Fumarate,Generic,300/300mg,Tablet - FDC,30,25000,250000,10,0.33,Mylan (formerly Matrix) Nashik,Yes,2068,8502.12,490
11338,104-CI-T01,Pre-PQ Process,SO-32250,DN-1335,Côte d'Ivoire,PMO - US,From RDC,N/A - From RDC,Air,Date Not Captured,N/A - From RDC,16-Jul-09,16-Jul-09,16-Jul-09,ARV,Adult,SCMS from RDC,"Lamivudine/Stavudine 150/30mg, tablets, 60 Tabs",Lamivudine/Stavudine,Generic,150/30mg,Tablet - FDC,60,9560,36328,3.8,0.06,Mylan (formerly Matrix) Nashik,Yes,722,2787.55,71.2
11339,104-CI-T01,Pre-PQ Process,SO-32250,DN-1335,Côte d'Ivoire,PMO - US,From RDC,N/A - From RDC,Air,Date Not Captured,N/A - From RDC,16-Jul-09,16-Jul-09,16-Jul-09,ARV,Adult,SCMS from RDC,"Stavudine 15mg, capsules, 60 Caps",Stavudine,Generic,15mg,Capsule,60,296,444,1.5,0.02,"Aurobindo Unit III, India",No,See DN-1335 (ID#:11338),See DN-1335 (ID#:11338),0.87
11340,151-NG-T01,Pre-PQ Process,SO-32641,DN-1343,Nigeria,PMO - US,From RDC,N/A - From RDC,Air Charter,Date Not Captured,N/A - From RDC,4-Aug-09,4-Aug-09,4-Aug-09,ARV,Adult,SCMS from RDC,"Lamivudine/Nevirapine/Zidovudine 150/200/300mg, tablets, 60 Tabs",Lamivudine/Nevirapine/Zidovudine,Generic,150/300/200mg,Tablet - FDC,60,26550,302670,11.4,0.19,"Aurobindo Unit III, India",Yes,2991,7445.8,593.23
11341,151-NG-T01,Pre-PQ Process,SO-32643,DN-1345,Nigeria,PMO - US,From RDC,N/A - From RDC,Air Charter,Date Not Captured,N/A - From RDC,4-Aug-09,4-Aug-09,4-Aug-09,ARV,Adult,SCMS from RDC,"Lamivudine/Nevirapine/Zidovudine 150/200/300mg, tablets, 60 Tabs",Lamivudine/Nevirapine/Zidovudine,Generic,150/300/200mg,Tablet - FDC,60,41948,478207.2,11.4,0.19,"Aurobindo Unit III, India",Yes,4724,7445.8,937.29
11342,151-NG-T01,Pre-PQ Process,SO-27812,DN-1347,Nigeria,PMO - US,From RDC,N/A - From RDC,Air Charter,Date Not Captured,N/A - From RDC,4-Aug-09,4-Aug-09,4-Aug-09,ARV,Adult,SCMS from RDC,"Emtricitabine/Tenofovir Disoproxil Fumarate 200/300mg [Truvada], tablets, 30 Tabs",Emtricitabine/Tenofovir Disoproxil Fumarate,Truvada,300/200mg,Tablet - FDC,30,240,6300,26.25,0.88,"Aspen-OSD, Port Elizabeth, SA",Yes,21,7445.8,12.35
11343,151-NG-T01,Pre-PQ Process,SO-27813,DN-1348,Nigeria,PMO - US,From RDC,N/A - From RDC,Air Charter,Date Not Captured,N/A - From RDC,4-Aug-09,4-Aug-09,4-Aug-09,ARV,Adult,SCMS from RDC,"Emtricitabine/Tenofovir Disoproxil Fumarate 200/300mg [Truvada], tablets, 30 Tabs",Emtricitabine/Tenofovir Disoproxil Fumarate,Truvada,300/200mg,Tablet - FDC,30,662,17377.5,26.25,0.88,"Aspen-OSD, Port Elizabeth, SA",Yes,58,7445.8,34.06
11344,104-CI-T01,Pre-PQ Process,SO-27532,DN-1354,Côte d'Ivoire,PMO - US,From RDC,N/A - From RDC,Air,Date Not Captured,N/A - From RDC,11-Aug-09,11-Aug-09,11-Aug-09,ARV,Adult,SCMS from RDC,"Efavirenz 600mg, tablets, 30 Tabs",Efavirenz,Generic,600mg,Tablet,30,5010,48697.2,9.72,0.32,"Aurobindo Unit III, India",Yes,434,1854.88,95.45
11345,104-CI-T01,Pre-PQ Process,SO-32230,DN-1359,Côte d'Ivoire,PMO - US,From RDC,N/A - From RDC,Air,Date Not Captured,N/A - From RDC,8-Sep-09,8-Sep-09,8-Sep-09,ARV,Adult,SCMS from RDC,"Zidovudine 300mg, tablets, 60 Tabs",Zidovudine,Generic,300mg,Tablet,60,8000,60240,7.53,0.13,Hetero Unit III Hyderabad IN,Yes,452,Freight Included in Commodity Cost,118.07
11346,151-NG-T01,Pre-PQ Process,SO-27817,DN-1367,Nigeria,PMO - US,From RDC,N/A - From RDC,Air Charter,Date Not Captured,N/A - From RDC,4-Aug-09,4-Aug-09,4-Aug-09,ARV,Adult,SCMS from RDC,"Emtricitabine/Tenofovir Disoproxil Fumarate 200/300mg [Truvada], tablets, 30 Tabs",Emtricitabine/Tenofovir Disoproxil Fumarate,Truvada,300/200mg,Tablet - FDC,30,8462,222127.5,26.25,0.88,"Aspen-OSD, Port Elizabeth, SA",Yes,1225,7445.71,435.37
11348,111-MZ-T01,Pre-PQ Process,SO-26423,DN-1379,Mozambique,PMO - US,From RDC,N/A - From RDC,Truck,Date Not Captured,N/A - From RDC,27-Aug-09,17-Sep-09,17-Sep-09,ARV,Adult,SCMS from RDC,"Lamivudine 150mg, tablets, 60 Tabs",Lamivudine,Generic,150mg,Tablet,60,374,912.56,2.44,0.04,"Aurobindo Unit III, India",Yes,18,1799.88,1.79
11350,111-MZ-T01,Pre-PQ Process,SO-32560,DN-1395,Mozambique,PMO - US,From RDC,N/A - From RDC,Truck,Date Not Captured,N/A - From RDC,7-Oct-09,7-Oct-09,7-Oct-09,ARV,Adult,SCMS from RDC,"Efavirenz 600mg, tablets, 30 Tabs",Efavirenz,Generic,600mg,Tablet,30,8438,82017.36,9.72,0.32,"Aurobindo Unit III, India",Yes,1404,1588.05,160.75
11351,111-MZ-T01,Pre-PQ Process,SO-32560,DN-1395,Mozambique,PMO - US,From RDC,N/A - From RDC,Truck,Date Not Captured,N/A - From RDC,7-Oct-09,7-Oct-09,7-Oct-09,ARV,Adult,SCMS from RDC,"Efavirenz 600mg, tablets, 30 Tabs",Efavirenz,Generic,600mg,Tablet,30,8662,84194.64,9.72,0.32,Mylan (formerly Matrix) Nashik,No,See DN-1395 (ID#:11350),See DN-1395 (ID#:11350),165.02
11352,113-ZW-T01,Pre-PQ Process,SO-21020,DN-1411,Zimbabwe,PMO - US,From RDC,N/A - From RDC,Truck,Date Not Captured,N/A - From RDC,22-Sep-09,22-Sep-09,22-Sep-09,ARV,Adult,SCMS from RDC,"Efavirenz 600mg, tablets, 30 Tabs",Efavirenz,Generic,600mg,Tablet,30,4000,42480,10.62,0.35,"Aurobindo Unit III, India",Yes,9020,14958.2,83.26
11353,151-NG-T01,Pre-PQ Process,SO-33334,DN-1438,Nigeria,PMO - US,From RDC,N/A - From RDC,Air Charter,Date Not Captured,N/A - From RDC,20-Oct-09,20-Oct-09,20-Oct-09,ARV,Adult,SCMS from RDC,"Lamivudine/Nevirapine/Zidovudine 150/200/300mg, tablets, 60 Tabs",Lamivudine/Nevirapine/Zidovudine,Generic,150/300/200mg,Tablet - FDC,60,60930,694602,11.4,0.19,"Aurobindo Unit III, India",Yes,6862,9341.49,1361.42
11354,151-NG-T01,Pre-PQ Process,SO-27822,DN-1441,Nigeria,PMO - US,From RDC,N/A - From RDC,Air Charter,Date Not Captured,N/A - From RDC,20-Oct-09,20-Oct-09,20-Oct-09,ARV,Adult,SCMS from RDC,"Emtricitabine/Tenofovir Disoproxil Fumarate 200/300mg, tablets, 30 Tabs",Emtricitabine/Tenofovir Disoproxil Fumarate,Generic,200/300mg,Tablet - FDC,30,25000,293750,11.75,0.39,Mylan (formerly Matrix) Nashik,Yes,2023,9341.49,575.75
11356,110-ZM-T01,Pre-PQ Process,SO-33022,DN-1463,Zambia,PMO - US,From RDC,N/A - From RDC,Truck,Date Not Captured,N/A - From RDC,13-Oct-09,13-Oct-09,13-Oct-09,ARV,Adult,SCMS from RDC,"Lamivudine/Zidovudine 150/300mg, tablets, 60 Tabs",Lamivudine/Zidovudine,Generic,150/300mg,Tablet - FDC,60,40000,350400,8.76,0.15,"Aurobindo Unit III, India",Yes,3626,4997.47,686.78
11357,106-HT-T01,Pre-PQ Process,SO-32720,DN-1466,Haiti,PMO - US,From RDC,N/A - From RDC,Air,Date Not Captured,N/A - From RDC,21-Oct-09,21-Oct-09,21-Oct-09,ARV,Adult,SCMS from RDC,"Lamivudine/Zidovudine 150/300mg, tablets, 60 Tabs",Lamivudine/Zidovudine,Generic,150/300mg,Tablet - FDC,60,59952,525179.52,8.76,0.15,"Aurobindo Unit III, India",Yes,6967,75688.58,1029.35
11358,100-GH-T01,Pre-PQ Process,SO-33650,DN-1473,Ghana,PMO - US,From RDC,N/A - From RDC,Truck,Date Not Captured,N/A - From RDC,30-Sep-09,12-Aug-09,12-Aug-09,ARV,Pediatric,SCMS from RDC,"Lopinavir/Ritonavir 80/20mg/ml [Kaletra], oral solution, cool, Bottle 5 x 60 ml",Lopinavir/Ritonavir,Kaletra,80/20mg/ml,Oral solution,300,129,1.29,0.01,0,ABBVIE (Abbott) Logis. UK,Yes,Weight Captured Separately,Invoiced Separately,0
11361,109-TZ-T01,Pre-PQ Process,SO-31284,DN-1565,Tanzania,PMO - US,From RDC,N/A - From RDC,Truck,Date Not Captured,N/A - From RDC,14-Jan-10,14-Jan-10,14-Jan-10,ARV,Adult,SCMS from RDC,"Abacavir 300mg, tablets, 60 Tabs",Abacavir,Generic,300mg,Tablet,60,6376,136573.92,21.42,0.36,"Aurobindo Unit III, India",Yes,640,2751,294.45
11367,107-RW-T01,Pre-PQ Process,SO-308,DN-25,Rwanda,PMO - US,From RDC,N/A - From RDC,Air,Pre-PQ Process,N/A - From RDC,17-Mar-07,17-Mar-07,17-Mar-07,ARV,Adult,SCMS from RDC,"Tenofovir Disoproxil Fumarate 300mg [Viread], tablets, 30 Tabs",Tenofovir Disoproxil Fumarate,Viread,300mg,Tablet,30,4000,68000,17,0.57,Gilead(Nycomed) Oranienburg DE,Yes,256,12205.4,
11368,100-CI-T01,Pre-PQ Process,SO-373,DN-30,Côte d'Ivoire,PMO - US,From RDC,N/A - From RDC,N/A,Pre-PQ Process,N/A - From RDC,15-Mar-07,15-Mar-07,15-Mar-07,ARV,Adult,SCMS from RDC,"Indinavir 400mg [Crixivan], capsules, 180 Caps",Indinavir,Crixivan,400mg,Capsule,180,370,18248.4,49.32,0.27,MSD Elkton USA,No,See DN-30 (ID#:11091),See DN-30 (ID#:11091),
11369,100-CI-T01,Pre-PQ Process,SO-373,DN-30,Côte d'Ivoire,PMO - US,From RDC,N/A - From RDC,N/A,Pre-PQ Process,N/A - From RDC,15-Mar-07,15-Mar-07,15-Mar-07,ARV,Adult,SCMS from RDC,"Abacavir 300mg, tablets, 60 Tabs",Abacavir,Generic,300mg,Tablet,60,33,1453.65,44.05,0.73,"Aurobindo Unit III, India",No,See DN-30 (ID#:11091),See DN-30 (ID#:11091),
11370,110-ZM-T01,Pre-PQ Process,SO-233,DN-40,Zambia,PMO - US,From RDC,N/A - From RDC,N/A,Pre-PQ Process,N/A - From RDC,2-Apr-07,2-Apr-07,2-Apr-07,HRDT,HIV test,SCMS from RDC,"HIV 1/2, Bioline 3.0 Kit, Lancets, Capillary pipets, Alcohol swabs included, 25 Tests","HIV 1/2, Bioline 3.0 Kit, Lancets, Capillary pipets, Alcohol swabs included",Bioline,N/A,Test kit,25,561,11220,20,0.8,"Standard Diagnostics, Korea",Yes,191,1200.12,
11372,112-NG-T01,Pre-PQ Process,SO-341,DN-93,Nigeria,PMO - US,From RDC,N/A - From RDC,N/A,Pre-PQ Process,N/A - From RDC,17-Apr-07,17-Apr-07,17-Apr-07,ARV,Adult,SCMS from RDC,"Lamivudine/Zidovudine+Nevirapine 150/300+200mg, tablets, co-blister, 60+60 Tabs",Lamivudine/Zidovudine+Nevirapine,Generic,150/300+200mg,Tablet - FDC + co-blister,120,2703,55411.5,20.5,0.17,"Aspen-OSD, Port Elizabeth, SA",No,See DN-93 (ID#:10546),See DN-93 (ID#:10546),
11373,100-CI-T01,Pre-PQ Process,SO-397,DN-54,Côte d'Ivoire,PMO - US,From RDC,N/A - From RDC,N/A,Pre-PQ Process,N/A - From RDC,4-May-07,4-May-07,4-May-07,ARV,Adult,SCMS from RDC,"Efavirenz 600mg, tablets, 30 Tabs",Efavirenz,Generic,600mg,Tablet,30,4500,73125,16.25,0.54,"Aurobindo Unit III, India",Yes,410,1931,
11374,100-CI-T01,Pre-PQ Process,SO-286,DN-71,Côte d'Ivoire,PMO - US,From RDC,N/A - From RDC,N/A,Pre-PQ Process,N/A - From RDC,30-Apr-07,30-Apr-07,30-Apr-07,ARV,Adult,SCMS from RDC,"Indinavir 400mg [Crixivan], capsules, 180 Caps",Indinavir,Crixivan,400mg,Capsule,180,740,36496.8,49.32,0.27,MSD Elkton USA,Yes,206,1583,
11376,109-TZ-T01,Pre-PQ Process,SO-422,DN-127,Tanzania,PMO - US,From RDC,N/A - From RDC,Air,Pre-PQ Process,N/A - From RDC,6-Jun-07,6-Jun-07,6-Jun-07,ARV,Adult,SCMS from RDC,"Lamivudine/Zidovudine 150/300mg, tablets, 60 Tabs",Lamivudine/Zidovudine,Generic,150/300mg,Tablet - FDC,60,28512,304508.16,10.68,0.18,"Aurobindo Unit III, India",Yes,2630,13820.4,
11377,113-ZW-T01,Pre-PQ Process,SO-223,DN-92,Zimbabwe,PMO - US,From RDC,N/A - From RDC,N/A,Pre-PQ Process,N/A - From RDC,18-Apr-07,18-Apr-07,18-Apr-07,ARV,Adult,SCMS from RDC,"Zidovudine 300mg, tablets, 60 Tabs",Zidovudine,Generic,300mg,Tablet,60,421,4113.17,9.77,0.16,"Ranbaxy, Paonta Shahib, India",Yes,25,516.84,
11378,112-NG-T01,Pre-PQ Process,SO-329,DN-132,Nigeria,PMO - US,From RDC,N/A - From RDC,N/A,Pre-PQ Process,N/A - From RDC,23-May-07,23-May-07,23-May-07,ARV,Pediatric,SCMS from RDC,"Nevirapine 10mg/ml, oral suspension, Bottle, 240 ml",Nevirapine,Generic,10mg/ml,Oral suspension,240,1181,4133.5,3.5,0.01,"Aurobindo Unit III, India",No,See DN-132 (ID#:11105),See DN-132 (ID#:11105),
11379,110-ZM-T01,Pre-PQ Process,SO-536,DN-136,Zambia,PMO - US,From RDC,N/A - From RDC,Air,Pre-PQ Process,N/A - From RDC,21-May-07,21-May-07,21-May-07,HRDT,HIV test,SCMS from RDC,"HIV 1/2, Bioline 3.0 Kit, Lancets, Capillary pipets, Alcohol swabs included, 25 Tests","HIV 1/2, Bioline 3.0 Kit, Lancets, Capillary pipets, Alcohol swabs included",Bioline,N/A,Test kit,25,452,9040,20,0.8,"Standard Diagnostics, Korea",Yes,Weight Captured Separately,1250.72,
11381,107-RW-T01,Pre-PQ Process,SO-396,DN-43,Rwanda,PMO - US,From RDC,N/A - From RDC,Air,Pre-PQ Process,N/A - From RDC,17-Mar-07,17-Mar-07,17-Mar-07,ARV,Adult,SCMS from RDC,"Tenofovir Disoproxil Fumarate 300mg [Viread], tablets, 30 Tabs",Tenofovir Disoproxil Fumarate,Viread,300mg,Tablet,30,4000,68000,17,0.57,Gilead(Nycomed) Oranienburg DE,Yes,265,11931,
11383,110-ZM-T01,Pre-PQ Process,SO-206,DN-69,Zambia,PMO - US,From RDC,N/A - From RDC,N/A,Pre-PQ Process,N/A - From RDC,20-Apr-07,20-Apr-07,20-Apr-07,ARV,Adult,SCMS from RDC,"Abacavir 300mg, tablets, 60 Tabs",Abacavir,Generic,300mg,Tablet,60,5000,177500,35.5,0.59,"Aurobindo Unit III, India",Yes,239,1684.15,
11384,107-RW-T01,Pre-PQ Process,SO-481,DN-100,Rwanda,PMO - US,From RDC,N/A - From RDC,Air,Pre-PQ Process,N/A - From RDC,14-May-07,14-May-07,14-May-07,ARV,Adult,SCMS from RDC,"Stavudine 30mg, capsules, 60 Caps",Stavudine,Generic,30mg,Capsule,60,117,188.37,1.61,0.03,"Strides, Bangalore, India.",No,See DN-100 (ID#:10823),See DN-100 (ID#:10823),
11385,107-RW-T01,Pre-PQ Process,SO-481,DN-100,Rwanda,PMO - US,From RDC,N/A - From RDC,Air,Pre-PQ Process,N/A - From RDC,14-May-07,14-May-07,14-May-07,ARV,Adult,SCMS from RDC,"Stavudine 40mg, capsules, 60 Caps",Stavudine,Generic,40mg,Capsule,60,306,651.78,2.13,0.04,"Strides, Bangalore, India.",No,See DN-100 (ID#:10823),See DN-100 (ID#:10823),
11386,100-CI-T01,Pre-PQ Process,SO-438,DN-80,Côte d'Ivoire,PMO - US,From RDC,N/A - From RDC,N/A,Pre-PQ Process,N/A - From RDC,30-Apr-07,30-Apr-07,30-Apr-07,ARV,Adult,SCMS from RDC,"Lamivudine/Nevirapine/Stavudine 150/200/30mg, tablets, 60 Tabs",Lamivudine/Nevirapine/Stavudine,Generic,150/200/30mg,Tablet - FDC,60,9000,67500,7.5,0.12,"Cipla, Goa, India",Yes,974,3166,
11387,104-CI-T01,Pre-PQ Process,SO-585,DN-193,Côte d'Ivoire,PMO - US,From RDC,N/A - From RDC,N/A,Pre-PQ Process,N/A - From RDC,28-Jun-07,28-Jun-07,28-Jun-07,ARV,Adult,SCMS from RDC,"Stavudine 15mg, capsules, 60 Caps",Stavudine,Generic,15mg,Capsule,60,401,862.15,2.15,0.04,"Aurobindo Unit III, India",Yes,235,1619,1.38
11390,104-CI-T01,Pre-PQ Process,SO-594,DN-198,Côte d'Ivoire,PMO - US,From RDC,N/A - From RDC,N/A,Pre-PQ Process,N/A - From RDC,25-Jun-07,25-Jun-07,25-Jun-07,ARV,Adult,SCMS from RDC,"Abacavir 300mg, tablets, 60 Tabs",Abacavir,Generic,300mg,Tablet,60,957,34260.6,35.8,0.6,"Aurobindo Unit III, India",Yes,95,1448,54.82
11391,104-CI-T01,Pre-PQ Process,SO-519,DN-199,Côte d'Ivoire,PMO - US,From RDC,N/A - From RDC,N/A,Pre-PQ Process,N/A - From RDC,5-Jul-07,5-Jul-07,5-Jul-07,ARV,Pediatric,SCMS from RDC,"Zidovudine 10mg/ml, oral solution, Bottle, 240 ml",Zidovudine,Generic,10mg/ml,Oral solution,240,4316,17048.2,3.95,0.02,"Aurobindo Unit III, India",Yes,6634,15561,27.28
11393,110-ZM-T01,Pre-PQ Process,SO-498,DN-182,Zambia,PMO - US,From RDC,N/A - From RDC,N/A,Pre-PQ Process,N/A - From RDC,14-Jun-07,14-Jun-07,14-Jun-07,ARV,Adult,SCMS from RDC,"Efavirenz 600mg, tablets, 30 Tabs",Efavirenz,Generic,600mg,Tablet,30,25874,420711.24,16.26,0.54,"Aurobindo Unit III, India",No,See DN-182 (ID#:10562),See DN-182 (ID#:10562),
11394,110-ZM-T01,Pre-PQ Process,SO-479,DN-186,Zambia,PMO - US,From RDC,N/A - From RDC,N/A,Pre-PQ Process,N/A - From RDC,12-Jun-07,12-Jun-07,12-Jun-07,ARV,Pediatric,SCMS from RDC,"Efavirenz 50mg [Stocrin/Sustiva], capsule, 30 Caps",Efavirenz,Stocrin/Sustiva,50mg,Capsule,30,570,1977.9,3.47,0.12,"MSD Manati, Puerto Rico, (USA)",Yes,26,505.17,
11395,110-ZM-T01,Pre-PQ Process,SO-623,DN-204,Zambia,PMO - US,From RDC,N/A - From RDC,N/A,Pre-PQ Process,N/A - From RDC,20-Jun-07,20-Jun-07,20-Jun-07,ARV,Adult,SCMS from RDC,"Lopinavir/Ritonavir 200/50mg [Aluvia], tablets, 120 Tabs",Lopinavir/Ritonavir,Aluvia,200/50mg,Tablet,120,2820,115902,41.1,0.34,ABBVIE Ludwigshafen Germany,Yes,614,2880.35,185.44
11397,104-CI-T01,Pre-PQ Process,SO-517,DN-160,Côte d'Ivoire,PMO - US,From RDC,N/A - From RDC,N/A,Pre-PQ Process,N/A - From RDC,15-Jun-07,15-Jun-07,15-Jun-07,ARV,Adult,SCMS from RDC,"Lamivudine/Nevirapine/Stavudine 150/200/30mg, tablets, 60 Tabs",Lamivudine/Nevirapine/Stavudine,Generic,150/200/30mg,Tablet - FDC,60,8347,62602.5,7.5,0.12,"Cipla, Goa, India",Yes,1313,3908,
11398,104-CI-T01,Pre-PQ Process,SO-517,DN-160,Côte d'Ivoire,PMO - US,From RDC,N/A - From RDC,N/A,Pre-PQ Process,N/A - From RDC,15-Jun-07,15-Jun-07,15-Jun-07,ARV,Adult,SCMS from RDC,"Saquinavir 200mg [Invirase], capsules, 270 Caps",Saquinavir,Invirase,200mg,Capsule,270,638,50172.32,78.64,0.29,Roche Basel,No,See DN-160 (ID#:11397),See DN-160 (ID#:11397),
11401,107-RW-T01,Pre-PQ Process,SO-240,DN-150,Rwanda,PMO - US,From RDC,N/A - From RDC,Air,Pre-PQ Process,N/A - From RDC,22-May-07,22-May-07,22-May-07,HRDT,HIV test,SCMS from RDC,"HIV 1/2/O, First Response HIV 1-2.0, v.3.0 Cards Kit, 30 Tests","HIV 1/2/O, First Response HIV 1-2.0, v.3.0 Cards Kit",First Response,N/A,Test kit,30,2000,42000,21,0.7,Premier Med. Corp Ltd. India,Yes,Weight Captured Separately,2805.51,
11402,107-RW-T01,Pre-PQ Process,SO-240,DN-150,Rwanda,PMO - US,From RDC,N/A - From RDC,Air,Pre-PQ Process,N/A - From RDC,22-May-07,22-May-07,22-May-07,HRDT,HIV test,SCMS from RDC,"HIV 1/2, Capillus HIV Kit, 100 Tests","HIV 1/2, Capillus HIV Kit",Capillus,N/A,Test kit,100,60,8340,139,1.39,"Trinity Biotech, Plc",No,See DN-150 (ID#:11401),See DN-150 (ID#:11401),
11403,117-ET-T01,Pre-PQ Process,SO-582,DN-157,Ethiopia,PMO - US,From RDC,N/A - From RDC,N/A,Pre-PQ Process,N/A - From RDC,24-May-07,24-May-07,24-May-07,HRDT,HIV test,SCMS from RDC,"HIV 1/2, Capillus HIV Kit, 100 Tests","HIV 1/2, Capillus HIV Kit",Capillus,N/A,Test kit,100,200,27800,139,1.39,"Trinity Biotech, Plc",Yes,213,2129.46,
11404,110-ZM-T01,Pre-PQ Process,SO-230,DN-165,Zambia,PMO - US,From RDC,N/A - From RDC,N/A,Pre-PQ Process,N/A - From RDC,5-Jun-07,5-Jun-07,5-Jun-07,ARV,Adult,SCMS from RDC,"Nevirapine 200mg, tablets, 60 Tabs",Nevirapine,Generic,200mg,Tablet,60,33333,122332.11,3.67,0.06,"Aurobindo Unit III, India",Yes,3118,Freight Included in Commodity Cost,
11407,104-CI-T01,Pre-PQ Process,SO-652,DN-244,Côte d'Ivoire,PMO - US,From RDC,N/A - From RDC,N/A,Pre-PQ Process,N/A - From RDC,20-Jul-07,20-Jul-07,20-Jul-07,ARV,Adult,SCMS from RDC,"Lopinavir/Ritonavir 200/50mg [Aluvia], tablets, 120 Tabs",Lopinavir/Ritonavir,Aluvia,200/50mg,Tablet,120,1110,45621,41.1,0.34,ABBVIE Ludwigshafen Germany,Yes,222,1603,72.99
11408,107-RW-T01,Pre-PQ Process,SO-827,DN-277,Rwanda,PMO - US,From RDC,N/A - From RDC,Air,Pre-PQ Process,N/A - From RDC,6-Aug-07,6-Aug-07,6-Aug-07,HRDT,HIV test,SCMS from RDC,"HIV 1/2, Determine Complete HIV Kit, 100 Tests","HIV 1/2, Determine Complete HIV Kit",Determine,N/A,Test kit,100,850,68000,80,0.8,ABBVIE GmbH & Co.KG Wiesbaden,Yes,195,4613.67,108.8
11409,111-MZ-T01,Pre-PQ Process,SO-577,DN-279,Mozambique,PMO - US,From RDC,N/A - From RDC,Air,Pre-PQ Process,N/A - From RDC,21-Sep-07,21-Sep-07,21-Sep-07,ARV,Pediatric,SCMS from RDC,"Efavirenz 50mg, capsule, 30 Caps",Efavirenz,Generic,50mg,Capsule,30,570,1949.4,3.42,0.11,"Aurobindo Unit III, India",Yes,35,364.51,3.12
11411,104-CI-T01,Pre-PQ Process,SO-788,DN-255,Côte d'Ivoire,PMO - US,From RDC,N/A - From RDC,N/A,Pre-PQ Process,N/A - From RDC,31-Jul-07,31-Jul-07,31-Jul-07,HRDT,HIV test,SCMS from RDC,"HIV 1/2, Determine Complete HIV Kit, 100 Tests","HIV 1/2, Determine Complete HIV Kit",Determine,N/A,Test kit,100,79,6320,80,0.8,ABBVIE GmbH & Co.KG Wiesbaden,Yes,27,286.76,10.11
11412,111-MZ-T01,Pre-PQ Process,SO-502,DN-282,Mozambique,PMO - US,From RDC,N/A - From RDC,Air,Pre-PQ Process,N/A - From RDC,10-Oct-07,10-Oct-07,10-Oct-07,ARV,Adult,SCMS from RDC,"Ritonavir 100mg [Norvir], capsules, cool, 4 x 84 Caps",Ritonavir,Norvir,100mg,Capsule,336,140,5370.4,38.36,0.11,ABBVIE (Abbott) Logis. UK,No,See DN-282 (ID#:11144),See DN-282 (ID#:11144),8.59
11417,109-TZ-T01,Pre-PQ Process,SO-645,DN-216,Tanzania,PMO - US,From RDC,N/A - From RDC,N/A,Pre-PQ Process,N/A - From RDC,18-Jul-07,18-Jul-07,18-Jul-07,HRDT,HIV test,SCMS from RDC,"HIV 1/2, Bioline 3.0 Kit, Lancets, Capillary pipets, Alcohol swabs included, 25 Tests","HIV 1/2, Bioline 3.0 Kit, Lancets, Capillary pipets, Alcohol swabs included",Bioline,N/A,Test kit,25,6452,129040,20,0.8,"Standard Diagnostics, Korea",Yes,2334,9343.18,206.46
11418,111-MZ-T01,Pre-PQ Process,SO-695,DN-214,Mozambique,PMO - US,From RDC,N/A - From RDC,Air,Pre-PQ Process,N/A - From RDC,18-Jul-07,18-Jul-07,18-Jul-07,ARV,Adult,SCMS from RDC,"Lopinavir/Ritonavir 200/50mg [Aluvia], tablets, 120 Tabs",Lopinavir/Ritonavir,Aluvia,200/50mg,Tablet,120,4000,164400,41.1,0.34,ABBVIE Ludwigshafen Germany,Yes,870,1149.57,263.04
11419,104-CI-T01,Pre-PQ Process,SO-590,DN-220,Côte d'Ivoire,PMO - US,From RDC,N/A - From RDC,N/A,Pre-PQ Process,N/A - From RDC,18-Jul-07,18-Jul-07,18-Jul-07,ARV,Adult,SCMS from RDC,"Lamivudine/Nevirapine/Stavudine 150/200/30mg, tablets, 60 Tabs",Lamivudine/Nevirapine/Stavudine,Generic,150/200/30mg,Tablet - FDC,60,209,1567.5,7.5,0.12,"Cipla, Goa, India",No,See DN-220 (ID#:10585),See DN-220 (ID#:10585),2.51
11420,104-CI-T01,Pre-PQ Process,SO-522,DN-240,Côte d'Ivoire,PMO - US,From RDC,N/A - From RDC,N/A,Pre-PQ Process,N/A - From RDC,16-Jul-07,16-Jul-07,16-Jul-07,ARV,Adult,SCMS from RDC,"Saquinavir 200mg [Invirase], capsules, 270 Caps",Saquinavir,Invirase,200mg,Capsule,270,575,45218,78.64,0.29,Roche Basel,No,See DN-240 (ID#:10847),See DN-240 (ID#:10847),72.35
11424,113-ZW-T01,Pre-PQ Process,SO-416,DN-252,Zimbabwe,PMO - US,From RDC,N/A - From RDC,N/A,Pre-PQ Process,N/A - From RDC,30-Jul-07,30-Jul-07,30-Jul-07,ARV,Adult,SCMS from RDC,"Efavirenz 600mg, tablets, 30 Tabs",Efavirenz,Generic,600mg,Tablet,30,3200,52032,16.26,0.54,"Aurobindo Unit III, India",Yes,280,1300.45,83.25
11425,111-MZ-T01,Pre-PQ Process,SO-499,DN-258,Mozambique,PMO - US,From RDC,N/A - From RDC,Air,Pre-PQ Process,N/A - From RDC,15-Aug-07,15-Aug-07,15-Aug-07,ARV,Pediatric,SCMS from RDC,"Efavirenz 200mg, capsule, 90 Caps",Efavirenz,Generic,200mg,Capsule,90,422,7152.9,16.95,0.19,"Aurobindo Unit III, India",Yes,514,740.43,11.44
11426,104-CI-T01,Pre-PQ Process,SO-523,DN-260,Côte d'Ivoire,PMO - US,From RDC,N/A - From RDC,N/A,Pre-PQ Process,N/A - From RDC,3-Aug-07,3-Aug-07,3-Aug-07,ARV,Adult,SCMS from RDC,"Abacavir/Lamivudine/Zidovudine 300/150/300mg [Trizivir], tablets, 60 Tabs",Abacavir/Lamivudine/Zidovudine,Trizivir,300/150/300mg,Tablet - FDC,60,400,28000,70,1.17,GSK Ware (UK),Yes,2270,6889,44.8
11430,114-UG-T01,Pre-PQ Process,SO-895,DN-298,Uganda,PMO - US,From RDC,N/A - From RDC,Air,Pre-PQ Process,N/A - From RDC,27-Aug-07,27-Aug-07,27-Aug-07,ARV,Adult,SCMS from RDC,"Stavudine 30mg, capsules, 60 Caps",Stavudine,Generic,30mg,Capsule,60,1000,1520,1.52,0.03,"Strides, Bangalore, India.",No,See DN-298 (ID#:10863),See DN-298 (ID#:10863),2.43
11431,104-CI-T01,Pre-PQ Process,SO-631,DN-306,Côte d'Ivoire,PMO - US,From RDC,N/A - From RDC,N/A,Pre-PQ Process,N/A - From RDC,17-Aug-07,17-Aug-07,17-Aug-07,ARV,Adult,SCMS from RDC,"Ritonavir 100mg [Norvir], capsules, cool, 4 x 84 Caps",Ritonavir,Norvir,100mg,Capsule,336,1025,39319,38.36,0.11,ABBVIE (Abbott) France,Yes,1436,5911.5,62.91
11432,111-MZ-T01,Pre-PQ Process,SO-925,DN-307,Mozambique,PMO - US,From RDC,N/A - From RDC,Air,Pre-PQ Process,N/A - From RDC,4-Sep-07,4-Sep-07,4-Sep-07,ARV,Adult,SCMS from RDC,"Lamivudine/Zidovudine 150/300mg, tablets, 60 Tabs",Lamivudine/Zidovudine,Generic,150/300mg,Tablet - FDC,60,10800,102600,9.5,0.16,"Aurobindo Unit III, India",Yes,1020,1998.5,164.16
11433,111-MZ-T01,Pre-PQ Process,SO-927,DN-308,Mozambique,PMO - US,From RDC,N/A - From RDC,Air,Pre-PQ Process,N/A - From RDC,4-Sep-07,4-Sep-07,4-Sep-07,ARV,Adult,SCMS from RDC,"Stavudine 30mg, capsules, 60 Caps",Stavudine,Generic,30mg,Capsule,60,630,957.6,1.52,0.03,"Aurobindo Unit III, India",Yes,36,1998.5,1.53
11434,110-ZM-T01,Pre-PQ Process,SO-942,DN-309,Zambia,PMO - US,From RDC,N/A - From RDC,Air,Pre-PQ Process,N/A - From RDC,21-Aug-07,21-Aug-07,21-Aug-07,ARV,Pediatric,SCMS from RDC,"Nevirapine 10mg/ml, oral suspension, Bottle, 240 ml",Nevirapine,Generic,10mg/ml,Oral suspension,240,10624,65868.8,6.2,0.03,"Aurobindo Unit III, India",Yes,3785,13116,105.39
11435,104-CI-T01,Pre-PQ Process,SO-959,DN-320,Côte d'Ivoire,PMO - US,From RDC,N/A - From RDC,N/A,Pre-PQ Process,N/A - From RDC,30-Aug-07,30-Aug-07,30-Aug-07,ARV,Adult,SCMS from RDC,"Indinavir 400mg [Crixivan], capsules, 180 Caps",Indinavir,Crixivan,400mg,Capsule,180,7839,391950,50,0.28,MSD Elkton USA,No,See DN-320 (ID#:10593),See DN-320 (ID#:10593),627.12
11436,104-CI-T01,Pre-PQ Process,SO-959,DN-320,Côte d'Ivoire,PMO - US,From RDC,N/A - From RDC,N/A,Pre-PQ Process,N/A - From RDC,30-Aug-07,30-Aug-07,30-Aug-07,ARV,Adult,SCMS from RDC,"Lopinavir/Ritonavir 200/50mg [Aluvia], tablets, 120 Tabs",Lopinavir/Ritonavir,Aluvia,200/50mg,Tablet,120,726,29838.6,41.1,0.34,ABBVIE Ludwigshafen Germany,No,See DN-320 (ID#:10593),See DN-320 (ID#:10593),47.74
11450,110-ZM-T01,Pre-PQ Process,SO-627,DN-340,Zambia,PMO - US,From RDC,N/A - From RDC,N/A,Pre-PQ Process,N/A - From RDC,14-Sep-07,14-Sep-07,14-Sep-07,ARV,Pediatric,SCMS from RDC,"Lopinavir/Ritonavir 80/20mg/ml [Kaletra], oral solution, cool, Bottle 5 x 60 ml",Lopinavir/Ritonavir,Kaletra,80/20mg/ml,Oral solution,300,665,27331.5,41.1,0.14,ABBVIE (Abbott) Logis. UK,Yes,603,2839.2,43.73
11452,111-MZ-T01,Pre-PQ Process,SO-924,DN-344,Mozambique,PMO - US,From RDC,N/A - From RDC,Air,Pre-PQ Process,N/A - From RDC,5-Oct-07,5-Oct-07,5-Oct-07,ARV,Adult,SCMS from RDC,"Lamivudine/Stavudine 150/30mg, tablets, 30 Tabs",Lamivudine/Stavudine,Generic,150/30mg,Tablet - FDC,30,70000,140000,2,0.07,"Cipla, Goa, India",No,See DN-344 (ID#:11173),See DN-344 (ID#:11173),224
11454,117-ET-T01,Pre-PQ Process,SO-914,DN-332,Ethiopia,PMO - US,From RDC,N/A - From RDC,N/A,Pre-PQ Process,N/A - From RDC,4-Sep-07,4-Sep-07,4-Sep-07,ARV,Adult,SCMS from RDC,"Lamivudine 150mg, tablets, 60 Tabs",Lamivudine,Generic,150mg,Tablet,60,15960,48518.4,3.04,0.05,"Aurobindo Unit III, India",No,See DN-332 (ID#:10613),See DN-332 (ID#:10613),77.63
11456,110-ZM-T01,Pre-PQ Process,SO-1072,DN-353,Zambia,PMO - US,From RDC,N/A - From RDC,N/A,Pre-PQ Process,N/A - From RDC,14-Sep-07,14-Sep-07,14-Sep-07,ARV,Pediatric,SCMS from RDC,"Stavudine 1mg/ml, powder for oral solution, 200 ml",Stavudine,Generic,1mg/ml,Oral solution,200,9050,13122.5,1.45,0.01,"Aurobindo Unit III, India",Yes,1084,5181,21
11458,110-ZM-T01,Pre-PQ Process,SO-978,DN-397,Zambia,PMO - US,From RDC,N/A - From RDC,N/A,Pre-PQ Process,N/A - From RDC,26-Nov-07,26-Nov-07,26-Nov-07,ARV,Adult,SCMS from RDC,"Efavirenz 600mg, tablets, 30 Tabs",Efavirenz,Generic,600mg,Tablet,30,44135,548156.7,12.42,0.41,"Aurobindo Unit III, India",Yes,4082,13484.72,877.05
11462,112-NG-T01,Pre-PQ Process,SO-565,DN-373,Nigeria,PMO - US,From RDC,N/A - From RDC,Air,Pre-PQ Process,N/A - From RDC,20-Sep-07,20-Sep-07,20-Sep-07,ARV,Adult,SCMS from RDC,"Lamivudine/Zidovudine 150/300mg, tablets, 60 Tabs",Lamivudine/Zidovudine,Generic,150/300mg,Tablet - FDC,60,229,2445.72,10.68,0.18,"Aurobindo Unit III, India",No,See DN-373 (ID#:10623),See DN-373 (ID#:10623),3.91
11464,111-MZ-T01,Pre-PQ Process,SO-1110,DN-375,Mozambique,PMO - US,From RDC,N/A - From RDC,Air,Pre-PQ Process,N/A - From RDC,31-Oct-07,31-Oct-07,31-Oct-07,HRDT,HIV test,SCMS from RDC,"HIV 1/2, Determine Complete HIV Kit, 100 Tests","HIV 1/2, Determine Complete HIV Kit",Determine,N/A,Test kit,100,4000,288000,72,0.72,ABBVIE GmbH & Co.KG Wiesbaden,Yes,2526,1871.05,460.8
11472,110-ZM-T01,Pre-PQ Process,SO-1073,DN-371,Zambia,PMO - US,From RDC,N/A - From RDC,N/A,Pre-PQ Process,N/A - From RDC,21-Sep-07,21-Sep-07,21-Sep-07,ARV,Pediatric,SCMS from RDC,"Stavudine 1mg/ml, powder for oral solution, 200 ml",Stavudine,Generic,1mg/ml,Oral solution,200,2950,4277.5,1.45,0.01,"Aurobindo Unit III, India",Yes,267,3094,6.84
11473,104-CI-T01,Pre-PQ Process,SO-1113,DN-385,Côte d'Ivoire,PMO - US,From RDC,N/A - From RDC,Air,Pre-PQ Process,N/A - From RDC,22-Oct-07,22-Oct-07,22-Oct-07,HRDT,HIV test - Ancillary,SCMS from RDC,"HIV, Lancet, Safety, for HIV Test kits, 100 Pcs","HIV, Lancet, Safety, for HIV Test kits, 100 Pcs",Generic,N/A,Test kit - Ancillary,100,595,5.95,0.01,0,Inverness Japan,No,See DN-385 (ID#:11186),See DN-385 (ID#:11186),0.01
11474,100-ZW-T01,Pre-PQ Process,SO-706,DN-401,Zimbabwe,PMO - US,From RDC,N/A - From RDC,Air,Pre-PQ Process,N/A - From RDC,25-Nov-07,25-Nov-07,25-Nov-07,ARV,Adult,SCMS from RDC,"Efavirenz 600mg, tablets, 30 Tabs",Efavirenz,Generic,600mg,Tablet,30,1860,23101.2,12.42,0.41,"Cipla, Goa, India",Yes,4256,5145.86,36.96
11475,100-ZW-T01,Pre-PQ Process,SO-706,DN-401,Zimbabwe,PMO - US,From RDC,N/A - From RDC,Air,Pre-PQ Process,N/A - From RDC,25-Nov-07,25-Nov-07,25-Nov-07,ARV,Adult,SCMS from RDC,"Lamivudine/Nevirapine/Stavudine 150/200/30mg, tablets, 60 Tabs",Lamivudine/Nevirapine/Stavudine,Generic,150/200/30mg,Tablet - FDC,60,15000,111000,7.4,0.12,"Cipla, Goa, India",No,See DN-401 (ID#:11474),See DN-401 (ID#:11474),177.6
11476,112-NG-T01,Pre-PQ Process,SO-1225,DN-411,Nigeria,PMO - US,From RDC,N/A - From RDC,Air,Pre-PQ Process,N/A - From RDC,1-Nov-07,1-Nov-07,1-Nov-07,ARV,Adult,SCMS from RDC,"Lamivudine/Zidovudine 150/300mg, tablets, 60 Tabs",Lamivudine/Zidovudine,Generic,150/300mg,Tablet - FDC,60,1200,23400,19.5,0.32,"Aurobindo Unit III, India",No,See DN-411 (ID#:10631),See DN-411 (ID#:10631),37.44
11477,111-MZ-T01,Pre-PQ Process,SO-1038,DN-426,Mozambique,PMO - US,From RDC,N/A - From RDC,Air,Pre-PQ Process,N/A - From RDC,29-Nov-07,29-Nov-07,29-Nov-07,ARV,Adult,SCMS from RDC,"Abacavir/Lamivudine/Zidovudine 300/150/300mg [Trizivir], tablets, 60 Tabs",Abacavir/Lamivudine/Zidovudine,Trizivir,300/150/300mg,Tablet - FDC,60,900,63000,70,1.17,GSK Ware (UK),No,See DN-426 (ID#:10633),See DN-426 (ID#:10633),100.8
11478,111-MZ-T01,Pre-PQ Process,SO-945,DN-413,Mozambique,PMO - US,From RDC,N/A - From RDC,Air,Pre-PQ Process,N/A - From RDC,12-Nov-07,12-Nov-07,12-Nov-07,HRDT,HIV test,SCMS from RDC,"HIV 1/2, Uni-Gold HIV Kit, 20 Tests","HIV 1/2, Uni-Gold HIV Kit",Uni-Gold,N/A,Test kit,20,4500,144000,32,1.6,"Trinity Biotech, Plc",Yes,1482,1566.19,230.4
11479,110-ZM-T01,Pre-PQ Process,SO-1363,DN-607,Zambia,PMO - US,From RDC,N/A - From RDC,Air,Pre-PQ Process,N/A - From RDC,26-Feb-08,26-Feb-08,26-Feb-08,ARV,Adult,SCMS from RDC,"Lamivudine/Zidovudine 150/300mg, tablets, 60 Tabs",Lamivudine/Zidovudine,Generic,150/300mg,Tablet - FDC,60,27681,262969.5,9.5,0.16,"Aurobindo Unit III, India",Yes,2581,19832.46,420.75
11480,104-CI-T01,Pre-PQ Process,SO-1546,DN-609,Côte d'Ivoire,PMO - US,From RDC,N/A - From RDC,Air,Pre-PQ Process,N/A - From RDC,19-Feb-08,19-Feb-08,19-Feb-08,ARV,Adult,SCMS from RDC,"Efavirenz 600mg, tablets, 30 Tabs",Efavirenz,Generic,600mg,Tablet,30,24561,294977.61,12.01,0.4,"Aurobindo Unit III, India",Yes,7191,12349.51,471.96
11481,104-CI-T01,Pre-PQ Process,SO-1546,DN-609,Côte d'Ivoire,PMO - US,From RDC,N/A - From RDC,Air,Pre-PQ Process,N/A - From RDC,19-Feb-08,19-Feb-08,19-Feb-08,ARV,Adult,SCMS from RDC,"Efavirenz 600mg, tablets, 30 Tabs",Efavirenz,Generic,600mg,Tablet,30,37039,444838.39,12.01,0.4,"Strides, Bangalore, India.",No,See DN-609 (ID#:11480),See DN-609 (ID#:11480),711.74
11483,104-CI-T01,Pre-PQ Process,SO-1101,DN-434,Côte d'Ivoire,PMO - US,From RDC,N/A - From RDC,Air,Pre-PQ Process,N/A - From RDC,22-Nov-07,22-Nov-07,22-Nov-07,ARV,Pediatric,SCMS from RDC,"Efavirenz 30mg/ml [Stocrin/Sustiva], oral solution, Bottle, 180 ml",Efavirenz,Stocrin/Sustiva,30mg/ml,Oral solution,180,3027,28756.5,9.5,0.05,"MSD, Haarlem, NL",Yes,9248,25563,46.01
11484,104-CI-T01,Pre-PQ Process,SO-1101,DN-434,Côte d'Ivoire,PMO - US,From RDC,N/A - From RDC,Air,Pre-PQ Process,N/A - From RDC,22-Nov-07,22-Nov-07,22-Nov-07,ARV,Adult,SCMS from RDC,"Abacavir/Lamivudine/Zidovudine 300/150/300mg [Trizivir], tablets, 60 Tabs",Abacavir/Lamivudine/Zidovudine,Trizivir,300/150/300mg,Tablet - FDC,60,1873,83348.5,44.5,0.74,GSK Ware (UK),No,See DN-434 (ID#:11483),See DN-434 (ID#:11483),133.36
11485,110-ZM-T01,Pre-PQ Process,SO-1186,DN-447,Zambia,PMO - US,From RDC,N/A - From RDC,N/A,Pre-PQ Process,N/A - From RDC,26-Nov-07,26-Nov-07,26-Nov-07,ARV,Adult,SCMS from RDC,"Emtricitabine/Tenofovir Disoproxil Fumarate 200/300mg [Truvada], tablets, 30 Tabs",Emtricitabine/Tenofovir Disoproxil Fumarate,Truvada,300/200mg,Tablet - FDC,30,17994,472342.5,26.25,0.88,"Aspen-OSD, Port Elizabeth, SA",Yes,1620,6785.1,755.75
11490,104-CI-T01,Pre-PQ Process,SO-1306,DN-441,Côte d'Ivoire,PMO - US,From RDC,N/A - From RDC,Air,Pre-PQ Process,N/A - From RDC,29-Nov-07,29-Nov-07,29-Nov-07,ARV,Adult,SCMS from RDC,"Lamivudine 150mg, tablets, 60 Tabs",Lamivudine,Generic,150mg,Tablet,60,70000,212800,3.04,0.05,"Aurobindo Unit III, India",Yes,3681,10666,340.48
11491,104-CI-T01,Pre-PQ Process,SO-1143,DN-443,Côte d'Ivoire,PMO - US,From RDC,N/A - From RDC,Air,Pre-PQ Process,N/A - From RDC,14-Dec-07,14-Dec-07,14-Dec-07,ARV,Adult,SCMS from RDC,"Nevirapine 200mg, tablets, 60 Tabs",Nevirapine,Generic,200mg,Tablet,60,13141,44679.4,3.4,0.06,"Aurobindo Unit III, India",Yes,1271,10722.75,71.49
11492,125-HT-T01,Pre-PQ Process,SO-1290,DN-444,Haiti,PMO - US,From RDC,N/A - From RDC,Air,Pre-PQ Process,N/A - From RDC,31-Dec-07,31-Dec-07,31-Dec-07,HRDT,HIV test,SCMS from RDC,"HIV 1/2, Determine HIV Kit, without Lancets, 100 Tests","HIV 1/2, Determine HIV Kit, without Lancets",Determine,N/A,Test kit,100,25,1800,72,0.72,Inverness Japan,No,See DN-444 (ID#:10639),See DN-444 (ID#:10639),2.88
11493,104-CI-T01,Pre-PQ Process,SO-1298,DN-451,Côte d'Ivoire,PMO - US,From RDC,N/A - From RDC,Air,Pre-PQ Process,N/A - From RDC,17-Jan-08,17-Jan-08,17-Jan-08,ARV,Adult,SCMS from RDC,"Lopinavir/Ritonavir 200/50mg [Aluvia], tablets, 120 Tabs",Lopinavir/Ritonavir,Aluvia,200/50mg,Tablet,120,4,164.4,41.1,0.34,ABBVIE (Abbott) Logis. UK,No,See DN-451 (ID#:11205),See DN-451 (ID#:11205),0.26
11494,112-NG-T01,Pre-PQ Process,SO-567,DN-475,Nigeria,PMO - US,From RDC,N/A - From RDC,Air,Pre-PQ Process,N/A - From RDC,3-Dec-07,3-Dec-07,3-Dec-07,ARV,Adult,SCMS from RDC,"Nevirapine 200mg, tablets, 60 Tabs",Nevirapine,Generic,200mg,Tablet,60,628,2241.96,3.57,0.06,"Aurobindo Unit III, India",No,See DN-475 (ID#:10642),See DN-475 (ID#:10642),3.59
11495,112-NG-T01,Pre-PQ Process,SO-567,DN-475,Nigeria,PMO - US,From RDC,N/A - From RDC,Air,Pre-PQ Process,N/A - From RDC,3-Dec-07,3-Dec-07,3-Dec-07,ARV,Pediatric,SCMS from RDC,"Zidovudine 10mg/ml, oral solution, Bottle, 240 ml",Zidovudine,Generic,10mg/ml,Oral solution,240,1752,6920.4,3.95,0.02,"Aurobindo Unit III, India",No,See DN-475 (ID#:10642),See DN-475 (ID#:10642),11.07
11496,110-ZM-T01,Pre-PQ Process,SO-755,DN-482,Zambia,PMO - US,From RDC,N/A - From RDC,N/A,Pre-PQ Process,N/A - From RDC,22-Feb-08,22-Feb-08,22-Feb-08,ARV,Pediatric,SCMS from RDC,"Abacavir 20mg/ml, oral solution, Bottle, 240 ml",Abacavir,Generic,20mg/ml,Oral solution,240,2091,34501.5,16.5,0.07,"Aurobindo Unit III, India",Yes,9386,33363.16,55.2
11497,110-ZM-T01,Pre-PQ Process,SO-1032,DN-485,Zambia,PMO - US,From RDC,N/A - From RDC,N/A,Pre-PQ Process,N/A - From RDC,8-Jan-08,8-Jan-08,8-Jan-08,ARV,Adult,SCMS from RDC,"Efavirenz 600mg, tablets, 30 Tabs",Efavirenz,Generic,600mg,Tablet,30,44135,548156.7,12.42,0.41,Mylan (formerly Matrix) Nashik,Yes,3454,12492,877.05
11500,119-NA-T01,Pre-PQ Process,SO-1418,DN-492,Namibia,PMO - US,From RDC,N/A - From RDC,Air,Pre-PQ Process,N/A - From RDC,30-Nov-07,30-Nov-07,30-Nov-07,HRDT,HIV test,SCMS from RDC,"HIV 1/2, Clearview Complete Kit, 25 Tests","HIV 1/2, Clearview Complete Kit",Clearview,N/A,Test kit,25,100,7500,75,3,Inverness USA,Yes,61,870.4,12
11501,119-NA-T01,Pre-PQ Process,SO-1451,DN-490,Namibia,PMO - US,From RDC,N/A - From RDC,Air,Pre-PQ Process,N/A - From RDC,6-Dec-07,6-Dec-07,6-Dec-07,HRDT,HIV test,SCMS from RDC,"HIV 1/2, Clearview Complete Kit, 25 Tests","HIV 1/2, Clearview Complete Kit",Clearview,N/A,Test kit,25,70,5250,75,3,Inverness USA,Yes,43,1542.15,8.4
11507,112-NG-T01,Pre-PQ Process,SO-1570,DN-535,Nigeria,PMO - US,From RDC,N/A - From RDC,Air,Pre-PQ Process,N/A - From RDC,9-Jan-08,9-Jan-08,9-Jan-08,ARV,Adult,SCMS from RDC,"Lamivudine 150mg, tablets, 60 Tabs",Lamivudine,Generic,150mg,Tablet,60,451,1371.04,3.04,0.05,"Aurobindo Unit III, India",No,See DN-535 (ID#:10658),See DN-535 (ID#:10658),2.19
11508,104-CI-T01,Pre-PQ Process,SO-1144,DN-538,Côte d'Ivoire,PMO - US,From RDC,N/A - From RDC,Air,Pre-PQ Process,N/A - From RDC,28-Dec-07,28-Dec-07,28-Dec-07,ARV,Pediatric,SCMS from RDC,"Nevirapine 10mg/ml, oral suspension, Bottle, 240 ml",Nevirapine,Generic,10mg/ml,Oral suspension,240,475,912,1.92,0.01,"Aurobindo Unit III, India",Yes,170,1301,1.46
11510,110-ZM-T01,Pre-PQ Process,SO-1187,DN-457,Zambia,PMO - US,From RDC,N/A - From RDC,Air,Pre-PQ Process,N/A - From RDC,24-Dec-07,24-Dec-07,24-Dec-07,ARV,Adult,SCMS from RDC,"Emtricitabine/Tenofovir Disoproxil Fumarate 200/300mg [Truvada], tablets, 30 Tabs",Emtricitabine/Tenofovir Disoproxil Fumarate,Truvada,300/200mg,Tablet - FDC,30,17706,464782.5,26.25,0.88,"Aspen-OSD, Port Elizabeth, SA",Yes,1594,6035.4,743.65
11511,113-ZW-T01,Pre-PQ Process,SO-1439,DN-477,Zimbabwe,PMO - US,From RDC,N/A - From RDC,Air,Pre-PQ Process,N/A - From RDC,11-Jan-08,11-Jan-08,11-Jan-08,HRDT,HIV test,SCMS from RDC,"HIV 1/2, Bioline 3.0 Kit, Lancets, Capillary pipets, Alcohol swabs included, 25 Tests","HIV 1/2, Bioline 3.0 Kit, Lancets, Capillary pipets, Alcohol swabs included",Bioline,N/A,Test kit,25,3508,70160,20,0.8,"Standard Diagnostics, Korea",Yes,1052,4641.85,112.26
11512,104-CI-T01,Pre-PQ Process,SO-971,DN-421,Côte d'Ivoire,PMO - US,From RDC,N/A - From RDC,Air,Pre-PQ Process,N/A - From RDC,17-Jan-08,17-Jan-08,17-Jan-08,ARV,Adult,SCMS from RDC,"Saquinavir 200mg [Invirase], capsules, 270 Caps",Saquinavir,Invirase,200mg,Capsule,270,332,26108.48,78.64,0.29,Roche Basel,No,See DN-421 (ID#:10919),See DN-421 (ID#:10919),41.77
11515,100-ZW-T01,Pre-PQ Process,SO-712,DN-623,Zimbabwe,PMO - US,From RDC,N/A - From RDC,Air,Pre-PQ Process,N/A - From RDC,5-Mar-08,5-Mar-08,5-Mar-08,ARV,Adult,SCMS from RDC,"Lamivudine/Stavudine 150/30mg, tablets, 30 Tabs",Lamivudine/Stavudine,Generic,150/30mg,Tablet - FDC,30,1600,3200,2,0.07,"Cipla, Goa, India",No,See DN-623 (ID#:10925),See DN-623 (ID#:10925),5.12
11516,114-UG-T01,Pre-PQ Process,SO-1302,DN-489,Uganda,PMO - US,From RDC,N/A - From RDC,Air,Pre-PQ Process,N/A - From RDC,15-Jan-08,15-Jan-08,15-Jan-08,ARV,Adult,SCMS from RDC,"Lamivudine/Zidovudine 150/300mg, tablets, 60 Tabs",Lamivudine/Zidovudine,Generic,150/300mg,Tablet - FDC,60,2084,19798,9.5,0.16,"Aurobindo Unit III, India",Yes,237,1154.5,31.68
11517,107-RW-T01,Pre-PQ Process,SO-1534,DN-590,Rwanda,PMO - US,From RDC,N/A - From RDC,Air,Pre-PQ Process,N/A - From RDC,29-Feb-08,29-Feb-08,29-Feb-08,ARV,Adult,SCMS from RDC,"Lopinavir/Ritonavir 200/50mg [Aluvia], tablets, 120 Tabs",Lopinavir/Ritonavir,Aluvia,200/50mg,Tablet,120,600,24660,41.1,0.34,ABBVIE (Abbott) Logis. UK,Yes,859,5531.4,39.46
11518,110-ZM-T01,Pre-PQ Process,SO-783,DN-481,Zambia,PMO - US,From RDC,N/A - From RDC,N/A,Pre-PQ Process,N/A - From RDC,15-Jan-08,15-Jan-08,15-Jan-08,HRDT,HIV test - Ancillary,SCMS from RDC,"HIV, Lancet, Safety, for HIV Test kits, 100 Pcs","HIV, Lancet, Safety, for HIV Test kits, 100 Pcs",Generic,N/A,Test kit - Ancillary,100,2100,21,0.01,0,Inverness Japan,No,See DN-481 (ID#:10656),See DN-481 (ID#:10656),0.03
11520,117-ET-T01,Pre-PQ Process,SO-1512,DN-517,Ethiopia,PMO - US,From RDC,N/A - From RDC,Air,Pre-PQ Process,N/A - From RDC,14-Dec-07,14-Dec-07,14-Dec-07,ARV,Adult,SCMS from RDC,"Tenofovir Disoproxil Fumarate 300mg [Viread], tablets, 30 Tabs",Tenofovir Disoproxil Fumarate,Viread,300mg,Tablet,30,535,9095,17,0.57,Gilead(Nycomed) Oranienburg DE,Yes,33,755.5,14.55
11521,100-ZW-T01,Pre-PQ Process,SO-708,DN-479,Zimbabwe,PMO - US,From RDC,N/A - From RDC,Air,Pre-PQ Process,N/A - From RDC,5-Feb-08,5-Feb-08,5-Feb-08,ARV,Adult,SCMS from RDC,"Lamivudine/Nevirapine/Stavudine 150/200/30mg, tablets, 60 Tabs",Lamivudine/Nevirapine/Stavudine,Generic,150/200/30mg,Tablet - FDC,60,37240,275576,7.4,0.12,"Cipla, Goa, India",No,See DN-479 (ID#:10647),See DN-479 (ID#:10647),440.92
11522,117-ET-T01,Pre-PQ Process,SO-1601,DN-577,Ethiopia,PMO - US,From RDC,N/A - From RDC,Air,Pre-PQ Process,N/A - From RDC,7-Feb-08,7-Feb-08,7-Feb-08,ARV,Adult,SCMS from RDC,"Tenofovir Disoproxil Fumarate 300mg [Viread], tablets, 30 Tabs",Tenofovir Disoproxil Fumarate,Viread,300mg,Tablet,30,4394,74698,17,0.57,"Aspen-OSD, Port Elizabeth, SA",Yes,317,1628.18,119.52
11523,112-NG-T01,Pre-PQ Process,SO-1430,DN-551,Nigeria,PMO - US,From RDC,N/A - From RDC,Air,Pre-PQ Process,N/A - From RDC,16-Jan-08,16-Jan-08,16-Jan-08,ARV,Pediatric,SCMS from RDC,"Nevirapine 10mg/ml, oral suspension, Bottle, 240 ml",Nevirapine,Generic,10mg/ml,Oral suspension,240,792,4910.4,6.2,0.03,"Aurobindo Unit III, India",Yes,272,2047,7.86
11524,117-ET-T01,Pre-PQ Process,SO-1523,DN-540,Ethiopia,PMO - US,From RDC,N/A - From RDC,Air,Pre-PQ Process,N/A - From RDC,20-Dec-07,16-Jan-08,16-Jan-08,ARV,Adult,SCMS from RDC,"Lamivudine 150mg, tablets, 60 Tabs",Lamivudine,Generic,150mg,Tablet,60,29500,89680,3.04,0.05,"Ranbaxy, Paonta Shahib, India",Yes,1650,11339.5,143.49
11525,109-TZ-T01,Pre-PQ Process,SO-1648,DN-559,Tanzania,PMO - US,From RDC,N/A - From RDC,Air,Pre-PQ Process,N/A - From RDC,25-Feb-08,25-Feb-08,25-Feb-08,ARV,Adult,SCMS from RDC,"Efavirenz 600mg, tablets, 30 Tabs",Efavirenz,Generic,600mg,Tablet,30,20000,248400,12.42,0.41,"Aurobindo Unit III, India",No,See DN-559 (ID#:10940),See DN-559 (ID#:10940),397.44
11526,104-CI-T01,Pre-PQ Process,SO-1284,DN-586,Côte d'Ivoire,PMO - US,From RDC,N/A - From RDC,Air,Pre-PQ Process,N/A - From RDC,5-Feb-08,5-Feb-08,5-Feb-08,ARV,Adult,SCMS from RDC,"Indinavir 400mg [Crixivan], capsules, 180 Caps",Indinavir,Crixivan,400mg,Capsule,180,1550,77500,50,0.28,"MSD, Haarlem, NL",Yes,345,1888.48,124
11527,100-ZW-T01,Pre-PQ Process,SO-711,DN-604,Zimbabwe,PMO - US,From RDC,N/A - From RDC,Air,Pre-PQ Process,N/A - From RDC,5-Mar-08,5-Mar-08,5-Mar-08,ARV,Adult,SCMS from RDC,"Lamivudine/Nevirapine/Stavudine 150/200/30mg, tablets, 60 Tabs",Lamivudine/Nevirapine/Stavudine,Generic,150/200/30mg,Tablet - FDC,60,2508,18559.2,7.4,0.12,"Cipla, Goa, India",Yes,4303,12894.85,29.69
11528,110-ZM-T01,Pre-PQ Process,SO-1807,DN-822,Zambia,PMO - US,From RDC,N/A - From RDC,Truck,Pre-PQ Process,N/A - From RDC,29-Jul-08,29-Jul-08,29-Jul-08,ARV,Adult,SCMS from RDC,"Efavirenz 600mg, tablets, 30 Tabs",Efavirenz,Generic,600mg,Tablet,30,50000,600500,12.01,0.4,Mylan (formerly Matrix) Nashik,Yes,3882,5468.93,960.8
11529,106-HT-T01,Pre-PQ Process,SO-2058,DN-692,Haiti,PMO - US,From RDC,N/A - From RDC,Air,Pre-PQ Process,N/A - From RDC,3-Apr-08,3-Apr-08,3-Apr-08,ARV,Adult,SCMS from RDC,"Efavirenz 600mg, tablets, 30 Tabs",Efavirenz,Generic,600mg,Tablet,30,18760,225307.6,12.01,0.4,Mylan (formerly Matrix) Nashik,No,See DN-692 (ID#:11233),See DN-692 (ID#:11233),360.49
11530,106-HT-T01,Pre-PQ Process,SO-2598,DN-783,Haiti,PMO - US,From RDC,N/A - From RDC,Air,Pre-PQ Process,N/A - From RDC,13-Jun-08,13-Jun-08,13-Jun-08,ARV,Adult,SCMS from RDC,"Nevirapine 200mg, tablets, 60 Tabs",Nevirapine,Generic,200mg,Tablet,60,17843,60666.2,3.4,0.06,"Aurobindo Unit III, India",Yes,1667,19069.17,97.07
11531,110-ZM-T01,Pre-PQ Process,SO-1895,DN-824,Zambia,PMO - US,From RDC,N/A - From RDC,Truck,Pre-PQ Process,N/A - From RDC,23-Jul-08,23-Jul-08,23-Jul-08,ARV,Adult,SCMS from RDC,"Efavirenz 600mg, tablets, 30 Tabs",Efavirenz,Generic,600mg,Tablet,30,45000,540450,12.01,0.4,Mylan (formerly Matrix) Nashik,Yes,3457,1934.31,864.72
11532,100-PK-T01,Pre-PQ Process,SO-2496,DN-732,Pakistan,PMO - US,From RDC,N/A - From RDC,Air,Pre-PQ Process,N/A - From RDC,19-May-08,19-May-08,19-May-08,HRDT,HIV test - Ancillary,SCMS from RDC,"HIV, Lancet, Safety, for HIV Test kits, 100 Pcs","HIV, Lancet, Safety, for HIV Test kits, 100 Pcs",Generic,N/A,Test kit - Ancillary,100,20,0.2,0.01,0,Inverness Japan,No,See DN-732 (ID#:10675),See DN-732 (ID#:10675),0
11533,131-NG-T01,Pre-PQ Process,SO-2575,DN-737,Nigeria,PMO - US,From RDC,N/A - From RDC,Air,Pre-PQ Process,N/A - From RDC,14-May-08,14-May-08,14-May-08,ARV,Adult,SCMS from RDC,"Lamivudine/Nevirapine/Zidovudine 150/200/300mg, tablets, 60 Tabs",Lamivudine/Nevirapine/Zidovudine,Generic,150/300/200mg,Tablet - FDC,60,164,2177.92,13.28,0.22,"Aurobindo Unit III, India",Yes,2095,10098.25,3.48
11535,109-TZ-T01,Pre-PQ Process,SO-1942,DN-654,Tanzania,PMO - US,From RDC,N/A - From RDC,N/A,Pre-PQ Process,N/A - From RDC,28-Mar-08,28-Mar-08,28-Mar-08,ARV,Adult,SCMS from RDC,"Efavirenz 600mg, tablets, 30 Tabs",Efavirenz,Generic,600mg,Tablet,30,49997,620962.74,12.42,0.41,"Aurobindo Unit III, India",Yes,4345,14637,993.54
11536,112-NG-T01,Pre-PQ Process,SO-2726,DN-800,Nigeria,PMO - US,From RDC,N/A - From RDC,Air,Pre-PQ Process,N/A - From RDC,19-Jun-08,19-Jun-08,19-Jun-08,ARV,Adult,SCMS from RDC,"Stavudine 30mg, capsules, 60 Caps",Stavudine,Generic,30mg,Capsule,60,154,238.7,1.55,0.03,"Aurobindo Unit III, India",No,See DN-800 (ID#:10953),See DN-800 (ID#:10953),0.38
11537,106-HT-T01,Pre-PQ Process,SO-2047,DN-742,Haiti,PMO - US,From RDC,N/A - From RDC,Air,Pre-PQ Process,N/A - From RDC,2-Jun-08,2-Jun-08,2-Jun-08,ARV,Pediatric,SCMS from RDC,"Didanosine 200mg, chewable/dispersible tablets, 60 Tabs",Didanosine,Generic,200mg,Chewable/dispersible tablet,60,98,1519,15.5,0.26,"Aurobindo Unit III, India",Yes,77,991.49,2.43
11538,109-TZ-T01,Pre-PQ Process,SO-1695,DN-663,Tanzania,PMO - US,From RDC,N/A - From RDC,N/A,Pre-PQ Process,N/A - From RDC,22-Apr-08,23-Apr-08,23-Apr-08,ARV,Adult,SCMS from RDC,"Abacavir 300mg, tablets, 60 Tabs",Abacavir,Generic,300mg,Tablet,60,5730,157746.9,27.53,0.46,"Aurobindo Unit III, India",No,See DN-663 (ID#:10960),See DN-663 (ID#:10960),252.4
11539,123-NG-T01,Pre-PQ Process,SO-2553,DN-836,Nigeria,PMO - US,From RDC,N/A - From RDC,Air,Pre-PQ Process,N/A - From RDC,31-Jul-08,31-Jul-08,31-Jul-08,ARV,Adult,SCMS from RDC,"Nevirapine 200mg, tablets, 60 Tabs",Nevirapine,Generic,200mg,Tablet,60,6002,20406.8,3.4,0.06,"Aurobindo Unit III, India",No,See DN-836 (ID#:11244),See DN-836 (ID#:11244),32.65
11540,105-GY-T01,Pre-PQ Process,SO-11630,DN-841,Guyana,PMO - US,From RDC,N/A - From RDC,Air,Pre-PQ Process,N/A - From RDC,25-Jul-08,25-Jul-08,25-Jul-08,ARV,Adult,SCMS from RDC,"Lamivudine 150mg, tablets, 60 Tabs",Lamivudine,Generic,150mg,Tablet,60,431,1249.9,2.9,0.05,"Aurobindo Unit III, India",Yes,377,5228.67,2
11541,114-UG-T01,Pre-PQ Process,SO-1301,DN-480,Uganda,PMO - US,From RDC,N/A - From RDC,Air,Pre-PQ Process,N/A - From RDC,19-Mar-08,19-Mar-08,19-Mar-08,ARV,Adult,SCMS from RDC,"Lamivudine/Stavudine 150/30mg, tablets, 30 Tabs",Lamivudine/Stavudine,Generic,150/30mg,Tablet - FDC,30,300,600,2,0.07,"Cipla, Goa, India",No,See DN-480 (ID#:10693),See DN-480 (ID#:10693),0.96
11542,106-HT-T01,Pre-PQ Process,SO-2601,DN-788,Haiti,PMO - US,From RDC,N/A - From RDC,Air,Pre-PQ Process,N/A - From RDC,1-Jul-08,1-Jul-08,1-Jul-08,ARV,Pediatric,SCMS from RDC,"Efavirenz 200mg, capsule, 90 Caps",Efavirenz,Generic,200mg,Capsule,90,105,1680,16,0.18,"Aurobindo Unit III, India",Yes,14,1015.24,2.69
11543,112-NG-T01,Pre-PQ Process,SO-2350,DN-718,Nigeria,PMO - US,From RDC,N/A - From RDC,Air,Pre-PQ Process,N/A - From RDC,21-Apr-08,21-Apr-08,21-Apr-08,ARV,Adult,SCMS from RDC,"Lamivudine/Zidovudine 150/300mg, tablets, 60 Tabs",Lamivudine/Zidovudine,Generic,150/300mg,Tablet - FDC,60,1300,12285,9.45,0.16,"Aurobindo Unit III, India",No,See DN-718 (ID#:10968),See DN-718 (ID#:10968),19.66
11545,109-TZ-T01,Pre-PQ Process,SO-1651,DN-636,Tanzania,PMO - US,From RDC,N/A - From RDC,Air,Pre-PQ Process,N/A - From RDC,1-Apr-08,1-Apr-08,1-Apr-08,ARV,Pediatric,SCMS from RDC,"Didanosine 100mg, chewable/dispersible tablets, 60 Tabs",Didanosine,Generic,100mg,Chewable/dispersible tablet,60,9367,72594.25,7.75,0.13,"Aurobindo Unit III, India",Yes,1955,6923.3,116.15
11547,104-CI-T01,Pre-PQ Process,SO-1838,DN-632,Côte d'Ivoire,PMO - US,From RDC,N/A - From RDC,Air,Pre-PQ Process,N/A - From RDC,13-Mar-08,13-Mar-08,13-Mar-08,HRDT,HIV test - Ancillary,SCMS from RDC,"HIV, Lancet, Safety, for HIV Test kits, 100 Pcs","HIV, Lancet, Safety, for HIV Test kits, 100 Pcs",Generic,N/A,Test kit - Ancillary,100,250,2.5,0.01,0,Inverness Japan,Yes,61,1225.42,0
11548,119-NA-T01,Pre-PQ Process,SO-1764,DN-635,Namibia,PMO - US,From RDC,N/A - From RDC,Air,Pre-PQ Process,N/A - From RDC,14-Mar-08,14-Mar-08,14-Mar-08,ARV,Adult,SCMS from RDC,"Efavirenz 600mg, tablets, 30 Tabs",Efavirenz,Generic,600mg,Tablet,30,21000,252210,12.01,0.4,"Aurobindo Unit III, India",Yes,1815,6074.62,403.54
11550,114-UG-T01,Pre-PQ Process,SO-1928,DN-652,Uganda,PMO - US,From RDC,N/A - From RDC,N/A,Pre-PQ Process,N/A - From RDC,7-Apr-08,7-Apr-08,7-Apr-08,ARV,Adult,SCMS from RDC,"Lamivudine/Nevirapine/Zidovudine 150/200/300mg, tablets, 60 Tabs",Lamivudine/Nevirapine/Zidovudine,Generic,150/300/200mg,Tablet - FDC,60,1450,19575,13.5,0.22,"Cipla, Goa, India",Yes,167,1472.77,31.32
11551,106-HT-T01,Pre-PQ Process,SO-2072,DN-695,Haiti,PMO - US,From RDC,N/A - From RDC,Air,Pre-PQ Process,N/A - From RDC,11-Apr-08,11-Apr-08,11-Apr-08,ARV,Pediatric,SCMS from RDC,"Efavirenz 30mg/ml [Stocrin/Sustiva], oral solution, Bottle, 180 ml",Efavirenz,Stocrin/Sustiva,30mg/ml,Oral solution,180,34,576.64,16.96,0.09,"MSD, Haarlem, NL",Yes,14,896.55,0.92
11552,117-ET-T01,Pre-PQ Process,SO-1537,DN-631,Ethiopia,PMO - US,From RDC,N/A - From RDC,Air,Pre-PQ Process,N/A - From RDC,6-Mar-08,6-Mar-08,6-Mar-08,ARV,Adult,SCMS from RDC,"Lamivudine 150mg, tablets, 60 Tabs",Lamivudine,Generic,150mg,Tablet,60,65500,199120,3.04,0.05,"Ranbaxy, Paonta Shahib, India",Yes,3858,12047.8,318.59
11553,106-HT-T01,Pre-PQ Process,SO-2055,DN-690,Haiti,PMO - US,From RDC,N/A - From RDC,Air,Pre-PQ Process,N/A - From RDC,14-Apr-08,14-Apr-08,14-Apr-08,ARV,Adult,SCMS from RDC,"Lamivudine/Zidovudine 150/300mg, tablets, 60 Tabs",Lamivudine/Zidovudine,Generic,150/300mg,Tablet - FDC,60,24345,230060.25,9.45,0.16,"Aurobindo Unit III, India",No,See DN-690 (ID#:10706),See DN-690 (ID#:10706),368.1
11554,111-MZ-T01,Pre-PQ Process,SO-1876,DN-707,Mozambique,PMO - US,From RDC,N/A - From RDC,Air,Pre-PQ Process,N/A - From RDC,22-May-08,22-May-08,22-May-08,ARV,Adult,SCMS from RDC,"Lamivudine/Nevirapine/Stavudine 150/200/30mg, tablets, 60 Tabs",Lamivudine/Nevirapine/Stavudine,Generic,150/200/30mg,Tablet - FDC,60,39000,288600,7.4,0.12,"Cipla, Goa, India",Yes,7719,6260.71,461.76
11555,113-ZW-T01,Pre-PQ Process,SO-2502,DN-813,Zimbabwe,PMO - US,From RDC,N/A - From RDC,Truck,Pre-PQ Process,N/A - From RDC,26-Jul-08,26-Jul-08,26-Jul-08,ARV,Adult,SCMS from RDC,"Efavirenz 600mg, tablets, 30 Tabs",Efavirenz,Generic,600mg,Tablet,30,4000,48040,12.01,0.4,"Aurobindo Unit III, India",No,See DN-813 (ID#:10979),See DN-813 (ID#:10979),76.86
11556,110-ZM-T01,Pre-PQ Process,SO-2549,DN-823,Zambia,PMO - US,From RDC,N/A - From RDC,Truck,Pre-PQ Process,N/A - From RDC,23-Jul-08,23-Jul-08,23-Jul-08,ARV,Adult,SCMS from RDC,"Lamivudine/Nevirapine/Stavudine 150/200/30mg, tablets, 60 Tabs",Lamivudine/Nevirapine/Stavudine,Generic,150/200/30mg,Tablet - FDC,60,60000,432000,7.2,0.12,"Strides, Bangalore, India.",No,See DN-823 (ID#:11271),See DN-823 (ID#:11271),691.2
11557,105-GY-T01,Pre-PQ Process,SO-2465,DN-728,Guyana,PMO - US,From RDC,N/A - From RDC,Air,Pre-PQ Process,N/A - From RDC,20-May-08,20-May-08,20-May-08,ARV,Adult,SCMS from RDC,"Lopinavir/Ritonavir 200/50mg [Aluvia], tablets, 120 Tabs",Lopinavir/Ritonavir,Aluvia,200/50mg,Tablet,120,1530,125766,82.2,0.68,ABBVIE Ludwigshafen Germany,Yes,347,4220.15,201.23
11558,109-TZ-T01,Pre-PQ Process,SO-2721,DN-766,Tanzania,PMO - US,From RDC,N/A - From RDC,Air,Pre-PQ Process,N/A - From RDC,10-Jul-08,10-Jul-08,10-Jul-08,ARV,Adult,SCMS from RDC,"Lamivudine 150mg, tablets, 60 Tabs",Lamivudine,Generic,150mg,Tablet,60,11352,33034.32,2.91,0.05,"Aurobindo Unit III, India",Yes,572,4152.56,52.85
11559,109-TZ-T01,Pre-PQ Process,SO-2682,DN-902,Tanzania,PMO - US,From RDC,N/A - From RDC,Air,Pre-PQ Process,N/A - From RDC,26-Sep-08,26-Sep-08,26-Sep-08,ARV,Adult,SCMS from RDC,"Lopinavir/Ritonavir 200/50mg [Aluvia], tablets, 120 Tabs",Lopinavir/Ritonavir,Aluvia,200/50mg,Tablet,120,2580,106038,41.1,0.34,ABBVIE Ludwigshafen Germany,Yes,587,1153.97,169.66
11560,117-ET-T01,Pre-PQ Process,SO-18340,DN-1003,Ethiopia,PMO - US,From RDC,N/A - From RDC,Air,Pre-PQ Process,N/A - From RDC,11-Nov-08,11-Nov-08,11-Nov-08,ARV,Adult,SCMS from RDC,"Zidovudine 300mg, tablets, 60 Tabs",Zidovudine,Generic,300mg,Tablet,60,5000,39500,7.9,0.13,"Aurobindo Unit III, India",Yes,229,1774.3,77.42
11561,113-ZW-T01,Pre-PQ Process,SO-13991,DN-1015,Zimbabwe,PMO - US,From RDC,N/A - From RDC,Truck,Pre-PQ Process,N/A - From RDC,19-Nov-08,19-Nov-08,19-Nov-08,ARV,Adult,SCMS from RDC,"Lamivudine/Stavudine 150/30mg, tablets, 30 Tabs",Lamivudine/Stavudine,Generic,150/30mg,Tablet - FDC,30,8000,16000,2,0.07,"Cipla, Goa, India",Yes,8855,29883.7,31.36
11562,110-ZM-T01,Pre-PQ Process,SO-19411,DN-1029,Zambia,PMO - US,From RDC,N/A - From RDC,Air,Pre-PQ Process,N/A - From RDC,11-Dec-08,11-Dec-08,11-Dec-08,ARV,Adult,SCMS from RDC,"Zidovudine 300mg, tablets, 60 Tabs",Zidovudine,Generic,300mg,Tablet,60,2306,18793.9,8.15,0.14,"Aurobindo Unit III, India",Yes,132,1659.48,36.84
11563,102-KE-T01,Pre-PQ Process,SO-11440,DN-965,Kenya,PMO - US,From RDC,N/A - From RDC,Truck,Pre-PQ Process,N/A - From RDC,23-Oct-08,23-Oct-08,23-Oct-08,HRDT,HIV test - Ancillary,SCMS from RDC,"HIV, Lancet, Safety, for HIV Test kits, 100 Pcs","HIV, Lancet, Safety, for HIV Test kits, 100 Pcs",Generic,N/A,Test kit - Ancillary,100,5000,50,0.01,0,Inverness Japan,Yes,Weight Captured Separately,Invoiced Separately,0.1
11564,105-GY-T01,Pre-PQ Process,SO-18470,DN-1017,Guyana,PMO - US,From RDC,N/A - From RDC,Air,Pre-PQ Process,N/A - From RDC,21-Nov-08,21-Nov-08,21-Nov-08,ARV,Adult,SCMS from RDC,"Zidovudine 300mg, tablets, 60 Tabs",Zidovudine,Generic,300mg,Tablet,60,416,3286.4,7.9,0.13,"Aurobindo Unit III, India",Yes,49,1465.71,6.44
11565,114-UG-T01,Pre-PQ Process,SO-17790,DN-1082,Uganda,PMO - US,From RDC,N/A - From RDC,Air,Pre-PQ Process,N/A - From RDC,3-Mar-09,3-Mar-09,3-Mar-09,ARV,Adult,SCMS from RDC,"Zidovudine 300mg, tablets, 60 Tabs",Zidovudine,Generic,300mg,Tablet,60,50,395,7.9,0.13,"Aurobindo Unit III, India",Yes,3,978.92,0.77
11567,110-ZM-T01,Pre-PQ Process,SO-2490,DN-950,Zambia,PMO - US,From RDC,N/A - From RDC,Truck,Pre-PQ Process,N/A - From RDC,21-Oct-08,21-Oct-08,21-Oct-08,ARV,Adult,SCMS from RDC,"Nevirapine 200mg, tablets, 60 Tabs",Nevirapine,Generic,200mg,Tablet,60,40454,137543.6,3.4,0.06,"Aurobindo Unit III, India",Yes,3787,4060.55,269.59
11568,114-UG-T01,Pre-PQ Process,SO-17770,DN-998,Uganda,PMO - US,From RDC,N/A - From RDC,Truck,Pre-PQ Process,N/A - From RDC,15-Dec-08,15-Dec-08,15-Dec-08,ARV,Adult,SCMS from RDC,"Nevirapine 200mg, tablets, 60 Tabs",Nevirapine,Generic,200mg,Tablet,60,2523,8073.6,3.2,0.05,Hetero Unit III Hyderabad IN,Yes,585,5698.01,15.82
11569,107-RW-T01,Pre-PQ Process,SO-24620,DN-1117,Rwanda,PMO - US,From RDC,N/A - From RDC,Air,Pre-PQ Process,N/A - From RDC,6-Mar-09,6-Mar-09,6-Mar-09,ARV,Adult,SCMS from RDC,"Lamivudine/Zidovudine 150/300mg, tablets, 60 Tabs",Lamivudine/Zidovudine,Generic,150/300mg,Tablet - FDC,60,15000,131400,8.76,0.15,"Aurobindo Unit III, India",Yes,1364,21215.4,257.54
11570,112-NG-T01,Pre-PQ Process,SO-2729,DN-1008,Nigeria,PMO - US,From RDC,N/A - From RDC,Air,Pre-PQ Process,N/A - From RDC,17-Nov-08,17-Nov-08,17-Nov-08,ARV,Adult,SCMS from RDC,"Stavudine 30mg, capsules, 60 Caps",Stavudine,Generic,30mg,Capsule,60,948,1469.4,1.55,0.03,"Aurobindo Unit III, India",Yes,127,4984.4,2.88
11571,112-NG-T01,Pre-PQ Process,SO-2729,DN-1008,Nigeria,PMO - US,From RDC,N/A - From RDC,Air,Pre-PQ Process,N/A - From RDC,17-Nov-08,17-Nov-08,17-Nov-08,ARV,Adult,SCMS from RDC,"Lamivudine 150mg, tablets, 60 Tabs",Lamivudine,Generic,150mg,Tablet,60,1077,3123.3,2.9,0.05,"Aurobindo Unit III, India",No,See DN-1008 (ID#:11570),See DN-1008 (ID#:11570),6.12
11572,112-NG-T01,Pre-PQ Process,SO-2729,DN-1008,Nigeria,PMO - US,From RDC,N/A - From RDC,Air,Pre-PQ Process,N/A - From RDC,17-Nov-08,17-Nov-08,17-Nov-08,ARV,Adult,SCMS from RDC,"Emtricitabine/Tenofovir Disoproxil Fumarate 200/300mg [Truvada], tablets, 30 Tabs",Emtricitabine/Tenofovir Disoproxil Fumarate,Truvada,300/200mg,Tablet - FDC,30,6,157.5,26.25,0.88,"Aspen-OSD, Port Elizabeth, SA",No,See DN-1008 (ID#:11570),See DN-1008 (ID#:11570),0.31
11573,130-NG-T01,Pre-PQ Process,SO-10650,DN-1009,Nigeria,PMO - US,From RDC,N/A - From RDC,Air,Pre-PQ Process,N/A - From RDC,17-Nov-08,17-Nov-08,17-Nov-08,ARV,Adult,SCMS from RDC,"Nevirapine 200mg, tablets, 60 Tabs",Nevirapine,Generic,200mg,Tablet,60,2454,8343.6,3.4,0.06,"Aurobindo Unit III, India",Yes,231,4401.4,16.35
11574,130-NG-T01,Pre-PQ Process,SO-17690,DN-1012,Nigeria,PMO - US,From RDC,N/A - From RDC,Air,Pre-PQ Process,N/A - From RDC,26-Nov-08,26-Nov-08,26-Nov-08,ARV,Adult,SCMS from RDC,"Lamivudine/Zidovudine 150/300mg, tablets, 60 Tabs",Lamivudine/Zidovudine,Generic,150/300mg,Tablet - FDC,60,2780,25993,9.35,0.16,"Aurobindo Unit III, India",Yes,262,2426.8,50.95
11577,110-ZM-T01,Pre-PQ Process,SO-2486,DN-912,Zambia,PMO - US,From RDC,N/A - From RDC,Truck,Pre-PQ Process,N/A - From RDC,23-Sep-08,23-Sep-08,23-Sep-08,ARV,Adult,SCMS from RDC,"Lamivudine/Zidovudine 150/300mg, tablets, 60 Tabs",Lamivudine/Zidovudine,Generic,150/300mg,Tablet - FDC,60,26402,249498.9,9.45,0.16,"Aurobindo Unit III, India",Yes,6986,6269.7,399.2
11578,113-ZW-T01,Pre-PQ Process,SO-2503,DN-900,Zimbabwe,PMO - US,From RDC,N/A - From RDC,Truck,Pre-PQ Process,N/A - From RDC,12-Sep-08,12-Sep-08,12-Sep-08,ARV,Adult,SCMS from RDC,"Lamivudine/Nevirapine/Stavudine 150/200/30mg, tablets, 60 Tabs",Lamivudine/Nevirapine/Stavudine,Generic,150/200/30mg,Tablet - FDC,60,76000,562400,7.4,0.12,"Cipla, Goa, India",No,See DN-900 (ID#:11284),See DN-900 (ID#:11284),899.84
11579,112-NG-T01,Pre-PQ Process,SO-12780,DN-911,Nigeria,PMO - US,From RDC,N/A - From RDC,Air,Pre-PQ Process,N/A - From RDC,12-Sep-08,12-Sep-08,12-Sep-08,ARV,Adult,SCMS from RDC,"Emtricitabine/Tenofovir Disoproxil Fumarate 200/300mg [Truvada], tablets, 30 Tabs",Emtricitabine/Tenofovir Disoproxil Fumarate,Truvada,300/200mg,Tablet - FDC,30,76,1995,26.25,0.88,"Aspen-OSD, Port Elizabeth, SA",Yes,7,747.5,3.19
11581,106-HT-T01,Pre-PQ Process,SO-15970,DN-1022,Haiti,PMO - US,From RDC,N/A - From RDC,Air,Pre-PQ Process,N/A - From RDC,10-Dec-08,10-Dec-08,10-Dec-08,ARV,Pediatric,SCMS from RDC,"Lamivudine 10mg/ml, oral solution, Bottle, 240 ml",Lamivudine,Generic,10mg/ml,Oral solution,240,1595,3030.5,1.9,0.01,"Aurobindo Unit III, India",Yes,598,6338.09,5.94
11582,110-ZM-T01,Pre-PQ Process,SO-2493,DN-967,Zambia,PMO - US,From RDC,N/A - From RDC,Truck,Pre-PQ Process,N/A - From RDC,7-Nov-08,7-Nov-08,7-Nov-08,ARV,Adult,SCMS from RDC,"Nevirapine 200mg, tablets, 60 Tabs",Nevirapine,Generic,200mg,Tablet,60,50000,170000,3.4,0.06,Hetero Unit III Hyderabad IN,Yes,2773,2938.92,333.2
11583,111-MZ-T01,Pre-PQ Process,SO-15091,DN-989,Mozambique,PMO - US,From RDC,N/A - From RDC,Air,Pre-PQ Process,N/A - From RDC,18-Dec-08,18-Dec-08,18-Dec-08,ARV,Adult,SCMS from RDC,"Lamivudine/Nevirapine/Stavudine 150/200/30mg, tablets, 60 Tabs",Lamivudine/Nevirapine/Stavudine,Generic,150/200/30mg,Tablet - FDC,60,92950,669240,7.2,0.12,"Strides, Bangalore, India.",Yes,6883,7534.18,1311.71
11584,102-KE-T01,Pre-PQ Process,SO-11470,DN-991,Kenya,PMO - US,From RDC,N/A - From RDC,Truck,Pre-PQ Process,N/A - From RDC,31-Oct-08,31-Oct-08,31-Oct-08,HRDT,HIV test,SCMS from RDC,"HIV 1/2, Uni-Gold HIV Kit, 20 Tests","HIV 1/2, Uni-Gold HIV Kit",Uni-Gold,N/A,Test kit,20,1250,40000,32,1.6,"Trinity Biotech, Plc",Yes,394,157.5,78.4
11585,119-NA-T01,Pre-PQ Process,SO-15510,DN-953,Namibia,PMO - US,From RDC,N/A - From RDC,Truck,Pre-PQ Process,N/A - From RDC,30-Oct-08,30-Oct-08,30-Oct-08,ARV,Pediatric,SCMS from RDC,"Lamivudine/Nevirapine/Stavudine 30/50/6mg, dispersible tablets, 60 Tabs",Lamivudine/Nevirapine/Stavudine,Generic,30/50/6mg,Chewable/dispersible tablet - FDC,60,1008,2509.92,2.49,0.04,"Cipla, Goa, India",Yes,303,2989.45,4.92
11586,119-NA-T01,Pre-PQ Process,SO-15510,DN-953,Namibia,PMO - US,From RDC,N/A - From RDC,Truck,Pre-PQ Process,N/A - From RDC,30-Oct-08,30-Oct-08,30-Oct-08,ARV,Pediatric,SCMS from RDC,"Lamivudine/Nevirapine/Stavudine 60/100/12mg, dispersible tablets, 60 Tabs",Lamivudine/Nevirapine/Stavudine,Generic,60/100/12mg,Chewable/dispersible tablet - FDC,60,3600,16344,4.54,0.08,"Cipla, Goa, India",No,See DN-953 (ID#:11585),See DN-953 (ID#:11585),32.03
11587,117-ET-T01,Pre-PQ Process,SO-23980,DN-1107,Ethiopia,PMO - US,From RDC,N/A - From RDC,Air,Pre-PQ Process,N/A - From RDC,4-Mar-09,4-Mar-09,4-Mar-09,ARV,Adult,SCMS from RDC,"Lamivudine/Nevirapine/Stavudine 150/200/30mg, tablets, 60 Tabs",Lamivudine/Nevirapine/Stavudine,Generic,150/200/30mg,Tablet - FDC,60,41922,298484.64,7.12,0.12,"Strides, Bangalore, India.",Yes,3190,14732.36,585.03
11590,104-CI-T01,Pre-PQ Process,SO-11840,DN-947,Côte d'Ivoire,PMO - US,From RDC,N/A - From RDC,Air,Pre-PQ Process,N/A - From RDC,1-Dec-08,1-Dec-08,1-Dec-08,ARV,Pediatric,SCMS from RDC,"Stavudine 1mg/ml, powder for oral solution, 200 ml",Stavudine,Generic,1mg/ml,Oral solution,200,3250,4550,1.4,0.01,"Aurobindo Unit III, India",Yes,315,6381.87,8.92
11591,104-CI-T01,Pre-PQ Process,SO-11830,DN-948,Côte d'Ivoire,PMO - US,From RDC,N/A - From RDC,Air,Pre-PQ Process,N/A - From RDC,3-Dec-08,3-Dec-08,3-Dec-08,ARV,Pediatric,SCMS from RDC,"Efavirenz 30mg/ml [Stocrin/Sustiva], oral solution, Bottle, 180 ml",Efavirenz,Stocrin/Sustiva,30mg/ml,Oral solution,180,1793,30409.28,16.96,0.09,"MSD, Haarlem, NL",No,See DN-948 (ID#:10994),See DN-948 (ID#:10994),59.6
11592,114-UG-T01,Pre-PQ Process,SO-17430,DN-968,Uganda,PMO - US,From RDC,N/A - From RDC,Air,Pre-PQ Process,N/A - From RDC,9-Dec-08,9-Dec-08,9-Dec-08,ARV,Adult,SCMS from RDC,"Lamivudine/Nevirapine/Zidovudine 150/200/300mg, tablets, 60 Tabs",Lamivudine/Nevirapine/Zidovudine,Generic,150/300/200mg,Tablet - FDC,60,4704,55507.2,11.8,0.2,"Aurobindo Unit III, India",No,See DN-968 (ID#:11289),See DN-968 (ID#:11289),108.79
11593,114-UG-T01,Pre-PQ Process,SO-17440,DN-969,Uganda,PMO - US,From RDC,N/A - From RDC,Air,Pre-PQ Process,N/A - From RDC,4-Nov-08,4-Nov-08,4-Nov-08,ARV,Adult,SCMS from RDC,"Emtricitabine/Tenofovir Disoproxil Fumarate 200/300mg [Truvada], tablets, 30 Tabs",Emtricitabine/Tenofovir Disoproxil Fumarate,Truvada,300/200mg,Tablet - FDC,30,67,1758.75,26.25,0.88,Gilead(Nycomed) Oranienburg DE,Yes,666,4503,3.45
11594,114-UG-T01,Pre-PQ Process,SO-17440,DN-969,Uganda,PMO - US,From RDC,N/A - From RDC,Air,Pre-PQ Process,N/A - From RDC,4-Nov-08,4-Nov-08,4-Nov-08,ARV,Adult,SCMS from RDC,"Lamivudine/Nevirapine/Zidovudine 150/200/300mg, tablets, 60 Tabs",Lamivudine/Nevirapine/Zidovudine,Generic,150/300/200mg,Tablet - FDC,60,5919,69844.2,11.8,0.2,"Aurobindo Unit III, India",No,See DN-969 (ID#:11593),See DN-969 (ID#:11593),136.89
11595,110-ZM-T01,Pre-PQ Process,SO-17600,DN-1116,Zambia,PMO - US,From RDC,N/A - From RDC,Air,Pre-PQ Process,N/A - From RDC,17-Mar-09,17-Mar-09,17-Mar-09,ARV,Adult,SCMS from RDC,"Efavirenz 600mg, tablets, 30 Tabs",Efavirenz,Generic,600mg,Tablet,30,100000,1100000,11,0.37,"Aurobindo Unit III, India",Yes,8645,14041.17,2156
11596,109-TZ-T01,Pre-PQ Process,SO-1697,DN-893,Tanzania,PMO - US,From RDC,N/A - From RDC,N/A,Pre-PQ Process,N/A - From RDC,15-Sep-08,15-Sep-08,15-Sep-08,ARV,Adult,SCMS from RDC,"Lamivudine/Zidovudine 150/300mg, tablets, 60 Tabs",Lamivudine/Zidovudine,Generic,150/300mg,Tablet - FDC,60,58086,551817,9.5,0.16,"Aurobindo Unit III, India",Yes,8343,9001.03,882.91
11597,111-MZ-T01,Pre-PQ Process,SO-15080,DN-1034,Mozambique,PMO - US,From RDC,N/A - From RDC,Air,Pre-PQ Process,N/A - From RDC,21-Feb-09,21-Feb-09,21-Feb-09,ARV,Adult,SCMS from RDC,"Nevirapine 200mg, tablets, 60 Tabs",Nevirapine,Generic,200mg,Tablet,60,7306,23379.2,3.2,0.05,Hetero Unit III Hyderabad IN,No,See DN-1034 (ID#:10732),See DN-1034 (ID#:10732),45.82
11598,111-MZ-T01,Pre-PQ Process,SO-2424,DN-850,Mozambique,PMO - US,From RDC,N/A - From RDC,Air,Pre-PQ Process,N/A - From RDC,5-Sep-08,5-Sep-08,5-Sep-08,ARV,Adult,SCMS from RDC,"Lamivudine/Stavudine 150/30mg, tablets, 30 Tabs",Lamivudine/Stavudine,Generic,150/30mg,Tablet - FDC,30,10000,20000,2,0.07,"Cipla, Goa, India",No,See DN-850 (ID#:10733),See DN-850 (ID#:10733),32
11600,111-MZ-T01,Pre-PQ Process,SO-15082,DN-1054,Mozambique,PMO - US,From RDC,N/A - From RDC,Air,Pre-PQ Process,N/A - From RDC,26-Feb-09,26-Feb-09,26-Feb-09,ARV,Adult,SCMS from RDC,"Lamivudine/Nevirapine/Stavudine 150/200/30mg, tablets, 60 Tabs",Lamivudine/Nevirapine/Stavudine,Generic,150/200/30mg,Tablet - FDC,60,92933,669117.6,7.2,0.12,"Strides, Bangalore, India.",Yes,7011,7199.72,1311.47
11601,104-CI-T01,Pre-PQ Process,SO-11831,DN-949,Côte d'Ivoire,PMO - US,From RDC,N/A - From RDC,Air,Pre-PQ Process,N/A - From RDC,1-Dec-08,1-Dec-08,1-Dec-08,ARV,Adult,SCMS from RDC,"Lamivudine/Stavudine 150/30mg, tablets, 60 Tabs",Lamivudine/Stavudine,Generic,150/30mg,Tablet - FDC,60,21542,84013.8,3.9,0.06,Mylan (formerly Matrix) Nashik,Yes,1583,6381.87,164.67
11602,114-UG-T01,Pre-PQ Process,SO-17700,DN-992,Uganda,PMO - US,From RDC,N/A - From RDC,Air,Pre-PQ Process,N/A - From RDC,9-Jan-09,9-Jan-09,9-Jan-09,ARV,Adult,SCMS from RDC,"Lamivudine/Nevirapine/Stavudine 150/200/30mg, tablets, 60 Tabs",Lamivudine/Nevirapine/Stavudine,Generic,150/200/30mg,Tablet - FDC,60,1511,10879.2,7.2,0.12,"Strides, Bangalore, India.",Yes,205,2202.02,21.32
11603,117-ET-T01,Pre-PQ Process,SO-22020,DN-1052,Ethiopia,PMO - US,From RDC,N/A - From RDC,Air,Pre-PQ Process,N/A - From RDC,3-Mar-09,3-Mar-09,3-Mar-09,ARV,Adult,SCMS from RDC,"Efavirenz 600mg, tablets, 30 Tabs",Efavirenz,Generic,600mg,Tablet,30,11549,122650.38,10.62,0.35,"Aurobindo Unit III, India",No,See DN-1052 (ID#:10737),See DN-1052 (ID#:10737),240.39
11605,114-UG-T01,Pre-PQ Process,SO-10180,DN-898,Uganda,PMO - US,From RDC,N/A - From RDC,Air,Pre-PQ Process,N/A - From RDC,25-Sep-08,25-Sep-08,25-Sep-08,ARV,Pediatric,SCMS from RDC,"Zidovudine 10mg/ml, oral solution, Bottle, 240 ml",Zidovudine,Generic,10mg/ml,Oral solution,240,14668,30802.8,2.1,0.01,"Aurobindo Unit III, India",Yes,5511,7876.44,49.28
11606,109-TZ-T01,Pre-PQ Process,SO-2563,DN-899,Tanzania,PMO - US,From RDC,N/A - From RDC,Air,Pre-PQ Process,N/A - From RDC,26-Sep-08,26-Sep-08,26-Sep-08,ARV,Adult,SCMS from RDC,"Efavirenz 600mg, tablets, 30 Tabs",Efavirenz,Generic,600mg,Tablet,30,131808,1583014.08,12.01,0.4,Mylan (formerly Matrix) Nashik,Yes,9996,8399.76,2532.82
11607,114-UG-T01,Pre-PQ Process,SO-17753,DN-1084,Uganda,PMO - US,From RDC,N/A - From RDC,Air,Pre-PQ Process,N/A - From RDC,5-Mar-09,5-Mar-09,5-Mar-09,ARV,Adult,SCMS from RDC,"Nevirapine 200mg, tablets, 60 Tabs",Nevirapine,Generic,200mg,Tablet,60,1524,4876.8,3.2,0.05,"Aurobindo Unit III, India",No,See DN-1084 (ID#:11295),See DN-1084 (ID#:11295),9.56
11608,117-ET-T01,Pre-PQ Process,SO-22020,DN-1052,Ethiopia,PMO - US,From RDC,N/A - From RDC,Air,Pre-PQ Process,N/A - From RDC,3-Mar-09,3-Mar-09,3-Mar-09,ARV,Adult,SCMS from RDC,"Tenofovir Disoproxil Fumarate 300mg, tablets, 30 Tabs",Tenofovir Disoproxil Fumarate,Generic,300mg,Tablet,30,7000,92960,13.28,0.44,Mylan (formerly Matrix) Nashik,No,See DN-1052 (ID#:10737),See DN-1052 (ID#:10737),182.2
11609,117-ET-T01,Pre-PQ Process,SO-22020,DN-1052,Ethiopia,PMO - US,From RDC,N/A - From RDC,Air,Pre-PQ Process,N/A - From RDC,3-Mar-09,3-Mar-09,3-Mar-09,ARV,Adult,SCMS from RDC,"Lamivudine/Stavudine 150/30mg, tablets, 30 Tabs",Lamivudine/Stavudine,Generic,150/30mg,Tablet - FDC,30,14814,29628,2,0.07,"Cipla, Goa, India",No,See DN-1052 (ID#:10737),See DN-1052 (ID#:10737),58.07
11610,100-PK-T01,Pre-PQ Process,SO-22440,DN-1147,Pakistan,PMO - US,From RDC,N/A - From RDC,Air,Pre-PQ Process,N/A - From RDC,1-Apr-09,1-Apr-09,1-Apr-09,HRDT,HIV test,SCMS from RDC,"HIV 1/2, Uni-Gold HIV Kit, 20 Tests","HIV 1/2, Uni-Gold HIV Kit",Uni-Gold,N/A,Test kit,20,15,540,36,1.8,"Trinity Biotech, Plc",Yes,16,1764.93,1.06
11612,110-ZM-T01,Pre-PQ Process,SO-2489,DN-865,Zambia,PMO - US,From RDC,N/A - From RDC,Truck,Pre-PQ Process,N/A - From RDC,27-Aug-08,27-Aug-08,27-Aug-08,ARV,Adult,SCMS from RDC,"Nevirapine 200mg, tablets, 60 Tabs",Nevirapine,Generic,200mg,Tablet,60,44440,151096,3.4,0.06,"Aurobindo Unit III, India",Yes,8276,6120.06,241.75
11613,132-NG-T01,Pre-PQ Process,SO-11810,DN-882,Nigeria,PMO - US,From RDC,N/A - From RDC,Air,Pre-PQ Process,N/A - From RDC,24-Aug-08,24-Aug-08,24-Aug-08,ARV,Adult,SCMS from RDC,"Emtricitabine/Tenofovir Disoproxil Fumarate 200/300mg [Truvada], tablets, 30 Tabs",Emtricitabine/Tenofovir Disoproxil Fumarate,Truvada,300/200mg,Tablet - FDC,30,15000,393750,26.25,0.88,"Aspen-OSD, Port Elizabeth, SA",Yes,1317,8924.98,630
11614,106-HT-T01,Pre-PQ Process,SO-15930,DN-944,Haiti,PMO - US,From RDC,N/A - From RDC,Air,Pre-PQ Process,N/A - From RDC,4-Nov-08,4-Nov-08,4-Nov-08,ARV,Adult,SCMS from RDC,"Nevirapine 200mg, tablets, 60 Tabs",Nevirapine,Generic,200mg,Tablet,60,21814,69804.8,3.2,0.05,"Aurobindo Unit III, India",No,See DN-944 (ID#:11012),See DN-944 (ID#:11012),136.82
11615,112-NG-T01,Pre-PQ Process,SO-20950,DN-1059,Nigeria,PMO - US,From RDC,N/A - From RDC,Air,Pre-PQ Process,N/A - From RDC,19-Jan-09,19-Jan-09,19-Jan-09,ARV,Adult,SCMS from RDC,"Nevirapine 200mg, tablets, 60 Tabs",Nevirapine,Generic,200mg,Tablet,60,1923,79035.3,41.1,0.68,"Aurobindo Unit III, India",No,See DN-1059 (ID#:11016),See DN-1059 (ID#:11016),154.91
11616,114-UG-T01,Pre-PQ Process,SO-17820,DN-985,Uganda,PMO - US,From RDC,N/A - From RDC,Air,Pre-PQ Process,N/A - From RDC,9-Jan-09,9-Jan-09,9-Jan-09,ARV,Adult,SCMS from RDC,"Lamivudine/Nevirapine/Stavudine 150/200/30mg, tablets, 60 Tabs",Lamivudine/Nevirapine/Stavudine,Generic,150/200/30mg,Tablet - FDC,60,3374,24292.8,7.2,0.12,"Strides, Bangalore, India.",Yes,250,2331.03,47.61
11617,114-UG-T01,Pre-PQ Process,SO-17870,DN-986,Uganda,PMO - US,From RDC,N/A - From RDC,Air,Pre-PQ Process,N/A - From RDC,9-Jan-09,9-Jan-09,9-Jan-09,ARV,Adult,SCMS from RDC,"Efavirenz 600mg, tablets, 30 Tabs",Efavirenz,Generic,600mg,Tablet,30,1444,15884,11,0.37,"Aurobindo Unit III, India",No,See DN-986 (ID#:10748),See DN-986 (ID#:10748),31.13
11618,117-ET-T01,Pre-PQ Process,SO-22000,DN-1060,Ethiopia,PMO - US,From RDC,N/A - From RDC,Air,Pre-PQ Process,N/A - From RDC,18-Feb-09,18-Feb-09,18-Feb-09,ARV,Adult,SCMS from RDC,"Lamivudine/Nevirapine/Stavudine 150/200/30mg, tablets, 60 Tabs",Lamivudine/Nevirapine/Stavudine,Generic,150/200/30mg,Tablet - FDC,60,8258,58796.96,7.12,0.12,"Strides, Bangalore, India.",Yes,5147,29336.46,115.24
11619,117-ET-T01,Pre-PQ Process,SO-22040,DN-1110,Ethiopia,PMO - US,From RDC,N/A - From RDC,Air,Pre-PQ Process,N/A - From RDC,4-Mar-09,4-Mar-09,4-Mar-09,ARV,Adult,SCMS from RDC,"Lamivudine/Nevirapine/Zidovudine 150/200/300mg, tablets, 60 Tabs",Lamivudine/Nevirapine/Zidovudine,Generic,150/300/200mg,Tablet - FDC,60,27588,325538.4,11.8,0.2,"Aurobindo Unit III, India",Yes,3146,14538.36,638.06
11620,112-NG-T01,Pre-PQ Process,SO-20960,DN-1124,Nigeria,PMO - US,From RDC,N/A - From RDC,Air Charter,Pre-PQ Process,N/A - From RDC,19-Mar-09,19-Mar-09,19-Mar-09,ARV,Adult,SCMS from RDC,"Lamivudine/Nevirapine/Stavudine 150/200/30mg, tablets, 60 Tabs",Lamivudine/Nevirapine/Stavudine,Generic,150/200/30mg,Tablet - FDC,60,11608,82648.96,7.12,0.12,"Cipla, Goa, India",Yes,1871,11492.86,161.99
11622,151-NG-T01,Pre-PQ Process,SO-21781,DN-1130,Nigeria,PMO - US,From RDC,N/A - From RDC,Air,Pre-PQ Process,N/A - From RDC,24-Mar-09,24-Mar-09,24-Mar-09,ARV,Adult,SCMS from RDC,"Emtricitabine/Tenofovir Disoproxil Fumarate 200/300mg [Truvada], tablets, 30 Tabs",Emtricitabine/Tenofovir Disoproxil Fumarate,Truvada,300/200mg,Tablet - FDC,30,143,3753.75,26.25,0.88,"Aspen-OSD, Port Elizabeth, SA",Yes,14,6443.61,7.36
11623,151-NG-T01,Pre-PQ Process,SO-21785,DN-1133,Nigeria,PMO - US,From RDC,N/A - From RDC,Air,Pre-PQ Process,N/A - From RDC,24-Mar-09,24-Mar-09,24-Mar-09,ARV,Adult,SCMS from RDC,"Emtricitabine/Tenofovir Disoproxil Fumarate 200/300mg [Truvada], tablets, 30 Tabs",Emtricitabine/Tenofovir Disoproxil Fumarate,Truvada,300/200mg,Tablet - FDC,30,326,8557.5,26.25,0.88,"Aspen-OSD, Port Elizabeth, SA",Yes,35,6443.61,16.77
11624,151-NG-T01,Pre-PQ Process,SO-21784,DN-1132,Nigeria,PMO - US,From RDC,N/A - From RDC,Air,Pre-PQ Process,N/A - From RDC,24-Mar-09,24-Mar-09,24-Mar-09,ARV,Adult,SCMS from RDC,"Emtricitabine/Tenofovir Disoproxil Fumarate 200/300mg [Truvada], tablets, 30 Tabs",Emtricitabine/Tenofovir Disoproxil Fumarate,Truvada,300/200mg,Tablet - FDC,30,873,22916.25,26.25,0.88,"Aspen-OSD, Port Elizabeth, SA",Yes,76,6443.61,44.92
11626,107-RW-T01,Pre-PQ Process,SO-17230,DN-961,Rwanda,PMO - US,From RDC,N/A - From RDC,Truck,Pre-PQ Process,N/A - From RDC,28-Oct-08,28-Oct-08,28-Oct-08,ARV,Adult,SCMS from RDC,"Nevirapine 200mg, tablets, 60 Tabs",Nevirapine,Generic,200mg,Tablet,60,288,921.6,3.2,0.05,"Aurobindo Unit III, India",Yes,28,896.26,1.81
11627,123-NG-T01,Pre-PQ Process,SO-19380,DN-1050,Nigeria,PMO - US,From RDC,N/A - From RDC,Air,Pre-PQ Process,N/A - From RDC,19-Jan-09,19-Jan-09,19-Jan-09,ARV,Adult,SCMS from RDC,"Emtricitabine/Tenofovir Disoproxil Fumarate 200/300mg [Truvada], tablets, 30 Tabs",Emtricitabine/Tenofovir Disoproxil Fumarate,Truvada,300/200mg,Tablet - FDC,30,32696,858270,26.25,0.88,"Aspen-OSD, Port Elizabeth, SA",Yes,2873,7363.73,1682.21
11628,111-MZ-T01,Pre-PQ Process,SO-15090,DN-933,Mozambique,PMO - US,From RDC,N/A - From RDC,Air,Pre-PQ Process,N/A - From RDC,14-Nov-08,14-Nov-08,14-Nov-08,ARV,Adult,SCMS from RDC,"Lamivudine/Nevirapine/Stavudine 150/200/30mg, tablets, 60 Tabs",Lamivudine/Nevirapine/Stavudine,Generic,150/200/30mg,Tablet - FDC,60,27080,194976,7.2,0.12,"Strides, Bangalore, India.",No,See DN-933 (ID#:10755),See DN-933 (ID#:10755),311.96
11629,112-NG-T01,Pre-PQ Process,SO-20961,DN-1165,Nigeria,PMO - US,From RDC,N/A - From RDC,Air,Pre-PQ Process,N/A - From RDC,2-Apr-09,2-Apr-09,2-Apr-09,ARV,Adult,SCMS from RDC,"Emtricitabine/Tenofovir Disoproxil Fumarate 200/300mg [Truvada], tablets, 30 Tabs",Emtricitabine/Tenofovir Disoproxil Fumarate,Truvada,300/200mg,Tablet - FDC,30,50,1312.5,26.25,0.88,"Aspen-OSD, Port Elizabeth, SA",Yes,5,286.65,2.57
11630,123-NG-T01,Pre-PQ Process,SO-22832,DN-1184,Nigeria,PMO - US,From RDC,N/A - From RDC,Air,Pre-PQ Process,N/A - From RDC,30-Apr-09,30-Apr-09,30-Apr-09,ARV,Adult,SCMS from RDC,"Nevirapine 200mg, tablets, 60 Tabs",Nevirapine,Generic,200mg,Tablet,60,5754,18412.8,3.2,0.05,Hetero Unit III Hyderabad IN,Yes,318,3515.96,36.09
11634,106-HT-T01,Pre-PQ Process,SO-24830,DN-1205,Haiti,PMO - US,From RDC,N/A - From RDC,Air,Pre-PQ Process,N/A - From RDC,19-May-09,19-May-09,19-May-09,ARV,Adult,SCMS from RDC,"Stavudine 15mg, capsules, 60 Caps",Stavudine,Generic,15mg,Capsule,60,108,162,1.5,0.02,"Aurobindo Unit III, India",No,See DN-1205 (ID#:11314),See DN-1205 (ID#:11314),0.32
11635,151-NG-T01,Pre-PQ Process,SO-22527,DN-1209,Nigeria,PMO - US,From RDC,N/A - From RDC,Air Charter,Pre-PQ Process,N/A - From RDC,8-May-09,8-May-09,8-May-09,ARV,Adult,SCMS from RDC,"Lamivudine/Nevirapine/Zidovudine 150/200/300mg, tablets, 60 Tabs",Lamivudine/Nevirapine/Zidovudine,Generic,150/300/200mg,Tablet - FDC,60,1,11.4,11.4,0.19,"Aurobindo Unit III, India",No,See DN-1209 (ID#:10763),See DN-1209 (ID#:10763),0.02
11636,106-HT-T01,Pre-PQ Process,SO-24840,DN-1221,Haiti,PMO - US,From RDC,N/A - From RDC,Air,Pre-PQ Process,N/A - From RDC,22-May-09,22-May-09,22-May-09,ARV,Adult,SCMS from RDC,"Stavudine 30mg, capsules, 60 Caps",Stavudine,Generic,30mg,Capsule,60,4860,7241.4,1.49,0.02,"Aurobindo Unit III, India",Yes,2034,23441.88,14.19
11637,114-UG-T01,Pre-PQ Process,SO-26161,DN-1226,Uganda,PMO - US,From RDC,N/A - From RDC,Air,Pre-PQ Process,N/A - From RDC,1-Jun-09,1-Jun-09,1-Jun-09,ARV,Adult,SCMS from RDC,"Lamivudine/Zidovudine 150/300mg, tablets, 60 Tabs",Lamivudine/Zidovudine,Generic,150/300mg,Tablet - FDC,60,685,6000.6,8.76,0.15,Mylan (formerly Matrix) Nashik,Yes,67,1122.87,11.76
11638,110-ZM-T01,Pre-PQ Process,SO-17611,DN-1228,Zambia,PMO - US,From RDC,N/A - From RDC,Truck,Pre-PQ Process,N/A - From RDC,8-Jun-09,8-Jun-09,8-Jun-09,ARV,Adult,SCMS from RDC,"Efavirenz 600mg, tablets, 30 Tabs",Efavirenz,Generic,600mg,Tablet,30,28454,312994,11,0.37,"Aurobindo Unit III, India",Yes,3279,8288.78,613.47
11639,111-MZ-T01,Pre-PQ Process,SO-30440,DN-1231,Mozambique,PMO - US,From RDC,N/A - From RDC,Truck,Pre-PQ Process,N/A - From RDC,28-Jun-09,28-Jun-09,28-Jun-09,ARV,Adult,SCMS from RDC,"Zidovudine 300mg, tablets, 60 Tabs",Zidovudine,Generic,300mg,Tablet,60,7300,56283,7.71,0.13,"Aurobindo Unit III, India",No,See DN-1231 (ID#:11044),See DN-1231 (ID#:11044),110.31
11640,100-GH-T01,Pre-PQ Process,SO-30700,DN-1235,Ghana,PMO - US,From RDC,N/A - From RDC,Truck,Date Not Captured,N/A - From RDC,12-Aug-09,12-Aug-09,12-Aug-09,ARV,Adult,SCMS from RDC,"Stavudine 20mg, capsules, 60 Caps",Stavudine,Generic,20mg,Capsule,60,477,4.77,0.01,0,"Aurobindo Unit III, India",No,See DN-1235 (ID#:10769),See DN-1235 (ID#:10769),0.01
11641,100-GH-T01,Pre-PQ Process,SO-30700,DN-1235,Ghana,PMO - US,From RDC,N/A - From RDC,Truck,Date Not Captured,N/A - From RDC,12-Aug-09,12-Aug-09,12-Aug-09,ARV,Pediatric,SCMS from RDC,"Abacavir 20mg/ml, oral solution, Bottle, 240 ml",Abacavir,Generic,20mg/ml,Oral solution,240,374,3.74,0.01,0,"Aurobindo Unit III, India",No,See DN-1235 (ID#:10769),See DN-1235 (ID#:10769),0.01
11646,114-UG-T01,Pre-PQ Process,SO-30111,DN-1253,Uganda,PMO - US,From RDC,N/A - From RDC,Air,Pre-PQ Process,N/A - From RDC,23-Jun-09,23-Jun-09,23-Jun-09,ARV,Adult,SCMS from RDC,"Lamivudine/Nevirapine/Zidovudine 150/200/300mg, tablets, 60 Tabs",Lamivudine/Nevirapine/Zidovudine,Generic,150/300/200mg,Tablet - FDC,60,10371,117710.85,11.35,0.19,Mylan (formerly Matrix) Nashik,Yes,1273,7493.5,230.71
11647,153-NG-T01,Pre-PQ Process,SO-31170,DN-1261,Nigeria,PMO - US,From RDC,N/A - From RDC,Air Charter,Pre-PQ Process,N/A - From RDC,16-Jun-09,16-Jun-09,16-Jun-09,ARV,Adult,SCMS from RDC,"Nevirapine 200mg, tablets, 60 Tabs",Nevirapine,Generic,200mg,Tablet,60,24,72,3,0.05,"Aurobindo Unit III, India",Yes,21,7329.83,0.14
11652,106-HT-T01,Pre-PQ Process,SO-24833,DN-1279,Haiti,PMO - US,From RDC,N/A - From RDC,Air,Pre-PQ Process,N/A - From RDC,18-Jun-09,18-Jun-09,18-Jun-09,ARV,Pediatric,SCMS from RDC,"Nevirapine 10mg/ml, oral suspension, Bottle, 240 ml",Nevirapine,Generic,10mg/ml,Oral suspension,240,3035,5827.2,1.92,0.01,"Aurobindo Unit III, India",Yes,1133,7789.85,11.42
11653,106-HT-T01,Pre-PQ Process,SO-24850,DN-1280,Haiti,PMO - US,From RDC,N/A - From RDC,Air,Pre-PQ Process,N/A - From RDC,18-Jun-09,18-Jun-09,18-Jun-09,ARV,Adult,SCMS from RDC,"Stavudine 15mg, capsules, 60 Caps",Stavudine,Generic,15mg,Capsule,60,36,54,1.5,0.02,"Aurobindo Unit III, India",No,See DN-1280 (ID#:10776),See DN-1280 (ID#:10776),0.11
11654,114-UG-T01,Pre-PQ Process,SO-31450,DN-1282,Uganda,PMO - US,From RDC,N/A - From RDC,Air,Pre-PQ Process,N/A - From RDC,23-Jun-09,23-Jun-09,23-Jun-09,ARV,Adult,SCMS from RDC,"Lamivudine/Zidovudine 150/300mg, tablets, 60 Tabs",Lamivudine/Zidovudine,Generic,150/300mg,Tablet - FDC,60,6000,52560,8.76,0.15,Mylan (formerly Matrix) Nashik,Yes,486,3338.35,103.02
11655,114-UG-T01,Pre-PQ Process,SO-31360,DN-1287,Uganda,PMO - US,From RDC,N/A - From RDC,Air,Pre-PQ Process,N/A - From RDC,22-Jun-09,22-Jun-09,22-Jun-09,ARV,Adult,SCMS from RDC,"Efavirenz 600mg, tablets, 30 Tabs",Efavirenz,Generic,600mg,Tablet,30,7300,50005,6.85,0.23,"Aurobindo Unit III, India",No,See DN-1287 (ID#:11055),See DN-1287 (ID#:11055),98.01
11656,113-ZW-T01,Pre-PQ Process,SO-21010,DN-1289,Zimbabwe,PMO - US,From RDC,N/A - From RDC,Truck,Pre-PQ Process,N/A - From RDC,22-Jun-09,22-Jun-09,22-Jun-09,ARV,Adult,SCMS from RDC,"Lamivudine/Stavudine 150/30mg, tablets, 60 Tabs",Lamivudine/Stavudine,Generic,150/30mg,Tablet - FDC,60,4000,16000,4,0.07,"Cipla, Goa, India",No,See DN-1289 (ID#:11332),See DN-1289 (ID#:11332),31.36
11657,104-CI-T01,Pre-PQ Process,SO-27550,DN-1308,Côte d'Ivoire,PMO - US,From RDC,N/A - From RDC,Air,Date Not Captured,N/A - From RDC,8-Jul-09,8-Jul-09,8-Jul-09,ARV,Pediatric,SCMS from RDC,"Lamivudine 10mg/ml, oral solution, Bottle, 240 ml",Lamivudine,Generic,10mg/ml,Oral solution,240,3500,6650,1.9,0.01,"Aurobindo Unit III, India",Yes,1208,4329.01,13.03
11660,104-CI-T01,Pre-PQ Process,SO-27540,DN-1315,Côte d'Ivoire,PMO - US,From RDC,N/A - From RDC,Air,Date Not Captured,N/A - From RDC,14-Jul-09,14-Jul-09,14-Jul-09,ARV,Adult,SCMS from RDC,"Nevirapine 200mg, tablets, 60 Tabs",Nevirapine,Generic,200mg,Tablet,60,13325,39975,3,0.05,"Aurobindo Unit III, India",No,See DN-1315 (ID#:10781),See DN-1315 (ID#:10781),78.35
11661,114-UG-T01,Pre-PQ Process,SO-32120,DN-1303,Uganda,PMO - US,From RDC,N/A - From RDC,Air,Date Not Captured,N/A - From RDC,14-Aug-09,14-Aug-09,14-Aug-09,ARV,Adult,SCMS from RDC,"Nevirapine 200mg, tablets, 60 Tabs",Nevirapine,Generic,200mg,Tablet,60,2844,8247.6,2.9,0.05,"Aurobindo Unit III, India",Yes,1587,11206.84,16.17
11662,110-ZM-T01,Pre-PQ Process,SO-32490,DN-1328,Zambia,PMO - US,From RDC,N/A - From RDC,Truck,Date Not Captured,N/A - From RDC,4-Sep-09,4-Sep-09,4-Sep-09,ARV,Adult,SCMS from RDC,"Lamivudine/Nevirapine/Stavudine 150/200/30mg, tablets, 60 Tabs",Lamivudine/Nevirapine/Stavudine,Generic,150/200/30mg,Tablet - FDC,60,40126,285697.12,7.12,0.12,"Cipla, Goa, India",Yes,4414,4506.2,559.97
11663,111-MZ-T01,Pre-PQ Process,SO-26423,DN-1332,Mozambique,PMO - US,From RDC,N/A - From RDC,Truck,Date Not Captured,N/A - From RDC,27-Aug-09,27-Aug-09,27-Aug-09,ARV,Adult,SCMS from RDC,"Lamivudine/Zidovudine 150/300mg, tablets, 60 Tabs",Lamivudine/Zidovudine,Generic,150/300mg,Tablet - FDC,60,2484,21759.84,8.76,0.15,"Aurobindo Unit III, India",Yes,2078,2400.25,42.65
11664,111-MZ-T01,Pre-PQ Process,SO-32200,DN-1336,Mozambique,PMO - US,From RDC,N/A - From RDC,Air,Date Not Captured,N/A - From RDC,3-Sep-09,3-Sep-09,3-Sep-09,ARV,Adult,SCMS from RDC,"Stavudine 30mg, capsules, 60 Caps",Stavudine,Generic,30mg,Capsule,60,370,551.3,1.49,0.02,"Strides, Bangalore, India.",Yes,18,423.89,1.08
11665,151-NG-T01,Pre-PQ Process,SO-32645,DN-1339,Nigeria,PMO - US,From RDC,N/A - From RDC,Air Charter,Date Not Captured,N/A - From RDC,4-Aug-09,4-Aug-09,4-Aug-09,ARV,Adult,SCMS from RDC,"Lamivudine/Nevirapine/Zidovudine 150/200/300mg, tablets, 60 Tabs",Lamivudine/Nevirapine/Zidovudine,Generic,150/300/200mg,Tablet - FDC,60,4501,51311.4,11.4,0.19,"Aurobindo Unit III, India",Yes,507,7445.8,100.57
11666,151-NG-T01,Pre-PQ Process,SO-27814,DN-1349,Nigeria,PMO - US,From RDC,N/A - From RDC,Air Charter,Date Not Captured,N/A - From RDC,4-Aug-09,4-Aug-09,4-Aug-09,ARV,Adult,SCMS from RDC,"Emtricitabine/Tenofovir Disoproxil Fumarate 200/300mg [Truvada], tablets, 30 Tabs",Emtricitabine/Tenofovir Disoproxil Fumarate,Truvada,300/200mg,Tablet - FDC,30,873,22916.25,26.25,0.88,"Aspen-OSD, Port Elizabeth, SA",Yes,76,7445.8,44.92
11667,151-NG-T01,Pre-PQ Process,SO-27816,DN-1350,Nigeria,PMO - US,From RDC,N/A - From RDC,Air Charter,Date Not Captured,N/A - From RDC,4-Aug-09,4-Aug-09,4-Aug-09,ARV,Adult,SCMS from RDC,"Emtricitabine/Tenofovir Disoproxil Fumarate 200/300mg [Truvada], tablets, 30 Tabs",Emtricitabine/Tenofovir Disoproxil Fumarate,Truvada,300/200mg,Tablet - FDC,30,149824,3932880,26.25,0.88,"Aspen-OSD, Port Elizabeth, SA",Yes,13037,7445.8,7708.44
11668,104-CI-T01,Pre-PQ Process,SO-27541,DN-1355,Côte d'Ivoire,PMO - US,From RDC,N/A - From RDC,Air,Date Not Captured,N/A - From RDC,4-Aug-09,4-Aug-09,4-Aug-09,ARV,Adult,SCMS from RDC,"Lamivudine/Zidovudine 150/300mg, tablets, 60 Tabs",Lamivudine/Zidovudine,Generic,150/300mg,Tablet - FDC,60,214,1874.64,8.76,0.15,"Aurobindo Unit III, India",Yes,19,1133,3.67
11669,114-UG-T01,Pre-PQ Process,SO-31460,DN-1300,Uganda,PMO - US,From RDC,N/A - From RDC,Air,Date Not Captured,N/A - From RDC,15-Sep-09,15-Sep-09,15-Sep-09,ARV,Adult,SCMS from RDC,"Emtricitabine/Tenofovir Disoproxil Fumarate 200/300mg [Truvada], tablets, 30 Tabs",Emtricitabine/Tenofovir Disoproxil Fumarate,Truvada,300/200mg,Tablet - FDC,30,1201,31526.25,26.25,0.88,"Aspen-OSD, Port Elizabeth, SA",Yes,327,2737.97,61.79
11670,106-HT-T01,Pre-PQ Process,SO-32740,DN-1371,Haiti,PMO - US,From RDC,N/A - From RDC,Air,Date Not Captured,N/A - From RDC,31-Jul-09,31-Jul-09,31-Jul-09,ARV,Pediatric,SCMS from RDC,"Stavudine 1mg/ml, powder for oral solution, 200 ml",Stavudine,Generic,1mg/ml,Oral solution,200,400,560,1.4,0.01,"Aurobindo Unit III, India",Yes,39,6811.39,1.1
11672,110-ZM-T01,Pre-PQ Process,SO-32550,DN-1382,Zambia,PMO - US,From RDC,N/A - From RDC,Truck,Date Not Captured,N/A - From RDC,17-Aug-09,17-Aug-09,17-Aug-09,ARV,Adult,SCMS from RDC,"Abacavir 300mg, tablets, 60 Tabs",Abacavir,Generic,300mg,Tablet,60,10406,264832.7,25.45,0.42,Mylan (formerly Matrix) Nashik,No,See DN-1382 (ID#:10788),See DN-1382 (ID#:10788),519.07
11673,110-ZM-T01,Pre-PQ Process,SO-29040,DN-1386,Zambia,PMO - US,From RDC,N/A - From RDC,Truck,Date Not Captured,N/A - From RDC,15-Sep-09,15-Sep-09,15-Sep-09,ARV,Adult,SCMS from RDC,"Efavirenz 600mg, tablets, 30 Tabs",Efavirenz,Generic,600mg,Tablet,30,120000,960000,8,0.27,"Aurobindo Unit III, India",Yes,20144,8281.69,1881.6
11674,104-CI-T01,Pre-PQ Process,SO-32830,DN-1387,Côte d'Ivoire,PMO - US,From RDC,N/A - From RDC,Air,Date Not Captured,N/A - From RDC,25-Aug-09,25-Aug-09,25-Aug-09,ARV,Pediatric,SCMS from RDC,"Nevirapine 10mg/ml, oral suspension, Bottle, 240 ml",Nevirapine,Generic,10mg/ml,Oral suspension,240,2917,5600.64,1.92,0.01,"Aurobindo Unit III, India",Yes,1348,5233.52,10.98
11675,104-CI-T01,Pre-PQ Process,SO-32830,DN-1387,Côte d'Ivoire,PMO - US,From RDC,N/A - From RDC,Air,Date Not Captured,N/A - From RDC,25-Aug-09,25-Aug-09,25-Aug-09,ARV,Pediatric,SCMS from RDC,"Zidovudine 100mg, capsules, 100 Caps",Zidovudine,Generic,100mg,Capsule,100,3612,18060,5,0.05,"Aurobindo Unit III, India",No,See DN-1387 (ID#:11674),See DN-1387 (ID#:11674),35.4
11677,110-ZM-T01,Pre-PQ Process,SO-32500,DN-1394,Zambia,PMO - US,From RDC,N/A - From RDC,Truck,Date Not Captured,N/A - From RDC,21-Aug-09,21-Aug-09,21-Aug-09,ARV,Adult,SCMS from RDC,"Lamivudine/Nevirapine/Stavudine 150/200/30mg, tablets, 60 Tabs",Lamivudine/Nevirapine/Stavudine,Generic,150/200/30mg,Tablet - FDC,60,2393,17038.16,7.12,0.12,"Cipla, Goa, India",Yes,256,2014.86,33.39
11678,114-UG-T01,Pre-PQ Process,SO-32920,DN-1397,Uganda,PMO - US,From RDC,N/A - From RDC,Air,Date Not Captured,N/A - From RDC,24-Aug-09,24-Aug-09,24-Aug-09,ARV,Adult,SCMS from RDC,"Nevirapine 200mg, tablets, 60 Tabs",Nevirapine,Generic,200mg,Tablet,60,4564,13235.6,2.9,0.05,"Aurobindo Unit III, India",Yes,847,4999.48,25.94
11679,104-CI-T01,Pre-PQ Process,SO-32240,DN-1398,Côte d'Ivoire,PMO - US,From RDC,N/A - From RDC,Air,Date Not Captured,N/A - From RDC,8-Sep-09,8-Sep-09,8-Sep-09,ARV,Adult,SCMS from RDC,"Efavirenz 600mg, tablets, 30 Tabs",Efavirenz,Generic,600mg,Tablet,30,15000,102750,6.85,0.23,"Aurobindo Unit III, India",Yes,1582,6037.19,201.39
11680,114-UG-T01,Pre-PQ Process,SO-32150,DN-1418,Uganda,PMO - US,From RDC,N/A - From RDC,Air,Date Not Captured,N/A - From RDC,11-Sep-09,11-Sep-09,11-Sep-09,ARV,Adult,SCMS from RDC,"Lamivudine/Zidovudine 150/300mg, tablets, 60 Tabs",Lamivudine/Zidovudine,Generic,150/300mg,Tablet - FDC,60,13000,113880,8.76,0.15,Mylan (formerly Matrix) Nashik,Yes,1051,6575.7,223.2
11681,110-ZM-T01,Pre-PQ Process,SO-29030,DN-1407,Zambia,PMO - US,From RDC,N/A - From RDC,Truck,Date Not Captured,N/A - From RDC,19-Oct-09,19-Oct-09,19-Oct-09,ARV,Adult,SCMS from RDC,"Nevirapine 200mg, tablets, 60 Tabs",Nevirapine,Generic,200mg,Tablet,60,84282,252846,3,0.05,"Aurobindo Unit III, India",Yes,13680,16339.98,495.58
11682,104-CI-T01,Pre-PQ Process,SO-33220,DN-1422,Côte d'Ivoire,PMO - US,From RDC,N/A - From RDC,Air,Date Not Captured,N/A - From RDC,16-Sep-09,16-Sep-09,16-Sep-09,ARV,Pediatric,SCMS from RDC,"Zidovudine 10mg/ml, oral solution, Bottle, 240 ml",Zidovudine,Generic,10mg/ml,Oral solution,240,5527,11606.7,2.1,0.01,"Aurobindo Unit III, India",Yes,5317,11005.67,22.75
11683,104-CI-T01,Pre-PQ Process,SO-33230,DN-1427,Côte d'Ivoire,PMO - US,From RDC,N/A - From RDC,Air,Date Not Captured,N/A - From RDC,25-Sep-09,25-Sep-09,25-Sep-09,ARV,Adult,SCMS from RDC,"Lamivudine 150mg, tablets, 60 Tabs",Lamivudine,Generic,150mg,Tablet,60,4400,10736,2.44,0.04,"Aurobindo Unit III, India",Yes,640,5678.7,21.04
11684,151-NG-T01,Pre-PQ Process,SO-33335,DN-1436,Nigeria,PMO - US,From RDC,N/A - From RDC,Air Charter,Date Not Captured,N/A - From RDC,20-Oct-09,20-Oct-09,20-Oct-09,ARV,Adult,SCMS from RDC,"Lamivudine/Nevirapine/Zidovudine 150/200/300mg, tablets, 60 Tabs",Lamivudine/Nevirapine/Zidovudine,Generic,150/300/200mg,Tablet - FDC,60,5060,57684,11.4,0.19,"Aurobindo Unit III, India",Yes,570,9341.49,113.06
11685,151-NG-T01,Pre-PQ Process,SO-27825,DN-1444,Nigeria,PMO - US,From RDC,N/A - From RDC,Air Charter,Date Not Captured,N/A - From RDC,20-Oct-09,20-Oct-09,20-Oct-09,ARV,Adult,SCMS from RDC,"Emtricitabine/Tenofovir Disoproxil Fumarate 200/300mg, tablets, 30 Tabs",Emtricitabine/Tenofovir Disoproxil Fumarate,Generic,200/300mg,Tablet - FDC,30,243,2855.25,11.75,0.39,Mylan (formerly Matrix) Nashik,Yes,22,9341.49,5.6
11687,111-MZ-T01,Pre-PQ Process,SO-26424,DN-1457,Mozambique,PMO - US,From RDC,N/A - From RDC,Truck,Date Not Captured,N/A - From RDC,7-Oct-09,7-Oct-09,7-Oct-09,ARV,Adult,SCMS from RDC,"Lamivudine/Zidovudine 150/300mg, tablets, 60 Tabs",Lamivudine/Zidovudine,Generic,150/300mg,Tablet - FDC,60,9288,81362.88,8.76,0.15,"Aurobindo Unit III, India",Yes,979,1588.06,159.47
11688,111-MZ-T01,Pre-PQ Process,SO-33580,DN-1467,Mozambique,PMO - US,From RDC,N/A - From RDC,Air,Date Not Captured,N/A - From RDC,7-Nov-09,7-Nov-09,7-Nov-09,ARV,Adult,SCMS from RDC,"Lamivudine/Zidovudine 150/300mg, tablets, 60 Tabs",Lamivudine/Zidovudine,Generic,150/300mg,Tablet - FDC,60,16524,144750.24,8.76,0.15,"Aurobindo Unit III, India",Yes,1488,4764.16,283.71
11689,114-UG-T01,Pre-PQ Process,SO-33000,DN-1468,Uganda,PMO - US,From RDC,N/A - From RDC,Air,Date Not Captured,N/A - From RDC,12-Oct-09,12-Oct-09,12-Oct-09,ARV,Adult,SCMS from RDC,"Lamivudine/Nevirapine/Zidovudine 150/200/300mg, tablets, 60 Tabs",Lamivudine/Nevirapine/Zidovudine,Generic,150/300/200mg,Tablet - FDC,60,350,3972.5,11.35,0.19,"Aurobindo Unit III, India",Yes,45,749.25,7.79
11690,109-TZ-T01,Pre-PQ Process,SO-31283,DN-1470,Tanzania,PMO - US,From RDC,N/A - From RDC,Truck,Date Not Captured,N/A - From RDC,26-Oct-09,26-Oct-09,26-Oct-09,ARV,Adult,SCMS from RDC,"Abacavir 300mg, tablets, 60 Tabs",Abacavir,Generic,300mg,Tablet,60,3752,95488.4,25.45,0.42,"Aurobindo Unit III, India",No,See DN-1470 (ID#:10798),See DN-1470 (ID#:10798),187.16
11691,117-ET-T01,Pre-PQ Process,SO-33750,DN-1484,Ethiopia,PMO - US,From RDC,N/A - From RDC,Air,Date Not Captured,N/A - From RDC,20-Oct-09,20-Oct-09,20-Oct-09,ARV,Pediatric,SCMS from RDC,"Abacavir 20mg/ml, oral solution, Bottle, 240 ml",Abacavir,Generic,20mg/ml,Oral solution,240,100,1464,14.64,0.06,"Aurobindo Unit III, India",Yes,18,523.45,3.16
11692,151-NG-T01,Pre-PQ Process,SO-33333,DN-1483,Nigeria,PMO - US,From RDC,N/A - From RDC,Air,Date Not Captured,N/A - From RDC,18-Dec-09,18-Dec-09,18-Dec-09,ARV,Adult,SCMS from RDC,"Lamivudine/Nevirapine/Zidovudine 150/200/300mg, tablets, 60 Tabs",Lamivudine/Nevirapine/Zidovudine,Generic,150/300/200mg,Tablet - FDC,60,60840,693576,11.4,0.19,Mylan (formerly Matrix) Nashik,Yes,7663,33279.39,1495.35
11693,100-LB-T01,Pre-PQ Process,SO-33900,DN-1487,Lebanon,PMO - US,From RDC,N/A - From RDC,Air,Date Not Captured,N/A - From RDC,18-Nov-09,18-Nov-09,18-Nov-09,ARV,Pediatric,SCMS from RDC,"Didanosine 100mg, chewable/dispersible tablets, 60 Tabs",Didanosine,Generic,100mg,Chewable/dispersible tablet,60,120,1.2,0.01,0,"Aurobindo Unit III, India",No,See DN-1487 (ID#:11073),See DN-1487 (ID#:11073),0
11694,100-LB-T01,Pre-PQ Process,SO-33910,DN-1488,Lebanon,PMO - US,From RDC,N/A - From RDC,Air,Date Not Captured,N/A - From RDC,24-Nov-09,24-Nov-09,24-Nov-09,ARV,Adult,SCMS from RDC,"Lamivudine 150mg, tablets, 60 Tabs",Lamivudine,Generic,150mg,Tablet,60,200,2,0.01,0,Hetero Unit III Hyderabad IN,No,See DN-1488 (ID#:11074),See DN-1488 (ID#:11074),0
11695,110-ZM-T01,Pre-PQ Process,SO-33620,DN-1496,Zambia,PMO - US,From RDC,N/A - From RDC,Truck,Date Not Captured,N/A - From RDC,29-Oct-09,29-Oct-09,29-Oct-09,ARV,Adult,SCMS from RDC,"Lamivudine/Zidovudine 150/300mg, tablets, 60 Tabs",Lamivudine/Zidovudine,Generic,150/300mg,Tablet - FDC,60,31240,273662.4,8.76,0.15,"Aurobindo Unit III, India",Yes,2832,4897.42,590.02
11697,117-ET-T01,Pre-PQ Process,SO-34570,DN-1558,Ethiopia,PMO - US,From RDC,N/A - From RDC,Air,Date Not Captured,N/A - From RDC,26-Nov-09,26-Nov-09,26-Nov-09,ARV,Adult,SCMS from RDC,"Nevirapine 200mg, tablets, 60 Tabs",Nevirapine,Generic,200mg,Tablet,60,6661,19316.9,2.9,0.05,"Aurobindo Unit III, India",Yes,778,4702.02,41.65
11698,111-MZ-T01,Pre-PQ Process,SO-323,DN-15,Mozambique,PMO - US,From RDC,N/A - From RDC,Air,Pre-PQ Process,N/A - From RDC,1-Feb-07,1-Feb-07,1-Feb-07,ARV,Adult,SCMS from RDC,"Stavudine 15mg, capsules, 60 Caps",Stavudine,Generic,15mg,Capsule,60,3287,7724.45,2.35,0.04,"Aurobindo Unit III, India",No,See DN-15 (ID#:10804),See DN-15 (ID#:10804),
11703,100-CI-T01,Pre-PQ Process,SO-283,DN-16,Côte d'Ivoire,PMO - US,From RDC,N/A - From RDC,N/A,Pre-PQ Process,N/A - From RDC,22-Feb-07,22-Feb-07,22-Feb-07,ARV,Adult,SCMS from RDC,"Tenofovir Disoproxil Fumarate 300mg [Viread], tablets, 30 Tabs",Tenofovir Disoproxil Fumarate,Viread,300mg,Tablet,30,384,6528,17,0.57,Gilead(Nycomed) Oranienburg DE,No,See DN-16 (ID#:10540),See DN-16 (ID#:10540),
11706,102-GY-T01,Pre-PQ Process,SO-387,DN-42,Guyana,PMO - US,From RDC,N/A - From RDC,Air,Pre-PQ Process,N/A - From RDC,8-Mar-07,8-Mar-07,8-Mar-07,HRDT,HIV test,SCMS from RDC,"HIV 1/2, Determine Complete HIV Kit, 100 Tests","HIV 1/2, Determine Complete HIV Kit",Determine,N/A,Test kit,100,210,16800,80,0.8,ABBVIE GmbH & Co.KG Wiesbaden,Yes,60,6012,
11707,110-ZM-T01,Pre-PQ Process,SO-355,DN-87,Zambia,PMO - US,From RDC,N/A - From RDC,N/A,Pre-PQ Process,N/A - From RDC,3-May-07,3-May-07,3-May-07,HRDT,HIV test,SCMS from RDC,"HIV 1/2, Uni-Gold HIV Kit, 20 Tests","HIV 1/2, Uni-Gold HIV Kit",Uni-Gold,N/A,Test kit,20,3500,112000,32,1.6,"Trinity Biotech, Plc",Yes,1109,9437.24,
11708,111-MZ-T01,Pre-PQ Process,SO-458,DN-90,Mozambique,PMO - US,From RDC,N/A - From RDC,Air,Pre-PQ Process,N/A - From RDC,4-May-07,4-May-07,4-May-07,ARV,Adult,SCMS from RDC,"Zidovudine 300mg, tablets, 60 Tabs",Zidovudine,Generic,300mg,Tablet,60,4000,34080,8.52,0.14,"Ranbaxy, Paonta Shahib, India",Yes,Weight Captured Separately,596.4,
11709,112-NG-T01,Pre-PQ Process,SO-340,DN-72,Nigeria,PMO - US,From RDC,N/A - From RDC,N/A,Pre-PQ Process,N/A - From RDC,17-Apr-07,17-Apr-07,17-Apr-07,ARV,Pediatric,SCMS from RDC,"Lamivudine 10mg/ml, oral solution, Bottle, 240 ml",Lamivudine,Generic,10mg/ml,Oral solution,240,1200,2640,2.2,0.01,"Aurobindo Unit III, India",No,See DN-72 (ID#:11097),See DN-72 (ID#:11097),
11710,112-NG-T01,Pre-PQ Process,SO-342,DN-94,Nigeria,PMO - US,From RDC,N/A - From RDC,N/A,Pre-PQ Process,N/A - From RDC,17-Apr-07,17-Apr-07,17-Apr-07,ARV,Adult,SCMS from RDC,"Lamivudine/Zidovudine+Nevirapine 150/300+200mg, tablets, co-blister, 60+60 Tabs",Lamivudine/Zidovudine+Nevirapine,Generic,150/300+200mg,Tablet - FDC + co-blister,120,2703,55411.5,20.5,0.17,"Aspen-OSD, Port Elizabeth, SA",Yes,401,2208,
11711,100-HT-T01,Pre-PQ Process,SO-419,DN-111,Haiti,PMO - US,From RDC,N/A - From RDC,N/A,Pre-PQ Process,N/A - From RDC,11-May-07,11-May-07,11-May-07,HRDT,HIV test,SCMS from RDC,"HIV 1/2, OraQuick Advance HIV Rapid Antibody Kit, 100 Tests","HIV 1/2, OraQuick Advance HIV Rapid Antibody Kit",OraQuick,N/A,Test kit,100,10,4000,400,4,"Pacific Biotech, Thailand",Yes,24,1027,
11712,100-HT-T01,Pre-PQ Process,SO-504,DN-112,Haiti,PMO - US,From RDC,N/A - From RDC,Air,Pre-PQ Process,N/A - From RDC,8-May-07,8-May-07,8-May-07,HRDT,HIV test,SCMS from RDC,"HIV 1/2, OraQuick Advance HIV Rapid Antibody Kit, 100 Tests","HIV 1/2, OraQuick Advance HIV Rapid Antibody Kit",OraQuick,N/A,Test kit,100,15,6000,400,4,"Pacific Biotech, Thailand",Yes,Weight Captured Separately,977.64,
11713,100-CI-T01,Pre-PQ Process,SO-391,DN-52,Côte d'Ivoire,PMO - US,From RDC,N/A - From RDC,N/A,Pre-PQ Process,N/A - From RDC,4-May-07,4-May-07,4-May-07,ARV,Adult,SCMS from RDC,"Efavirenz 600mg, tablets, 30 Tabs",Efavirenz,Generic,600mg,Tablet,30,10000,162500,16.25,0.54,"Aurobindo Unit III, India",Yes,910,3026,
11714,100-CI-T01,Pre-PQ Process,SO-286,DN-71,Côte d'Ivoire,PMO - US,From RDC,N/A - From RDC,N/A,Pre-PQ Process,N/A - From RDC,30-Apr-07,30-Apr-07,30-Apr-07,ARV,Adult,SCMS from RDC,"Abacavir 300mg, tablets, 60 Tabs",Abacavir,Generic,300mg,Tablet,60,68,2995.4,44.05,0.73,"Aurobindo Unit III, India",No,See DN-71 (ID#:11374),See DN-71 (ID#:11374),
11715,102-GY-T01,Pre-PQ Process,SO-509,DN-128,Guyana,PMO - US,From RDC,N/A - From RDC,N/A,Pre-PQ Process,N/A - From RDC,7-Jun-07,7-Jun-07,7-Jun-07,HRDT,HIV test,SCMS from RDC,"HIV 1/2, Determine Complete HIV Kit, 100 Tests","HIV 1/2, Determine Complete HIV Kit",Determine,N/A,Test kit,100,100,8000,80,0.8,ABBVIE GmbH & Co.KG Wiesbaden,Yes,32,944.67,
11716,102-NG-T01,Pre-PQ Process,SO-473,DN-116,Nigeria,PMO - US,From RDC,N/A - From RDC,N/A,Pre-PQ Process,N/A - From RDC,30-Apr-07,30-Apr-07,30-Apr-07,HRDT,HIV test,SCMS from RDC,"HIV 1/2, Stat-Pak HIV, Kit, 20 Tests","HIV 1/2, Stat-Pak HIV, Kit",Stat-Pak,N/A,Test kit,20,5250,141750,27,1.35,Chembio Diagnostics Sys. Inc.,Yes,1699,8526.94,
11718,100-CI-T01,Pre-PQ Process,SO-439,DN-86,Côte d'Ivoire,PMO - US,From RDC,N/A - From RDC,N/A,Pre-PQ Process,N/A - From RDC,30-Apr-07,30-Apr-07,30-Apr-07,ARV,Adult,SCMS from RDC,"Lamivudine/Nevirapine/Stavudine 150/200/30mg, tablets, 60 Tabs",Lamivudine/Nevirapine/Stavudine,Generic,150/200/30mg,Tablet - FDC,60,9000,67500,7.5,0.12,"Cipla, Goa, India",Yes,992,3205,
11719,111-MZ-T01,Pre-PQ Process,SO-293,DN-44,Mozambique,PMO - US,From RDC,N/A - From RDC,Air,Pre-PQ Process,N/A - From RDC,17-Apr-07,17-Apr-07,17-Apr-07,ARV,Adult,SCMS from RDC,"Lamivudine/Nevirapine/Zidovudine 150/200/300mg, tablets, 60 Tabs",Lamivudine/Nevirapine/Zidovudine,Generic,150/300/200mg,Tablet - FDC,60,30000,525000,17.5,0.29,"Aurobindo Unit III, India",No,See DN-44 (ID#:10549),See DN-44 (ID#:10549),
11721,100-CI-T01,Pre-PQ Process,SO-393,DN-62,Côte d'Ivoire,PMO - US,From RDC,N/A - From RDC,N/A,Pre-PQ Process,N/A - From RDC,4-May-07,4-May-07,4-May-07,ARV,Adult,SCMS from RDC,"Lamivudine/Zidovudine 150/300mg, tablets, 60 Tabs",Lamivudine/Zidovudine,Generic,150/300mg,Tablet - FDC,60,10000,102500,10.25,0.17,"Aurobindo Unit III, India",Yes,963,3142,
11722,100-CI-T01,Pre-PQ Process,SO-440,DN-79,Côte d'Ivoire,PMO - US,From RDC,N/A - From RDC,N/A,Pre-PQ Process,N/A - From RDC,30-Apr-07,30-Apr-07,30-Apr-07,ARV,Adult,SCMS from RDC,"Lamivudine/Nevirapine/Stavudine 150/200/30mg, tablets, 60 Tabs",Lamivudine/Nevirapine/Stavudine,Generic,150/200/30mg,Tablet - FDC,60,1000,7500,7.5,0.12,"Cipla, Goa, India",Yes,104,1458,
11723,100-CI-T01,Pre-PQ Process,SO-435,DN-81,Côte d'Ivoire,PMO - US,From RDC,N/A - From RDC,N/A,Pre-PQ Process,N/A - From RDC,30-Apr-07,30-Apr-07,30-Apr-07,ARV,Adult,SCMS from RDC,"Lamivudine/Nevirapine/Stavudine 150/200/30mg, tablets, 60 Tabs",Lamivudine/Nevirapine/Stavudine,Generic,150/200/30mg,Tablet - FDC,60,9000,67500,7.5,0.12,"Cipla, Goa, India",Yes,969,3155,
11724,113-ZW-T01,Pre-PQ Process,SO-279,DN-187,Zimbabwe,PMO - US,From RDC,N/A - From RDC,N/A,Pre-PQ Process,N/A - From RDC,12-Jun-07,12-Jun-07,12-Jun-07,ARV,Adult,SCMS from RDC,"Zidovudine 300mg, tablets, 60 Tabs",Zidovudine,Generic,300mg,Tablet,60,534,5217.18,9.77,0.16,"Ranbaxy, Paonta Shahib, India",No,See DN-187 (ID#:10825),See DN-187 (ID#:10825),8.35
11725,110-ZM-T01,Pre-PQ Process,SO-615,DN-201,Zambia,PMO - US,From RDC,N/A - From RDC,Air,Pre-PQ Process,N/A - From RDC,26-Jun-07,26-Jun-07,26-Jun-07,ARV,Pediatric,SCMS from RDC,"Efavirenz 200mg, capsule, 90 Caps",Efavirenz,Generic,200mg,Capsule,90,3436,58240.2,16.95,0.19,"Aurobindo Unit III, India",Yes,395,1848.37,93.18
11731,104-CI-T01,Pre-PQ Process,SO-519,DN-199,Côte d'Ivoire,PMO - US,From RDC,N/A - From RDC,N/A,Pre-PQ Process,N/A - From RDC,5-Jul-07,5-Jul-07,5-Jul-07,ARV,Adult,SCMS from RDC,"Efavirenz 600mg, tablets, 30 Tabs",Efavirenz,Generic,600mg,Tablet,30,61468,999469.68,16.26,0.54,"Aurobindo Unit III, India",No,See DN-199 (ID#:11391),See DN-199 (ID#:11391),1599.15
11732,109-TZ-T01,Pre-PQ Process,SO-632,DN-169,Tanzania,PMO - US,From RDC,N/A - From RDC,Air,Pre-PQ Process,N/A - From RDC,6-Jul-07,6-Jul-07,6-Jul-07,ARV,Adult,SCMS from RDC,"Efavirenz 600mg, tablets, 30 Tabs",Efavirenz,Generic,600mg,Tablet,30,28665,466092.9,16.26,0.54,"Aurobindo Unit III, India",Yes,2515,6834,
11733,112-NG-T01,Pre-PQ Process,SO-555,DN-180,Nigeria,PMO - US,From RDC,N/A - From RDC,N/A,Pre-PQ Process,N/A - From RDC,26-Jun-07,26-Jun-07,26-Jun-07,ARV,Adult,SCMS from RDC,"Lamivudine/Nevirapine/Stavudine 150/200/40mg, tablets, 60 Tabs",Lamivudine/Nevirapine/Stavudine,Generic,150/200/40mg,Tablet - FDC,60,1370,10549,7.7,0.13,"Cipla, Goa, India",Yes,142,1489.52,
11735,113-ZW-T01,Pre-PQ Process,SO-278,DN-141,Zimbabwe,PMO - US,From RDC,N/A - From RDC,N/A,Pre-PQ Process,N/A - From RDC,20-May-07,20-May-07,20-May-07,ARV,Adult,SCMS from RDC,"Zidovudine 300mg, tablets, 60 Tabs",Zidovudine,Generic,300mg,Tablet,60,470,4591.9,9.77,0.16,"Ranbaxy, Paonta Shahib, India",No,See DN-141 (ID#:10571),See DN-141 (ID#:10571),
11737,120-AO-T01,Pre-PQ Process,SO-779,DN-249,Angola,PMO - US,From RDC,N/A - From RDC,Truck,Pre-PQ Process,N/A - From RDC,15-Oct-07,15-Oct-07,15-Oct-07,HRDT,HIV test,SCMS from RDC,"HIV 1/2, Uni-Gold HIV Kit, 20 Tests","HIV 1/2, Uni-Gold HIV Kit",Uni-Gold,N/A,Test kit,20,150,4800,32,1.6,"Trinity Biotech, Plc",Yes,54,952.04,7.68
11738,100-ZW-T01,Pre-PQ Process,SO-720,DN-269,Zimbabwe,PMO - US,From RDC,N/A - From RDC,Truck,Pre-PQ Process,N/A - From RDC,17-Aug-07,17-Aug-07,17-Aug-07,ARV,Adult,SCMS from RDC,"Lamivudine/Stavudine 150/30mg, tablets, 30 Tabs",Lamivudine/Stavudine,Generic,150/30mg,Tablet - FDC,30,6400,12800,2,0.07,"Cipla, Goa, India",Yes,570,5348,20.48
11739,100-ZW-T01,Pre-PQ Process,SO-720,DN-269,Zimbabwe,PMO - US,From RDC,N/A - From RDC,Truck,Pre-PQ Process,N/A - From RDC,17-Aug-07,17-Aug-07,17-Aug-07,ARV,Adult,SCMS from RDC,"Lamivudine/Stavudine 150/30mg, tablets, 30 Tabs",Lamivudine/Stavudine,Generic,150/30mg,Tablet - FDC,30,1600,3200,2,0.07,"Cipla, Goa, India",No,See DN-269 (ID#:11738),See DN-269 (ID#:11738),5.12
11740,109-TZ-T01,Pre-PQ Process,SO-757,DN-237,Tanzania,PMO - US,From RDC,N/A - From RDC,N/A,Pre-PQ Process,N/A - From RDC,19-Jul-07,19-Jul-07,19-Jul-07,HRDT,HIV test,SCMS from RDC,"HIV 1/2, Capillus HIV Kit, 100 Tests","HIV 1/2, Capillus HIV Kit",Capillus,N/A,Test kit,100,300,41700,139,1.39,"Trinity Biotech, Plc",Yes,176,2102,66.72
11741,109-TZ-T01,Pre-PQ Process,SO-769,DN-275,Tanzania,PMO - US,From RDC,N/A - From RDC,Air,Pre-PQ Process,N/A - From RDC,22-Aug-07,22-Aug-07,22-Aug-07,ARV,Adult,SCMS from RDC,"Nevirapine 200mg, tablets, 60 Tabs",Nevirapine,Generic,200mg,Tablet,60,11807,42150.99,3.57,0.06,"Aurobindo Unit III, India",Yes,1802,3267,67.44
11742,109-TZ-T01,Pre-PQ Process,SO-307,DN-276,Tanzania,PMO - US,From RDC,N/A - From RDC,Air,Pre-PQ Process,N/A - From RDC,22-Aug-07,22-Aug-07,22-Aug-07,HRDT,HIV test,SCMS from RDC,"HIV 1/2, Uni-Gold HIV Kit, 20 Tests","HIV 1/2, Uni-Gold HIV Kit",Uni-Gold,N/A,Test kit,20,100,3200,32,1.6,"Trinity Biotech, Plc",Yes,36,939.62,5.12
11743,110-ZM-T01,Pre-PQ Process,SO-751,DN-284,Zambia,PMO - US,From RDC,N/A - From RDC,N/A,Pre-PQ Process,N/A - From RDC,7-Aug-07,7-Aug-07,7-Aug-07,ARV,Pediatric,SCMS from RDC,"Abacavir 20mg/ml, oral solution, Bottle, 240 ml",Abacavir,Generic,20mg/ml,Oral solution,240,500,8250,16.5,0.07,"Aurobindo Unit III, India",Yes,178,1105.9,13.2
11744,109-TZ-T01,Pre-PQ Process,SO-445,DN-241,Tanzania,PMO - US,From RDC,N/A - From RDC,Air,Pre-PQ Process,N/A - From RDC,30-Jul-07,30-Jul-07,30-Jul-07,ARV,Adult,SCMS from RDC,"Lamivudine/Zidovudine 150/300mg, tablets, 60 Tabs",Lamivudine/Zidovudine,Generic,150/300mg,Tablet - FDC,60,10977,117234.36,10.68,0.18,"Aurobindo Unit III, India",Yes,957,3243,187.57
11745,110-ZM-T01,Pre-PQ Process,SO-315,DN-228,Zambia,PMO - US,From RDC,N/A - From RDC,N/A,Pre-PQ Process,N/A - From RDC,9-Jul-07,9-Jul-07,9-Jul-07,ARV,Adult,SCMS from RDC,"Emtricitabine/Tenofovir Disoproxil Fumarate 200/300mg [Truvada], tablets, 30 Tabs",Emtricitabine/Tenofovir Disoproxil Fumarate,Truvada,300/200mg,Tablet - FDC,30,12000,315000,26.25,0.88,Gilead(Nycomed) Oranienburg DE,Yes,1005,4407.26,504
11747,109-TZ-T01,Pre-PQ Process,SO-633,DN-243,Tanzania,PMO - US,From RDC,N/A - From RDC,Air,Pre-PQ Process,N/A - From RDC,30-Jul-07,30-Jul-07,30-Jul-07,ARV,Adult,SCMS from RDC,"Lopinavir/Ritonavir 200/50mg [Aluvia], tablets, 120 Tabs",Lopinavir/Ritonavir,Aluvia,200/50mg,Tablet,120,1155,47470.5,41.1,0.34,ABBVIE Ludwigshafen Germany,Yes,255,1388,75.95
11749,109-TZ-T01,Pre-PQ Process,SO-748,DN-230,Tanzania,PMO - US,From RDC,N/A - From RDC,Air,Pre-PQ Process,N/A - From RDC,18-Jul-07,18-Jul-07,18-Jul-07,HRDT,HIV test,SCMS from RDC,"HIV 1/2, Bioline 3.0 Kit, Lancets, Capillary pipets, Alcohol swabs included, 25 Tests","HIV 1/2, Bioline 3.0 Kit, Lancets, Capillary pipets, Alcohol swabs included",Bioline,N/A,Test kit,25,6356,127120,20,0.8,"Standard Diagnostics, Korea",Yes,1879,9538.74,203.39
11750,110-ZM-T01,Pre-PQ Process,SO-538,DN-254,Zambia,PMO - US,From RDC,N/A - From RDC,N/A,Pre-PQ Process,N/A - From RDC,27-Jul-07,27-Jul-07,27-Jul-07,HRDT,HIV test,SCMS from RDC,"HIV 1/2, Uni-Gold HIV Kit, 20 Tests","HIV 1/2, Uni-Gold HIV Kit",Uni-Gold,N/A,Test kit,20,2453,78496,32,1.6,"Trinity Biotech, Plc",Yes,821,5234.8,125.59
11751,111-MZ-T01,Pre-PQ Process,SO-499,DN-258,Mozambique,PMO - US,From RDC,N/A - From RDC,Air,Pre-PQ Process,N/A - From RDC,15-Aug-07,15-Aug-07,15-Aug-07,ARV,Pediatric,SCMS from RDC,"Abacavir 20mg/ml, oral solution, Bottle, 240 ml",Abacavir,Generic,20mg/ml,Oral solution,240,1306,28079,21.5,0.09,"Aurobindo Unit III, India",No,See DN-258 (ID#:11425),See DN-258 (ID#:11425),44.93
11753,109-TZ-T01,Pre-PQ Process,SO-455,DN-290,Tanzania,PMO - US,From RDC,N/A - From RDC,N/A,Pre-PQ Process,N/A - From RDC,10-Sep-07,10-Sep-07,10-Sep-07,ARV,Adult,SCMS from RDC,"Lamivudine/Zidovudine 150/300mg, tablets, 60 Tabs",Lamivudine/Zidovudine,Generic,150/300mg,Tablet - FDC,60,10000,106800,10.68,0.18,"Aurobindo Unit III, India",No,See DN-290 (ID#:10859),See DN-290 (ID#:10859),170.88
11754,109-TZ-T01,Pre-PQ Process,SO-771,DN-293,Tanzania,PMO - US,From RDC,N/A - From RDC,N/A,Pre-PQ Process,N/A - From RDC,26-Sep-07,26-Sep-07,26-Sep-07,ARV,Adult,SCMS from RDC,"Abacavir 300mg, tablets, 60 Tabs",Abacavir,Generic,300mg,Tablet,60,7661,274263.8,35.8,0.6,"Aurobindo Unit III, India",Yes,750,3901.78,438.82
11755,111-MZ-T01,Pre-PQ Process,SO-298,DN-304,Mozambique,PMO - US,From RDC,N/A - From RDC,Air,Pre-PQ Process,N/A - From RDC,21-Sep-07,21-Sep-07,21-Sep-07,ARV,Adult,SCMS from RDC,"Lamivudine/Nevirapine/Zidovudine 150/200/300mg, tablets, 60 Tabs",Lamivudine/Nevirapine/Zidovudine,Generic,150/300/200mg,Tablet - FDC,60,9838,172165,17.5,0.29,"Aurobindo Unit III, India",No,See DN-304 (ID#:10589),See DN-304 (ID#:10589),275.46
11756,111-MZ-T01,Pre-PQ Process,SO-298,DN-304,Mozambique,PMO - US,From RDC,N/A - From RDC,Air,Pre-PQ Process,N/A - From RDC,21-Sep-07,21-Sep-07,21-Sep-07,ARV,Pediatric,SCMS from RDC,"Efavirenz 50mg, capsule, 30 Caps",Efavirenz,Generic,50mg,Capsule,30,2414,8255.88,3.42,0.11,"Aurobindo Unit III, India",No,See DN-304 (ID#:10589),See DN-304 (ID#:10589),13.21
11757,104-CI-T01,Pre-PQ Process,SO-589,DN-314,Côte d'Ivoire,PMO - US,From RDC,N/A - From RDC,N/A,Pre-PQ Process,N/A - From RDC,24-Aug-07,24-Aug-07,24-Aug-07,ARV,Pediatric,SCMS from RDC,"Efavirenz 50mg [Stocrin/Sustiva], capsule, 30 Caps",Efavirenz,Stocrin/Sustiva,50mg,Capsule,30,485,1682.95,3.47,0.12,"MSD, Haarlem, NL",Yes,285,1786,2.69
11758,104-CI-T01,Pre-PQ Process,SO-589,DN-314,Côte d'Ivoire,PMO - US,From RDC,N/A - From RDC,N/A,Pre-PQ Process,N/A - From RDC,24-Aug-07,24-Aug-07,24-Aug-07,ARV,Pediatric,SCMS from RDC,"Efavirenz 50mg [Stocrin/Sustiva], capsule, 30 Caps",Efavirenz,Stocrin/Sustiva,50mg,Capsule,30,4515,15667.05,3.47,0.12,"MSD, Haarlem, NL",No,See DN-314 (ID#:11757),See DN-314 (ID#:11757),25.07
11761,113-ZW-T01,Pre-PQ Process,SO-892,DN-300,Zimbabwe,PMO - US,From RDC,N/A - From RDC,Truck,Pre-PQ Process,N/A - From RDC,24-Aug-07,24-Aug-07,24-Aug-07,HRDT,HIV test,SCMS from RDC,"HIV 1/2, Determine Complete HIV Kit, 100 Tests","HIV 1/2, Determine Complete HIV Kit",Determine,N/A,Test kit,100,1500,120000,80,0.8,ABBVIE GmbH & Co.KG Wiesbaden,Yes,343,1645.12,192
11762,100-ZW-T01,Pre-PQ Process,SO-718,DN-303,Zimbabwe,PMO - US,From RDC,N/A - From RDC,Truck,Pre-PQ Process,N/A - From RDC,28-Aug-07,28-Aug-07,28-Aug-07,ARV,Adult,SCMS from RDC,"Lamivudine/Nevirapine/Stavudine 150/200/30mg, tablets, 60 Tabs",Lamivudine/Nevirapine/Stavudine,Generic,150/200/30mg,Tablet - FDC,60,125000,925000,7.4,0.12,"Cipla, Goa, India",Yes,12779,41772.09,1480
11764,113-ZW-T01,Pre-PQ Process,SO-292,DN-317,Zimbabwe,PMO - US,From RDC,N/A - From RDC,N/A,Pre-PQ Process,N/A - From RDC,28-Aug-07,28-Aug-07,28-Aug-07,ARV,Adult,SCMS from RDC,"Nevirapine 200mg, tablets, 60 Tabs",Nevirapine,Generic,200mg,Tablet,60,1629,5978.43,3.67,0.06,"Aurobindo Unit III, India",Yes,152,912.45,9.57
11765,110-ZM-T01,Pre-PQ Process,SO-908,DN-319,Zambia,PMO - US,From RDC,N/A - From RDC,Air,Pre-PQ Process,N/A - From RDC,29-Aug-07,29-Aug-07,29-Aug-07,ARV,Adult,SCMS from RDC,"Stavudine 20mg, capsules, 60 Caps",Stavudine,Generic,20mg,Capsule,60,1119,1958.25,1.75,0.03,"Aurobindo Unit III, India",Yes,1581,5663,3.13
11766,104-CI-T01,Pre-PQ Process,SO-959,DN-320,Côte d'Ivoire,PMO - US,From RDC,N/A - From RDC,N/A,Pre-PQ Process,N/A - From RDC,30-Aug-07,30-Aug-07,30-Aug-07,ARV,Pediatric,SCMS from RDC,"Lamivudine 10mg/ml, oral solution, Bottle, 240 ml",Lamivudine,Generic,10mg/ml,Oral solution,240,2523,4970.31,1.97,0.01,"Cipla, Goa, India",No,See DN-320 (ID#:10593),See DN-320 (ID#:10593),7.95
11767,104-CI-T01,Pre-PQ Process,SO-959,DN-320,Côte d'Ivoire,PMO - US,From RDC,N/A - From RDC,N/A,Pre-PQ Process,N/A - From RDC,30-Aug-07,30-Aug-07,30-Aug-07,ARV,Adult,SCMS from RDC,"Zidovudine 300mg, tablets, 60 Tabs",Zidovudine,Generic,300mg,Tablet,60,7586,61825.9,8.15,0.14,"Aurobindo Unit III, India",No,See DN-320 (ID#:10593),See DN-320 (ID#:10593),98.92
11769,119-NA-T01,Pre-PQ Process,SO-1007,DN-358,Namibia,PMO - US,From RDC,N/A - From RDC,Air,Pre-PQ Process,N/A - From RDC,21-Sep-07,21-Sep-07,21-Sep-07,HRDT,HIV test,SCMS from RDC,"HIV 1/2, Determine Complete HIV Kit, 100 Tests","HIV 1/2, Determine Complete HIV Kit",Determine,N/A,Test kit,100,170,13600,80,0.8,ABBVIE GmbH & Co.KG Wiesbaden,Yes,39,541.42,21.76
11780,104-CI-T01,Pre-PQ Process,SO-997,DN-324,Côte d'Ivoire,PMO - US,From RDC,N/A - From RDC,N/A,Pre-PQ Process,N/A - From RDC,31-Aug-07,31-Aug-07,31-Aug-07,ARV,Pediatric,SCMS from RDC,"Nevirapine 10mg/ml, oral suspension, Bottle, 240 ml",Nevirapine,Generic,10mg/ml,Oral suspension,240,2938,5640.96,1.92,0.01,"Aurobindo Unit III, India",No,See DN-324 (ID#:10610),See DN-324 (ID#:10610),9.03
11787,100-ZW-T01,Pre-PQ Process,SO-705,DN-355,Zimbabwe,PMO - US,From RDC,N/A - From RDC,Truck,Pre-PQ Process,N/A - From RDC,20-Sep-07,20-Sep-07,20-Sep-07,ARV,Adult,SCMS from RDC,"Efavirenz 600mg, tablets, 30 Tabs",Efavirenz,Generic,600mg,Tablet,30,1860,23101.2,12.42,0.41,"Cipla, Goa, India",Yes,3951,13788.25,36.96
11792,104-CI-T01,Pre-PQ Process,SO-964,DN-379,Côte d'Ivoire,PMO - US,From RDC,N/A - From RDC,Air,Pre-PQ Process,N/A - From RDC,15-Oct-07,15-Oct-07,15-Oct-07,ARV,Adult,SCMS from RDC,"Ritonavir 100mg [Norvir], capsules, cool, 4 x 84 Caps",Ritonavir,Norvir,100mg,Capsule,336,1455,55813.8,38.36,0.11,ABBVIE (Abbott) France,No,See DN-379 (ID#:10890),See DN-379 (ID#:10890),89.3
11798,110-ZM-T01,Pre-PQ Process,SO-976,DN-384,Zambia,PMO - US,From RDC,N/A - From RDC,N/A,Pre-PQ Process,N/A - From RDC,29-Oct-07,29-Oct-07,29-Oct-07,ARV,Adult,SCMS from RDC,"Abacavir 300mg, tablets, 60 Tabs",Abacavir,Generic,300mg,Tablet,60,2489,68522.17,27.53,0.46,"Cipla, Patalganga, India",No,See DN-384 (ID#:10901),See DN-384 (ID#:10901),109.64
11799,110-ZM-T01,Pre-PQ Process,SO-976,DN-384,Zambia,PMO - US,From RDC,N/A - From RDC,N/A,Pre-PQ Process,N/A - From RDC,29-Oct-07,29-Oct-07,29-Oct-07,ARV,Adult,SCMS from RDC,"Lamivudine/Zidovudine 150/300mg, tablets, 60 Tabs",Lamivudine/Zidovudine,Generic,150/300mg,Tablet - FDC,60,60060,372372,6.2,0.1,"Aurobindo Unit III, India",No,See DN-384 (ID#:10901),See DN-384 (ID#:10901),595.8
11801,109-TZ-T01,Pre-PQ Process,SO-750,DN-390,Tanzania,PMO - US,From RDC,N/A - From RDC,Air,Pre-PQ Process,N/A - From RDC,4-Dec-07,4-Dec-07,4-Dec-07,HRDT,HIV test,SCMS from RDC,"HIV 1/2, Bioline 3.0 Kit, Lancets, Capillary pipets, Alcohol swabs included, 25 Tests","HIV 1/2, Bioline 3.0 Kit, Lancets, Capillary pipets, Alcohol swabs included",Bioline,N/A,Test kit,25,9200,184000,20,0.8,"Standard Diagnostics, Korea",Yes,3327,13606.4,294.4
11802,104-CI-T01,Pre-PQ Process,SO-1105,DN-393,Côte d'Ivoire,PMO - US,From RDC,N/A - From RDC,Air,Pre-PQ Process,N/A - From RDC,22-Nov-07,22-Nov-07,22-Nov-07,ARV,Pediatric,SCMS from RDC,"Zidovudine 10mg/ml, oral solution, Bottle, 240 ml",Zidovudine,Generic,10mg/ml,Oral solution,240,6777,14570.55,2.15,0.01,"Aurobindo Unit III, India",Yes,2510,23907.05,23.31
11803,104-CI-T01,Pre-PQ Process,SO-1146,DN-402,Côte d'Ivoire,PMO - US,From RDC,N/A - From RDC,Air,Pre-PQ Process,N/A - From RDC,14-Dec-07,14-Dec-07,14-Dec-07,ARV,Adult,SCMS from RDC,"Tenofovir Disoproxil Fumarate 300mg [Viread], tablets, 30 Tabs",Tenofovir Disoproxil Fumarate,Viread,300mg,Tablet,30,2989,50813,17,0.57,Gilead(Nycomed) Oranienburg DE,Yes,186,2056.98,81.3
11804,110-ZM-T01,Pre-PQ Process,SO-1030,DN-419,Zambia,PMO - US,From RDC,N/A - From RDC,Air,Pre-PQ Process,N/A - From RDC,13-Nov-07,13-Nov-07,13-Nov-07,ARV,Adult,SCMS from RDC,"Lopinavir/Ritonavir 200/50mg [Aluvia], tablets, 120 Tabs",Lopinavir/Ritonavir,Aluvia,200/50mg,Tablet,120,12240,503064,41.1,0.34,ABBVIE (Abbott) Logis. UK,Yes,2678,9008.48,804.9
11805,111-MZ-T01,Pre-PQ Process,SO-1038,DN-426,Mozambique,PMO - US,From RDC,N/A - From RDC,Air,Pre-PQ Process,N/A - From RDC,29-Nov-07,29-Nov-07,29-Nov-07,ARV,Adult,SCMS from RDC,"Indinavir 400mg [Crixivan], capsules, 180 Caps",Indinavir,Crixivan,400mg,Capsule,180,840,42000,50,0.28,"MSD, Haarlem, NL",No,See DN-426 (ID#:10633),See DN-426 (ID#:10633),67.2
11806,111-MZ-T01,Pre-PQ Process,SO-1038,DN-426,Mozambique,PMO - US,From RDC,N/A - From RDC,Air,Pre-PQ Process,N/A - From RDC,29-Nov-07,29-Nov-07,29-Nov-07,ARV,Adult,SCMS from RDC,"Lamivudine/Nevirapine/Stavudine 150/200/30mg, tablets, 60 Tabs",Lamivudine/Nevirapine/Stavudine,Generic,150/200/30mg,Tablet - FDC,60,30000,222000,7.4,0.12,"Cipla, Goa, India",No,See DN-426 (ID#:10633),See DN-426 (ID#:10633),355.2
11807,110-ZM-T01,Pre-PQ Process,SO-995,DN-414,Zambia,PMO - US,From RDC,N/A - From RDC,Air,Pre-PQ Process,N/A - From RDC,12-Nov-07,12-Nov-07,12-Nov-07,ARV,Pediatric,SCMS from RDC,"Lamivudine 10mg/ml, oral solution, Bottle, 240 ml",Lamivudine,Generic,10mg/ml,Oral solution,240,13124,25854.28,1.97,0.01,"Aurobindo Unit III, India",Yes,5309,17358.74,41.37
11808,112-NG-T01,Pre-PQ Process,SO-1109,DN-422,Nigeria,PMO - US,From RDC,N/A - From RDC,Air,Pre-PQ Process,N/A - From RDC,9-Nov-07,9-Nov-07,9-Nov-07,ARV,Pediatric,SCMS from RDC,"Nevirapine 10mg/ml, oral suspension, Bottle, 240 ml",Nevirapine,Generic,10mg/ml,Oral suspension,240,35,217,6.2,0.03,"Aurobindo Unit III, India",No,See DN-422 (ID#:10634),See DN-422 (ID#:10634),0.35
11810,100-ZW-T01,Pre-PQ Process,SO-1150,DN-425,Zimbabwe,PMO - US,From RDC,N/A - From RDC,Air,Pre-PQ Process,N/A - From RDC,16-Nov-07,16-Nov-07,16-Nov-07,ARV,Adult,SCMS from RDC,"Lamivudine/Nevirapine/Stavudine 150/200/30mg, tablets, 60 Tabs",Lamivudine/Nevirapine/Stavudine,Generic,150/200/30mg,Tablet - FDC,60,22240,164576,7.4,0.12,"Cipla, Goa, India",Yes,2262,7364.52,263.32
11811,104-CI-T01,Pre-PQ Process,SO-1101,DN-434,Côte d'Ivoire,PMO - US,From RDC,N/A - From RDC,Air,Pre-PQ Process,N/A - From RDC,22-Nov-07,22-Nov-07,22-Nov-07,ARV,Adult,SCMS from RDC,"Zidovudine 300mg, tablets, 60 Tabs",Zidovudine,Generic,300mg,Tablet,60,14490,118093.5,8.15,0.14,"Aurobindo Unit III, India",No,See DN-434 (ID#:11483),See DN-434 (ID#:11483),188.95
11812,104-CI-T01,Pre-PQ Process,SO-1101,DN-434,Côte d'Ivoire,PMO - US,From RDC,N/A - From RDC,Air,Pre-PQ Process,N/A - From RDC,22-Nov-07,22-Nov-07,22-Nov-07,ARV,Pediatric,SCMS from RDC,"Lamivudine 10mg/ml, oral solution, Bottle, 240 ml",Lamivudine,Generic,10mg/ml,Oral solution,240,6000,11820,1.97,0.01,"Aurobindo Unit III, India",No,See DN-434 (ID#:11483),See DN-434 (ID#:11483),18.91
11813,104-CI-T01,Pre-PQ Process,SO-1101,DN-434,Côte d'Ivoire,PMO - US,From RDC,N/A - From RDC,Air,Pre-PQ Process,N/A - From RDC,22-Nov-07,22-Nov-07,22-Nov-07,ARV,Adult,SCMS from RDC,"Lamivudine 150mg, tablets, 60 Tabs",Lamivudine,Generic,150mg,Tablet,60,20797,63222.88,3.04,0.05,"Aurobindo Unit III, India",No,See DN-434 (ID#:11483),See DN-434 (ID#:11483),101.16
11814,106-HT-T01,Pre-PQ Process,SO-1286,DN-458,Haiti,PMO - US,From RDC,N/A - From RDC,Air,Pre-PQ Process,N/A - From RDC,5-Dec-07,5-Dec-07,5-Dec-07,ARV,Adult,SCMS from RDC,"Lopinavir/Ritonavir 200/50mg [Aluvia], tablets, 120 Tabs",Lopinavir/Ritonavir,Aluvia,200/50mg,Tablet,120,100,4110,41.1,0.34,ABBVIE Ludwigshafen Germany,Yes,285,2523.6,6.58
11815,104-CI-T01,Pre-PQ Process,SO-1277,DN-439,Côte d'Ivoire,PMO - US,From RDC,N/A - From RDC,Air,Pre-PQ Process,N/A - From RDC,16-Nov-07,16-Nov-07,16-Nov-07,HRDT,HIV test,SCMS from RDC,"HIV 2, New LAV Blot 2 HIV Kit, 18 Tests","HIV 2, New LAV Blot 2 HIV Kit",LAV,N/A,Test kit,18,12,3698.04,308.17,17.12,Bio-Rad Laboratories,Yes,39,1278,5.92
11817,104-CI-T01,Pre-PQ Process,SO-1482,DN-545,Côte d'Ivoire,PMO - US,From RDC,N/A - From RDC,Air,Pre-PQ Process,N/A - From RDC,25-Jan-08,25-Jan-08,25-Jan-08,HRDT,HIV test,SCMS from RDC,"HIV 1/2, Determine HIV Kit, without Lancets, 100 Tests","HIV 1/2, Determine HIV Kit, without Lancets",Determine,N/A,Test kit,100,1250,89987.5,71.99,0.72,Inverness Japan,Yes,296,2372.8,143.98
11818,110-ZM-T01,Pre-PQ Process,SO-755,DN-482,Zambia,PMO - US,From RDC,N/A - From RDC,N/A,Pre-PQ Process,N/A - From RDC,22-Feb-08,22-Feb-08,22-Feb-08,ARV,Adult,SCMS from RDC,"Lamivudine/Zidovudine 150/300mg, tablets, 60 Tabs",Lamivudine/Zidovudine,Generic,150/300mg,Tablet - FDC,60,92144,875368,9.5,0.16,"Aurobindo Unit III, India",No,See DN-482 (ID#:11496),See DN-482 (ID#:11496),1400.59
11821,107-RW-T01,Pre-PQ Process,SO-1448,DN-500,Rwanda,PMO - US,From RDC,N/A - From RDC,Air,Pre-PQ Process,N/A - From RDC,5-Dec-07,5-Dec-07,5-Dec-07,HRDT,HIV test - Ancillary,SCMS from RDC,"HIV, Lancet, Safety, for HIV Test kits, 100 Pcs","HIV, Lancet, Safety, for HIV Test kits, 100 Pcs",Generic,N/A,Test kit - Ancillary,100,405,4.05,0.01,0,Inverness Japan,No,See DN-500 (ID#:11213),See DN-500 (ID#:11213),0.01
11824,117-ET-T01,Pre-PQ Process,SO-1009,DN-495,Ethiopia,PMO - US,From RDC,N/A - From RDC,N/A,Pre-PQ Process,N/A - From RDC,20-Dec-07,20-Dec-07,20-Dec-07,ARV,Pediatric,SCMS from RDC,"Nevirapine 10mg/ml, oral suspension, Bottle, 240 ml",Nevirapine,Generic,10mg/ml,Oral suspension,240,11168,69241.6,6.2,0.03,"Aurobindo Unit III, India",Yes,4583,14554.5,110.79
11825,110-ZM-T01,Pre-PQ Process,SO-1328,DN-464,Zambia,PMO - US,From RDC,N/A - From RDC,N/A,Pre-PQ Process,N/A - From RDC,2-Jan-08,2-Jan-08,2-Jan-08,ARV,Pediatric,SCMS from RDC,"Efavirenz 200mg, capsule, 90 Caps",Efavirenz,Generic,200mg,Capsule,90,672,10752,16,0.18,"Aurobindo Unit III, India",Yes,128,845,17.2
11826,112-NG-T01,Pre-PQ Process,SO-1494,DN-505,Nigeria,PMO - US,From RDC,N/A - From RDC,Air,Pre-PQ Process,N/A - From RDC,17-Dec-07,17-Dec-07,17-Dec-07,ARV,Pediatric,SCMS from RDC,"Efavirenz 200mg, capsule, 90 Caps",Efavirenz,Generic,200mg,Capsule,90,400,6400,16,0.18,"Aurobindo Unit III, India",Yes,48,1260.1,10.24
11827,112-NG-T01,Pre-PQ Process,SO-1570,DN-535,Nigeria,PMO - US,From RDC,N/A - From RDC,Air,Pre-PQ Process,N/A - From RDC,9-Jan-08,9-Jan-08,9-Jan-08,ARV,Adult,SCMS from RDC,"Nevirapine 200mg, tablets, 60 Tabs",Nevirapine,Generic,200mg,Tablet,60,125,425,3.4,0.06,"Aurobindo Unit III, India",No,See DN-535 (ID#:10658),See DN-535 (ID#:10658),0.68
11829,106-HT-T01,Pre-PQ Process,SO-1484,DN-502,Haiti,PMO - US,From RDC,N/A - From RDC,Air,Pre-PQ Process,N/A - From RDC,10-Dec-07,10-Dec-07,10-Dec-07,ARV,Adult,SCMS from RDC,"Efavirenz 600mg, tablets, 30 Tabs",Efavirenz,Generic,600mg,Tablet,30,35000,434700,12.42,0.41,"Strides, Bangalore, India.",Yes,2153,24448,695.52
11830,117-ET-T01,Pre-PQ Process,SO-1531,DN-526,Ethiopia,PMO - US,From RDC,N/A - From RDC,Air,Pre-PQ Process,N/A - From RDC,20-Dec-07,20-Dec-07,20-Dec-07,ARV,Pediatric,SCMS from RDC,"Zidovudine 10mg/ml, oral solution, Bottle, 240 ml",Zidovudine,Generic,10mg/ml,Oral solution,240,3286,7064.9,2.15,0.01,"Aurobindo Unit III, India",Yes,1215,8586,11.3
11832,100-ZW-T01,Pre-PQ Process,SO-710,DN-488,Zimbabwe,PMO - US,From RDC,N/A - From RDC,Air,Pre-PQ Process,N/A - From RDC,14-Jan-08,14-Jan-08,14-Jan-08,ARV,Adult,SCMS from RDC,"Lamivudine/Nevirapine/Stavudine 150/200/30mg, tablets, 60 Tabs",Lamivudine/Nevirapine/Stavudine,Generic,150/200/30mg,Tablet - FDC,60,34732,257016.8,7.4,0.12,"Cipla, Goa, India",No,See DN-488 (ID#:10652),See DN-488 (ID#:10652),411.23
11833,114-UG-T01,Pre-PQ Process,SO-1302,DN-489,Uganda,PMO - US,From RDC,N/A - From RDC,Air,Pre-PQ Process,N/A - From RDC,15-Jan-08,15-Jan-08,15-Jan-08,ARV,Adult,SCMS from RDC,"Lopinavir/Ritonavir 200/50mg [Aluvia], tablets, 120 Tabs",Lopinavir/Ritonavir,Aluvia,200/50mg,Tablet,120,180,7398,41.1,0.34,ABBVIE Ludwigshafen Germany,No,See DN-489 (ID#:11516),See DN-489 (ID#:11516),11.84
11834,107-RW-T01,Pre-PQ Process,SO-1516,DN-511,Rwanda,PMO - US,From RDC,N/A - From RDC,Air,Pre-PQ Process,N/A - From RDC,31-Jan-08,31-Jan-08,31-Jan-08,ARV,Adult,SCMS from RDC,"Efavirenz 600mg, tablets, 30 Tabs",Efavirenz,Generic,600mg,Tablet,30,37258,462744.36,12.42,0.41,"Aurobindo Unit III, India",Yes,3195,36417.89,740.39
11837,112-NG-T01,Pre-PQ Process,SO-1570,DN-535,Nigeria,PMO - US,From RDC,N/A - From RDC,Air,Pre-PQ Process,N/A - From RDC,9-Jan-08,9-Jan-08,9-Jan-08,ARV,Adult,SCMS from RDC,"Efavirenz 600mg, tablets, 30 Tabs",Efavirenz,Generic,600mg,Tablet,30,818,10159.56,12.42,0.41,"Aurobindo Unit III, India",No,See DN-535 (ID#:10658),See DN-535 (ID#:10658),16.26
11839,104-CI-T01,Pre-PQ Process,SO-1104,DN-569,Côte d'Ivoire,PMO - US,From RDC,N/A - From RDC,Air,Pre-PQ Process,N/A - From RDC,29-Jan-08,29-Jan-08,29-Jan-08,ARV,Adult,SCMS from RDC,"Lamivudine/Nevirapine/Stavudine 150/200/30mg, tablets, 60 Tabs",Lamivudine/Nevirapine/Stavudine,Generic,150/200/30mg,Tablet - FDC,60,22500,166500,7.4,0.12,"Cipla, Goa, India",No,See DN-569 (ID#:11224),See DN-569 (ID#:11224),266.4
11840,107-RW-T01,Pre-PQ Process,SO-1223,DN-572,Rwanda,PMO - US,From RDC,N/A - From RDC,Air,Pre-PQ Process,N/A - From RDC,28-Jan-08,28-Jan-08,28-Jan-08,HRDT,HIV test,SCMS from RDC,"HIV 1/2, Determine HIV Kit, without Lancets, 100 Tests","HIV 1/2, Determine HIV Kit, without Lancets",Determine,N/A,Test kit,100,1250,89987.5,71.99,0.72,Inverness Japan,Yes,362,8143.19,143.98
11841,110-ZM-T01,Pre-PQ Process,SO-1675,DN-579,Zambia,PMO - US,From RDC,N/A - From RDC,N/A,Pre-PQ Process,N/A - From RDC,21-Jan-08,26-Nov-07,26-Nov-07,ARV,Adult,SCMS from RDC,"Efavirenz 600mg, tablets, 30 Tabs",Efavirenz,Generic,600mg,Tablet,30,44135,548156.7,12.42,0.41,"Aurobindo Unit III, India",Yes,4082,17600.24,877.05
11842,104-CI-T01,Pre-PQ Process,SO-1544,DN-547,Côte d'Ivoire,PMO - US,From RDC,N/A - From RDC,Air,Pre-PQ Process,N/A - From RDC,15-Jan-08,15-Jan-08,15-Jan-08,ARV,Pediatric,SCMS from RDC,"Nevirapine 10mg/ml, oral suspension, Bottle, 240 ml",Nevirapine,Generic,10mg/ml,Oral suspension,240,965,1852.8,1.92,0.01,"Aurobindo Unit III, India",Yes,344,1729,2.96
11843,104-CI-T01,Pre-PQ Process,SO-1144,DN-549,Côte d'Ivoire,PMO - US,From RDC,N/A - From RDC,Air,Pre-PQ Process,N/A - From RDC,28-Dec-07,15-Jan-08,15-Jan-08,ARV,Pediatric,SCMS from RDC,"Nevirapine 10mg/ml, oral suspension, Bottle, 240 ml",Nevirapine,Generic,10mg/ml,Oral suspension,240,5581,10715.52,1.92,0.01,"Aurobindo Unit III, India",Yes,1988,6146,17.14
11845,117-ET-T01,Pre-PQ Process,SO-1536,DN-576,Ethiopia,PMO - US,From RDC,N/A - From RDC,Air,Pre-PQ Process,N/A - From RDC,1-Feb-08,1-Feb-08,1-Feb-08,ARV,Adult,SCMS from RDC,"Lamivudine 150mg, tablets, 60 Tabs",Lamivudine,Generic,150mg,Tablet,60,48671,147959.84,3.04,0.05,"Ranbaxy, Paonta Shahib, India",Yes,2533,9187.8,236.74
11846,114-UG-T01,Pre-PQ Process,SO-1304,DN-550,Uganda,PMO - US,From RDC,N/A - From RDC,Air,Pre-PQ Process,N/A - From RDC,11-Mar-08,11-Mar-08,11-Mar-08,ARV,Adult,SCMS from RDC,"Efavirenz 600mg, tablets, 30 Tabs",Efavirenz,Generic,600mg,Tablet,30,3364,41780.88,12.42,0.41,"Aurobindo Unit III, India",Yes,369,1902.9,66.85
11847,114-UG-T01,Pre-PQ Process,SO-1304,DN-550,Uganda,PMO - US,From RDC,N/A - From RDC,Air,Pre-PQ Process,N/A - From RDC,11-Mar-08,11-Mar-08,11-Mar-08,ARV,Adult,SCMS from RDC,"Emtricitabine/Tenofovir Disoproxil Fumarate 200/300mg [Truvada], tablets, 30 Tabs",Emtricitabine/Tenofovir Disoproxil Fumarate,Truvada,300/200mg,Tablet - FDC,30,656,17220,26.25,0.88,Gilead(Nycomed) Oranienburg DE,No,See DN-550 (ID#:11846),See DN-550 (ID#:11846),27.55
11850,117-ET-T01,Pre-PQ Process,SO-1528,DN-542,Ethiopia,PMO - US,From RDC,N/A - From RDC,Air,Pre-PQ Process,N/A - From RDC,29-Jan-08,29-Jan-08,29-Jan-08,ARV,Adult,SCMS from RDC,"Nevirapine 200mg, tablets, 60 Tabs",Nevirapine,Generic,200mg,Tablet,60,55560,188904,3.4,0.06,"Aurobindo Unit III, India",Yes,5181,17975.21,302.25
11851,109-TZ-T01,Pre-PQ Process,SO-1648,DN-559,Tanzania,PMO - US,From RDC,N/A - From RDC,Air,Pre-PQ Process,N/A - From RDC,25-Feb-08,25-Feb-08,25-Feb-08,ARV,Adult,SCMS from RDC,"Lopinavir/Ritonavir 200/50mg [Aluvia], tablets, 120 Tabs",Lopinavir/Ritonavir,Aluvia,200/50mg,Tablet,120,2580,106038,41.1,0.34,ABBVIE (Abbott) Logis. UK,No,See DN-559 (ID#:10940),See DN-559 (ID#:10940),169.66
11852,104-CI-T01,Pre-PQ Process,SO-1679,DN-581,Côte d'Ivoire,PMO - US,From RDC,N/A - From RDC,Air,Pre-PQ Process,N/A - From RDC,5-Feb-08,5-Feb-08,5-Feb-08,ARV,Pediatric,SCMS from RDC,"Nevirapine 10mg/ml, oral suspension, Bottle, 240 ml",Nevirapine,Generic,10mg/ml,Oral suspension,240,2712,5207.04,1.92,0.01,"Aurobindo Unit III, India",No,See DN-581 (ID#:10667),See DN-581 (ID#:10667),8.33
11854,110-ZM-T01,Pre-PQ Process,SO-1723,DN-592,Zambia,PMO - US,From RDC,N/A - From RDC,Truck,Pre-PQ Process,N/A - From RDC,28-Dec-07,28-Dec-07,28-Dec-07,ARV,Pediatric,SCMS from RDC,"Lopinavir/Ritonavir 80/20mg/ml [Kaletra], oral solution, cool, Bottle 5 x 60 ml",Lopinavir/Ritonavir,Kaletra,80/20mg/ml,Oral solution,300,746,30660.6,41.1,0.14,ABBVIE (Abbott) Logis. UK,Yes,Weight Captured Separately,Invoiced Separately,49.06
11855,100-ZW-T01,Pre-PQ Process,SO-711,DN-604,Zimbabwe,PMO - US,From RDC,N/A - From RDC,Air,Pre-PQ Process,N/A - From RDC,5-Mar-08,5-Mar-08,5-Mar-08,ARV,Adult,SCMS from RDC,"Lamivudine/Stavudine 150/30mg, tablets, 30 Tabs",Lamivudine/Stavudine,Generic,150/30mg,Tablet - FDC,30,1600,3200,2,0.07,"Cipla, Goa, India",No,See DN-604 (ID#:11527),See DN-604 (ID#:11527),5.12
11856,100-ZW-T01,Pre-PQ Process,SO-711,DN-604,Zimbabwe,PMO - US,From RDC,N/A - From RDC,Air,Pre-PQ Process,N/A - From RDC,5-Mar-08,5-Mar-08,5-Mar-08,ARV,Adult,SCMS from RDC,"Lamivudine/Nevirapine/Stavudine 150/200/30mg, tablets, 60 Tabs",Lamivudine/Nevirapine/Stavudine,Generic,150/200/30mg,Tablet - FDC,60,37240,275576,7.4,0.12,"Cipla, Goa, India",No,See DN-604 (ID#:11527),See DN-604 (ID#:11527),440.92
11857,106-HT-T01,Pre-PQ Process,SO-2046,DN-685,Haiti,PMO - US,From RDC,N/A - From RDC,Air,Pre-PQ Process,N/A - From RDC,31-Mar-08,31-Mar-08,31-Mar-08,ARV,Pediatric,SCMS from RDC,"Zidovudine 10mg/ml, oral solution, Bottle, 240 ml",Zidovudine,Generic,10mg/ml,Oral solution,240,3264,7017.6,2.15,0.01,"Aurobindo Unit III, India",No,See DN-685 (ID#:11234),See DN-685 (ID#:11234),11.23
11858,112-NG-T01,Pre-PQ Process,SO-2351,DN-717,Nigeria,PMO - US,From RDC,N/A - From RDC,Air,Pre-PQ Process,N/A - From RDC,18-Apr-08,18-Apr-08,18-Apr-08,ARV,Adult,SCMS from RDC,"Tenofovir Disoproxil Fumarate 300mg [Viread], tablets, 30 Tabs",Tenofovir Disoproxil Fumarate,Viread,300mg,Tablet,30,109,1853,17,0.57,Gilead(Nycomed) Oranienburg DE,Yes,422,2812.3,2.96
11859,110-ZM-T01,Pre-PQ Process,SO-2549,DN-823,Zambia,PMO - US,From RDC,N/A - From RDC,Truck,Pre-PQ Process,N/A - From RDC,23-Jul-08,23-Jul-08,23-Jul-08,ARV,Adult,SCMS from RDC,"Lamivudine/Nevirapine/Stavudine 150/200/30mg, tablets, 60 Tabs",Lamivudine/Nevirapine/Stavudine,Generic,150/200/30mg,Tablet - FDC,60,50000,360000,7.2,0.12,"Strides, Bangalore, India.",No,See DN-823 (ID#:11271),See DN-823 (ID#:11271),576
11860,106-HT-T01,Pre-PQ Process,SO-2596,DN-762,Haiti,PMO - US,From RDC,N/A - From RDC,Air,Pre-PQ Process,N/A - From RDC,18-Jun-08,18-Jun-08,18-Jun-08,ARV,Adult,SCMS from RDC,"Lopinavir/Ritonavir 200/50mg [Aluvia], tablets, 120 Tabs",Lopinavir/Ritonavir,Aluvia,200/50mg,Tablet,120,240,9864,41.1,0.34,ABBVIE Ludwigshafen Germany,Yes,52,1422.32,15.78
11861,131-NG-T01,Pre-PQ Process,SO-2575,DN-737,Nigeria,PMO - US,From RDC,N/A - From RDC,Air,Pre-PQ Process,N/A - From RDC,14-May-08,14-May-08,14-May-08,ARV,Adult,SCMS from RDC,"Zidovudine 300mg, tablets, 60 Tabs",Zidovudine,Generic,300mg,Tablet,60,3075,24600,8,0.13,"Aurobindo Unit III, India",No,See DN-737 (ID#:11533),See DN-737 (ID#:11533),39.36
11862,131-NG-T01,Pre-PQ Process,SO-2578,DN-739,Nigeria,PMO - US,From RDC,N/A - From RDC,Air,Pre-PQ Process,N/A - From RDC,14-May-08,14-May-08,14-May-08,ARV,Adult,SCMS from RDC,"Emtricitabine/Tenofovir Disoproxil Fumarate 200/300mg [Truvada], tablets, 30 Tabs",Emtricitabine/Tenofovir Disoproxil Fumarate,Truvada,300/200mg,Tablet - FDC,30,3359,88173.75,26.25,0.88,"Aspen-OSD, Port Elizabeth, SA",Yes,300,2204,141.08
11863,131-NG-T01,Pre-PQ Process,SO-2579,DN-740,Nigeria,PMO - US,From RDC,N/A - From RDC,Air,Pre-PQ Process,N/A - From RDC,20-May-08,20-May-08,20-May-08,ARV,Adult,SCMS from RDC,"Emtricitabine/Tenofovir Disoproxil Fumarate 200/300mg [Truvada], tablets, 30 Tabs",Emtricitabine/Tenofovir Disoproxil Fumarate,Truvada,300/200mg,Tablet - FDC,30,641,16826.25,26.25,0.88,"Aspen-OSD, Port Elizabeth, SA",Yes,58,1110.5,26.92
11864,110-ZM-T01,Pre-PQ Process,SO-2475,DN-749,Zambia,PMO - US,From RDC,N/A - From RDC,Air,Pre-PQ Process,N/A - From RDC,29-May-08,29-May-08,29-May-08,ARV,Adult,SCMS from RDC,"Nevirapine 200mg, tablets, 60 Tabs",Nevirapine,Generic,200mg,Tablet,60,50000,170000,3.4,0.06,"Aurobindo Unit III, India",Yes,4733,6002.19,272
11865,131-NG-T01,Pre-PQ Process,SO-2664,DN-750,Nigeria,PMO - US,From RDC,N/A - From RDC,Air,Pre-PQ Process,N/A - From RDC,27-May-08,27-May-08,27-May-08,ARV,Adult,SCMS from RDC,"Lamivudine/Nevirapine/Zidovudine 150/200/300mg, tablets, 60 Tabs",Lamivudine/Nevirapine/Zidovudine,Generic,150/300/200mg,Tablet - FDC,60,16610,220580.8,13.28,0.22,"Aurobindo Unit III, India",Yes,1832,11815.12,352.93
11866,100-ZW-T01,Pre-PQ Process,SO-2667,DN-756,Zimbabwe,PMO - US,From RDC,N/A - From RDC,Air,Pre-PQ Process,N/A - From RDC,11-Jun-08,11-Jun-08,11-Jun-08,ARV,Adult,SCMS from RDC,"Lamivudine/Nevirapine/Stavudine 150/200/30mg, tablets, 60 Tabs",Lamivudine/Nevirapine/Stavudine,Generic,150/200/30mg,Tablet - FDC,60,37240,275576,7.4,0.12,"Cipla, Goa, India",Yes,7806,45047.32,440.92
11867,104-CI-T01,Pre-PQ Process,SO-2045,DN-761,Côte d'Ivoire,PMO - US,From RDC,N/A - From RDC,Air,Pre-PQ Process,N/A - From RDC,2-Jun-08,2-Jun-08,2-Jun-08,ARV,Pediatric,SCMS from RDC,"Lamivudine 10mg/ml, oral solution, Bottle, 240 ml",Lamivudine,Generic,10mg/ml,Oral solution,240,7700,15169,1.97,0.01,"Aurobindo Unit III, India",No,See DN-761 (ID#:10951),See DN-761 (ID#:10951),24.27
11868,110-ZM-T01,Pre-PQ Process,SO-2488,DN-767,Zambia,PMO - US,From RDC,N/A - From RDC,Truck,Pre-PQ Process,N/A - From RDC,17-Jun-08,17-Jun-08,17-Jun-08,ARV,Adult,SCMS from RDC,"Nevirapine 200mg, tablets, 60 Tabs",Nevirapine,Generic,200mg,Tablet,60,55560,188904,3.4,0.06,Hetero Unit III Hyderabad IN,Yes,3224,4217.45,302.25
11869,111-MZ-T01,Pre-PQ Process,SO-1824,DN-624,Mozambique,PMO - US,From RDC,N/A - From RDC,Air,Pre-PQ Process,N/A - From RDC,31-Mar-08,31-Mar-08,31-Mar-08,ARV,Adult,SCMS from RDC,"Ritonavir 100mg [Norvir], capsules, cool, 84 Caps",Ritonavir,Norvir,100mg,Capsule,84,630,6041.7,9.59,0.11,ABBVIE (Abbott) Logis. UK,Yes,185,1214.2,9.67
11870,102-GY-T01,Pre-PQ Process,SO-1004,DN-617,Guyana,PMO - US,From RDC,N/A - From RDC,N/A,Pre-PQ Process,N/A - From RDC,21-Feb-08,21-Feb-08,21-Feb-08,HRDT,HIV test,SCMS from RDC,"HIV 1/2, Determine HIV Kit, without Lancets, 100 Tests","HIV 1/2, Determine HIV Kit, without Lancets",Determine,N/A,Test kit,100,152,10942.48,71.99,0.72,Inverness Japan,No,See DN-617 (ID#:11236),See DN-617 (ID#:11236),17.51
11873,104-CI-T01,Pre-PQ Process,SO-1680,DN-673,Côte d'Ivoire,PMO - US,From RDC,N/A - From RDC,Air,Pre-PQ Process,N/A - From RDC,27-Mar-08,27-Mar-08,27-Mar-08,ARV,Pediatric,SCMS from RDC,"Nevirapine 10mg/ml, oral suspension, Bottle, 240 ml",Nevirapine,Generic,10mg/ml,Oral suspension,240,3008,5775.36,1.92,0.01,"Aurobindo Unit III, India",No,See DN-673 (ID#:10682),See DN-673 (ID#:10682),9.24
11874,104-CI-T01,Pre-PQ Process,SO-794,DN-674,Côte d'Ivoire,PMO - US,From RDC,N/A - From RDC,N/A,Pre-PQ Process,N/A - From RDC,27-Mar-08,27-Mar-08,27-Mar-08,HRDT,HIV test,SCMS from RDC,"#108853** HIV, Genie II HIV-1/HIV-2 Kit, 40 Tests","HIV, Genie II HIV-1/HIV-2 Kit",Genie,N/A,Test kit,40,415,31540,76,1.9,Bio-Rad Laboratories,Yes,453,1606.93,50.46
11875,112-NG-T01,Pre-PQ Process,SO-2726,DN-800,Nigeria,PMO - US,From RDC,N/A - From RDC,Air,Pre-PQ Process,N/A - From RDC,19-Jun-08,19-Jun-08,19-Jun-08,ARV,Adult,SCMS from RDC,"Lamivudine/Nevirapine/Stavudine 150/200/30mg, tablets, 60 Tabs",Lamivudine/Nevirapine/Stavudine,Generic,150/200/30mg,Tablet - FDC,60,9180,67932,7.4,0.12,"Cipla, Goa, India",No,See DN-800 (ID#:10953),See DN-800 (ID#:10953),108.69
11876,106-HT-T01,Pre-PQ Process,SO-2053,DN-744,Haiti,PMO - US,From RDC,N/A - From RDC,Air,Pre-PQ Process,N/A - From RDC,2-Jun-08,2-Jun-08,2-Jun-08,ARV,Adult,SCMS from RDC,"Stavudine 15mg, capsules, 60 Caps",Stavudine,Generic,15mg,Capsule,60,127,190.5,1.5,0.02,"Aurobindo Unit III, India",No,See DN-744 (ID#:10684),See DN-744 (ID#:10684),0.3
11877,132-NG-T01,Pre-PQ Process,SO-2708,DN-806,Nigeria,PMO - US,From RDC,N/A - From RDC,Air,Pre-PQ Process,N/A - From RDC,27-Jun-08,27-Jun-08,27-Jun-08,ARV,Adult,SCMS from RDC,"Efavirenz 600mg, tablets, 30 Tabs",Efavirenz,Generic,600mg,Tablet,30,25000,300250,12.01,0.4,"Aurobindo Unit III, India",Yes,2173,9906.63,480.4
11878,110-ZM-T01,Pre-PQ Process,SO-1806,DN-625,Zambia,PMO - US,From RDC,N/A - From RDC,N/A,Pre-PQ Process,N/A - From RDC,28-Mar-08,28-Mar-08,28-Mar-08,ARV,Adult,SCMS from RDC,"Lamivudine/Zidovudine 150/300mg, tablets, 60 Tabs",Lamivudine/Zidovudine,Generic,150/300mg,Tablet - FDC,60,50000,472500,9.45,0.16,"Aurobindo Unit III, India",No,See DN-625 (ID#:10956),See DN-625 (ID#:10956),756
11879,123-NG-T01,Pre-PQ Process,SO-2552,DN-834,Nigeria,PMO - US,From RDC,N/A - From RDC,Air,Pre-PQ Process,N/A - From RDC,16-Jul-08,16-Jul-08,16-Jul-08,ARV,Adult,SCMS from RDC,"Zidovudine 300mg, tablets, 60 Tabs",Zidovudine,Generic,300mg,Tablet,60,5641,45974.15,8.15,0.14,"Aurobindo Unit III, India",No,See DN-834 (ID#:10686),See DN-834 (ID#:10686),73.56
11880,106-HT-T01,Pre-PQ Process,SO-2059,DN-733,Haiti,PMO - US,From RDC,N/A - From RDC,Air,Pre-PQ Process,N/A - From RDC,26-May-08,26-May-08,26-May-08,ARV,Adult,SCMS from RDC,"Lamivudine/Zidovudine 150/300mg, tablets, 60 Tabs",Lamivudine/Zidovudine,Generic,150/300mg,Tablet - FDC,60,28896,273067.2,9.45,0.16,"Aurobindo Unit III, India",No,See DN-733 (ID#:10688),See DN-733 (ID#:10688),436.91
11881,104-CI-T01,Pre-PQ Process,SO-2044,DN-734,Côte d'Ivoire,PMO - US,From RDC,N/A - From RDC,Air,Pre-PQ Process,N/A - From RDC,2-Jun-08,2-Jun-08,2-Jun-08,ARV,Pediatric,SCMS from RDC,"Stavudine 1mg/ml, powder for oral solution, 200 ml",Stavudine,Generic,1mg/ml,Oral solution,200,3229,4520.6,1.4,0.01,"Aurobindo Unit III, India",No,See DN-734 (ID#:10689),See DN-734 (ID#:10689),7.23
11882,100-ZW-T01,Pre-PQ Process,SO-716,DN-770,Zimbabwe,PMO - US,From RDC,N/A - From RDC,Air,Pre-PQ Process,N/A - From RDC,9-Jun-08,9-Jun-08,9-Jun-08,ARV,Adult,SCMS from RDC,"Efavirenz 600mg, tablets, 30 Tabs",Efavirenz,Generic,600mg,Tablet,30,1860,23101.2,12.42,0.41,"Aurobindo Unit III, India",No,See DN-770 (ID#:10959),See DN-770 (ID#:10959),36.96
11883,109-TZ-T01,Pre-PQ Process,SO-1943,DN-664,Tanzania,PMO - US,From RDC,N/A - From RDC,Air,Pre-PQ Process,N/A - From RDC,23-Apr-08,23-Apr-08,23-Apr-08,ARV,Pediatric,SCMS from RDC,"Didanosine 100mg, chewable/dispersible tablets, 60 Tabs",Didanosine,Generic,100mg,Chewable/dispersible tablet,60,11640,90210,7.75,0.13,"Aurobindo Unit III, India",Yes,2427,8381.22,144.34
11884,104-CI-T01,Pre-PQ Process,SO-2043,DN-684,Côte d'Ivoire,PMO - US,From RDC,N/A - From RDC,Air,Pre-PQ Process,N/A - From RDC,8-Apr-08,8-Apr-08,8-Apr-08,ARV,Pediatric,SCMS from RDC,"Efavirenz 30mg/ml [Stocrin/Sustiva], oral solution, Bottle, 180 ml",Efavirenz,Stocrin/Sustiva,30mg/ml,Oral solution,180,1503,25490.88,16.96,0.09,"MSD, Haarlem, NL",Yes,608,1996.68,40.79
11887,114-UG-T01,Pre-PQ Process,SO-2674,DN-797,Uganda,PMO - US,From RDC,N/A - From RDC,Air,Pre-PQ Process,N/A - From RDC,11-Jul-08,11-Jul-08,11-Jul-08,ARV,Adult,SCMS from RDC,"Zidovudine 300mg, tablets, 60 Tabs",Zidovudine,Generic,300mg,Tablet,60,46,368,8,0.13,"Aurobindo Unit III, India",No,See DN-797 (ID#:10966),See DN-797 (ID#:10966),0.59
11888,106-HT-T01,Pre-PQ Process,SO-1287,DN-640,Haiti,PMO - US,From RDC,N/A - From RDC,Air,Pre-PQ Process,N/A - From RDC,4-Mar-08,4-Mar-08,4-Mar-08,ARV,Adult,SCMS from RDC,"Lamivudine 150mg, tablets, 60 Tabs",Lamivudine,Generic,150mg,Tablet,60,2871,8727.84,3.04,0.05,"Aurobindo Unit III, India",Yes,144,2504.44,13.96
11890,104-CI-T01,Pre-PQ Process,SO-1547,DN-705,Côte d'Ivoire,PMO - US,From RDC,N/A - From RDC,Air,Pre-PQ Process,N/A - From RDC,17-Apr-08,17-Apr-08,17-Apr-08,ARV,Adult,SCMS from RDC,"Saquinavir 200mg [Invirase], capsules, 270 Caps",Saquinavir,Invirase,200mg,Capsule,270,977,76831.28,78.64,0.29,Roche Basel,Yes,490,1765.4,122.93
11891,111-MZ-T01,Pre-PQ Process,SO-1615,DN-698,Mozambique,PMO - US,From RDC,N/A - From RDC,Air,Pre-PQ Process,N/A - From RDC,23-Jun-08,23-Jun-08,23-Jun-08,ARV,Adult,SCMS from RDC,"Lamivudine/Nevirapine/Zidovudine 150/200/300mg, tablets, 60 Tabs",Lamivudine/Nevirapine/Zidovudine,Generic,150/300/200mg,Tablet - FDC,60,19000,256500,13.5,0.22,"Aurobindo Unit III, India",No,See DN-698 (ID#:10970),See DN-698 (ID#:10970),410.4
11892,109-TZ-T01,Pre-PQ Process,SO-1999,DN-696,Tanzania,PMO - US,From RDC,N/A - From RDC,Air,Pre-PQ Process,N/A - From RDC,23-Apr-08,23-Apr-08,23-Apr-08,ARV,Adult,SCMS from RDC,"Efavirenz 600mg, tablets, 30 Tabs",Efavirenz,Generic,600mg,Tablet,30,18451,229161.42,12.42,0.41,"Aurobindo Unit III, India",Yes,1636,6195.24,366.66
11893,117-ET-T01,Pre-PQ Process,SO-1518,DN-634,Ethiopia,PMO - US,From RDC,N/A - From RDC,Air,Pre-PQ Process,N/A - From RDC,21-Mar-08,21-Mar-08,21-Mar-08,ARV,Adult,SCMS from RDC,"Nevirapine 200mg, tablets, 60 Tabs",Nevirapine,Generic,200mg,Tablet,60,100731,342485.4,3.4,0.06,"Ranbaxy, Paonta Shahib, India",No,See DN-634 (ID#:10972),See DN-634 (ID#:10972),547.98
11894,113-ZW-T01,Pre-PQ Process,SO-1922,DN-644,Zimbabwe,PMO - US,From RDC,N/A - From RDC,Truck,Pre-PQ Process,N/A - From RDC,12-Mar-08,12-Mar-08,12-Mar-08,ARV,Adult,SCMS from RDC,"Zidovudine 300mg, tablets, 60 Tabs",Zidovudine,Generic,300mg,Tablet,60,525,4278.75,8.15,0.14,"Aurobindo Unit III, India",Yes,395,1746.3,6.85
11895,130-NG-T01,Pre-PQ Process,SO-2500,DN-729,Nigeria,PMO - US,From RDC,N/A - From RDC,Air,Pre-PQ Process,N/A - From RDC,9-May-08,9-May-08,9-May-08,ARV,Adult,SCMS from RDC,"Efavirenz 600mg, tablets, 30 Tabs",Efavirenz,Generic,600mg,Tablet,30,1031,12382.31,12.01,0.4,"Aurobindo Unit III, India",Yes,236,1651.16,19.81
11897,119-NA-T01,Pre-PQ Process,SO-1929,DN-650,Namibia,PMO - US,From RDC,N/A - From RDC,Air,Pre-PQ Process,N/A - From RDC,17-Apr-08,17-Apr-08,17-Apr-08,HRDT,HIV test,SCMS from RDC,"HIV 1/2, Determine HIV Kit, without Lancets, 100 Tests","HIV 1/2, Determine HIV Kit, without Lancets",Determine,N/A,Test kit,100,90,6479.1,71.99,0.72,Inverness Japan,Yes,21,1730.41,10.37
11899,106-HT-T01,Pre-PQ Process,SO-2055,DN-690,Haiti,PMO - US,From RDC,N/A - From RDC,Air,Pre-PQ Process,N/A - From RDC,14-Apr-08,14-Apr-08,14-Apr-08,ARV,Pediatric,SCMS from RDC,"Lamivudine 10mg/ml, oral solution, Bottle, 240 ml",Lamivudine,Generic,10mg/ml,Oral solution,240,2135,4205.95,1.97,0.01,"Aurobindo Unit III, India",No,See DN-690 (ID#:10706),See DN-690 (ID#:10706),6.73
11900,102-KE-T01,Pre-PQ Process,SO-1599,DN-706,Kenya,PMO - US,From RDC,N/A - From RDC,Truck,Pre-PQ Process,N/A - From RDC,8-Apr-08,8-Apr-08,8-Apr-08,HRDT,HIV test,SCMS from RDC,"HIV 1/2, Bioline 3.0 Kit, Lancets, Capillary pipets, Alcohol swabs included, 25 Tests","HIV 1/2, Bioline 3.0 Kit, Lancets, Capillary pipets, Alcohol swabs included",Bioline,N/A,Test kit,25,2688,53760,20,0.8,"Standard Diagnostics, Korea",Yes,965,838.83,86.02
11902,112-NG-T01,Pre-PQ Process,SO-2731,DN-776,Nigeria,PMO - US,From RDC,N/A - From RDC,Truck,Pre-PQ Process,N/A - From RDC,3-Jun-08,3-Jun-08,3-Jun-08,ARV,Pediatric,SCMS from RDC,"Lamivudine 10mg/ml, oral solution, Bottle, 240 ml",Lamivudine,Generic,10mg/ml,Oral solution,240,1000,1920,1.92,0.01,"Aurobindo Unit III, India",Yes,346,1988.9,3.07
11903,106-HT-T01,Pre-PQ Process,SO-12161,DN-892,Haiti,PMO - US,From RDC,N/A - From RDC,Air,Pre-PQ Process,N/A - From RDC,9-Sep-08,9-Sep-08,9-Sep-08,ARV,Pediatric,SCMS from RDC,"Zidovudine 10mg/ml, oral solution, Bottle, 240 ml",Zidovudine,Generic,10mg/ml,Oral solution,240,1440,3024,2.1,0.01,"Aurobindo Unit III, India",Yes,538,7100.67,4.84
11904,106-HT-T01,Pre-PQ Process,SO-15960,DN-946,Haiti,PMO - US,From RDC,N/A - From RDC,Air,Pre-PQ Process,N/A - From RDC,20-Oct-08,20-Oct-08,20-Oct-08,ARV,Adult,SCMS from RDC,"Efavirenz 600mg, tablets, 30 Tabs",Efavirenz,Generic,600mg,Tablet,30,27070,297770,11,0.37,"Aurobindo Unit III, India",No,See DN-946 (ID#:10983),See DN-946 (ID#:10983),476.43
11905,113-ZW-T01,Pre-PQ Process,SO-13991,DN-1015,Zimbabwe,PMO - US,From RDC,N/A - From RDC,Truck,Pre-PQ Process,N/A - From RDC,19-Nov-08,19-Nov-08,19-Nov-08,ARV,Adult,SCMS from RDC,"Lamivudine/Nevirapine/Stavudine 150/200/30mg, tablets, 60 Tabs",Lamivudine/Nevirapine/Stavudine,Generic,150/200/30mg,Tablet - FDC,60,76000,562400,7.4,0.12,"Cipla, Goa, India",No,See DN-1015 (ID#:11561),See DN-1015 (ID#:11561),1102.3
11906,114-UG-T01,Pre-PQ Process,SO-17770,DN-998,Uganda,PMO - US,From RDC,N/A - From RDC,Truck,Pre-PQ Process,N/A - From RDC,15-Dec-08,15-Dec-08,15-Dec-08,ARV,Adult,SCMS from RDC,"Efavirenz 600mg, tablets, 30 Tabs",Efavirenz,Generic,600mg,Tablet,30,5147,56617,11,0.37,"Aurobindo Unit III, India",No,See DN-998 (ID#:11568),See DN-998 (ID#:11568),110.97
11907,106-HT-T01,Pre-PQ Process,SO-12150,DN-859,Haiti,PMO - US,From RDC,N/A - From RDC,Air,Pre-PQ Process,N/A - From RDC,7-Aug-08,7-Aug-08,7-Aug-08,ARV,Pediatric,SCMS from RDC,"Efavirenz 30mg/ml [Stocrin/Sustiva], oral solution, Bottle, 180 ml",Efavirenz,Stocrin/Sustiva,30mg/ml,Oral solution,180,150,2544,16.96,0.09,"MSD, Haarlem, NL",Yes,702,8762.02,4.07
11908,106-HT-T01,Pre-PQ Process,SO-12150,DN-859,Haiti,PMO - US,From RDC,N/A - From RDC,Air,Pre-PQ Process,N/A - From RDC,7-Aug-08,7-Aug-08,7-Aug-08,ARV,Pediatric,SCMS from RDC,"Zidovudine 10mg/ml, oral solution, Bottle, 240 ml",Zidovudine,Generic,10mg/ml,Oral solution,240,1760,3696,2.1,0.01,"Aurobindo Unit III, India",No,See DN-859 (ID#:11907),See DN-859 (ID#:11907),5.91
11909,126-NG-T01,Pre-PQ Process,SO-10770,DN-870,Nigeria,PMO - US,From RDC,N/A - From RDC,Air,Pre-PQ Process,N/A - From RDC,18-Aug-08,18-Aug-08,18-Aug-08,ARV,Adult,SCMS from RDC,"Stavudine 30mg, capsules, 60 Caps",Stavudine,Generic,30mg,Capsule,60,13380,20739,1.55,0.03,"Aurobindo Unit III, India",Yes,925,9185.15,33.18
11910,112-NG-T01,Pre-PQ Process,SO-2727,DN-888,Nigeria,PMO - US,From RDC,N/A - From RDC,Air,Pre-PQ Process,N/A - From RDC,31-Aug-08,31-Aug-08,31-Aug-08,ARV,Adult,SCMS from RDC,"Lamivudine/Zidovudine 150/300mg, tablets, 60 Tabs",Lamivudine/Zidovudine,Generic,150/300mg,Tablet - FDC,60,1001,9359.35,9.35,0.16,Mylan (formerly Matrix) Nashik,Yes,82,1151.48,14.97
11913,117-ET-T01,Pre-PQ Process,SO-22050,DN-1105,Ethiopia,PMO - US,From RDC,N/A - From RDC,Air,Pre-PQ Process,N/A - From RDC,20-Mar-09,20-Mar-09,20-Mar-09,ARV,Adult,SCMS from RDC,"Lamivudine/Nevirapine/Zidovudine 150/200/300mg, tablets, 60 Tabs",Lamivudine/Nevirapine/Zidovudine,Generic,150/300/200mg,Tablet - FDC,60,10812,127581.6,11.8,0.2,"Aurobindo Unit III, India",No,See DN-1105 (ID#:11303),See DN-1105 (ID#:11303),250.06
11914,510-KE-T01,Pre-PQ Process,SO-12690,DN-875,Kenya,PMO - US,From RDC,N/A - From RDC,Air,Pre-PQ Process,N/A - From RDC,26-Aug-08,26-Aug-08,26-Aug-08,HRDT,HIV test,SCMS from RDC,"HIV 1/2, Uni-Gold HIV Kit, 20 Tests","HIV 1/2, Uni-Gold HIV Kit",Uni-Gold,N/A,Test kit,20,4926,157632,32,1.6,"Trinity Biotech, Plc",Yes,2695,11898.8,252.21
11916,100-PK-T01,Pre-PQ Process,SO-14930,DN-1004,Pakistan,PMO - US,From RDC,N/A - From RDC,Air,Pre-PQ Process,N/A - From RDC,17-Nov-08,17-Nov-08,17-Nov-08,HRDT,HIV test,SCMS from RDC,"HIV 1/2, Determine HIV Kit, without Lancets, 100 Tests","HIV 1/2, Determine HIV Kit, without Lancets",Determine,N/A,Test kit,100,12,1199.88,99.99,1,Inverness Japan,No,See DN-1004 (ID#:11280),See DN-1004 (ID#:11280),2.35
11917,132-NG-T01,Pre-PQ Process,SO-2707,DN-921,Nigeria,PMO - US,From RDC,N/A - From RDC,Air,Pre-PQ Process,N/A - From RDC,28-Sep-08,28-Sep-08,28-Sep-08,ARV,Adult,SCMS from RDC,"Efavirenz 600mg, tablets, 30 Tabs",Efavirenz,Generic,600mg,Tablet,30,25000,300250,12.01,0.4,"Aurobindo Unit III, India",Yes,6124,13353.34,480.4
11918,106-HT-T01,Pre-PQ Process,SO-12162,DN-942,Haiti,PMO - US,From RDC,N/A - From RDC,Air,Pre-PQ Process,N/A - From RDC,10-Oct-08,10-Oct-08,10-Oct-08,ARV,Pediatric,SCMS from RDC,"Zidovudine 10mg/ml, oral solution, Bottle, 240 ml",Zidovudine,Generic,10mg/ml,Oral solution,240,2613,5487.3,2.1,0.01,"Aurobindo Unit III, India",Yes,979,11836.61,8.78
11919,110-ZM-T01,Pre-PQ Process,SO-16670,DN-993,Zambia,PMO - US,From RDC,N/A - From RDC,Truck,Pre-PQ Process,N/A - From RDC,1-Dec-08,1-Dec-08,1-Dec-08,ARV,Adult,SCMS from RDC,"Nevirapine 200mg, tablets, 60 Tabs",Nevirapine,Generic,200mg,Tablet,60,20989,71362.6,3.4,0.06,Hetero Unit III Hyderabad IN,Yes,1162,3629.37,139.87
11920,107-RW-T01,Pre-PQ Process,SO-17220,DN-962,Rwanda,PMO - US,From RDC,N/A - From RDC,Truck,Pre-PQ Process,N/A - From RDC,5-Nov-08,5-Nov-08,5-Nov-08,ARV,Adult,SCMS from RDC,"Nevirapine 200mg, tablets, 60 Tabs",Nevirapine,Generic,200mg,Tablet,60,4703,15049.6,3.2,0.05,"Aurobindo Unit III, India",Yes,455,3754.14,29.5
11921,130-NG-T01,Pre-PQ Process,SO-10580,DN-909,Nigeria,PMO - US,From RDC,N/A - From RDC,Air,Pre-PQ Process,N/A - From RDC,22-Sep-08,22-Sep-08,22-Sep-08,ARV,Adult,SCMS from RDC,"Lamivudine/Zidovudine 150/300mg, tablets, 60 Tabs",Lamivudine/Zidovudine,Generic,150/300mg,Tablet - FDC,60,2339,21869.65,9.35,0.16,Mylan (formerly Matrix) Nashik,No,See DN-909 (ID#:10727),See DN-909 (ID#:10727),34.99
11923,104-CI-T01,Pre-PQ Process,SO-16222,DN-1072,Côte d'Ivoire,PMO - US,From RDC,N/A - From RDC,Air,Pre-PQ Process,N/A - From RDC,14-Feb-09,14-Feb-09,14-Feb-09,ARV,Adult,SCMS from RDC,"Abacavir 300mg, tablets, 60 Tabs",Abacavir,Generic,300mg,Tablet,60,3000,76740,25.58,0.43,Mylan (formerly Matrix) Nashik,Yes,187,5110.42,150.41
11924,107-RW-T01,Pre-PQ Process,SO-23000,DN-1074,Rwanda,PMO - US,From RDC,N/A - From RDC,Air,Pre-PQ Process,N/A - From RDC,6-Feb-09,6-Feb-09,6-Feb-09,ARV,Adult,SCMS from RDC,"Lamivudine 150mg, tablets, 60 Tabs",Lamivudine,Generic,150mg,Tablet,60,10530,25693.2,2.44,0.04,"Aurobindo Unit III, India",Yes,544,5029.05,50.36
11925,109-TZ-T01,Pre-PQ Process,SO-1697,DN-893,Tanzania,PMO - US,From RDC,N/A - From RDC,N/A,Pre-PQ Process,N/A - From RDC,15-Sep-08,15-Sep-08,15-Sep-08,ARV,Pediatric,SCMS from RDC,"Didanosine 100mg, chewable/dispersible tablets, 60 Tabs",Didanosine,Generic,100mg,Chewable/dispersible tablet,60,11640,90210,7.75,0.13,"Aurobindo Unit III, India",No,See DN-893 (ID#:11596),See DN-893 (ID#:11596),144.34
11926,111-MZ-T01,Pre-PQ Process,SO-15080,DN-1034,Mozambique,PMO - US,From RDC,N/A - From RDC,Air,Pre-PQ Process,N/A - From RDC,21-Feb-09,21-Feb-09,21-Feb-09,ARV,Adult,SCMS from RDC,"Efavirenz 600mg, tablets, 30 Tabs",Efavirenz,Generic,600mg,Tablet,30,24350,267850,11,0.37,"Aurobindo Unit III, India",No,See DN-1034 (ID#:10732),See DN-1034 (ID#:10732),524.99
11927,100-SL-T01,Pre-PQ Process,SO-12770,DN-885,Sierra Leone,PMO - US,From RDC,N/A - From RDC,Air,Pre-PQ Process,N/A - From RDC,22-Aug-08,22-Aug-08,22-Aug-08,HRDT,HIV test,SCMS from RDC,"HIV 1/2, Uni-Gold HIV Kit, 20 Tests","HIV 1/2, Uni-Gold HIV Kit",Uni-Gold,N/A,Test kit,20,500,16000,32,1.6,"Trinity Biotech, Plc",Yes,163,7795,25.6
11928,104-CI-T01,Pre-PQ Process,SO-16221,DN-1089,Côte d'Ivoire,PMO - US,From RDC,N/A - From RDC,Air,Pre-PQ Process,N/A - From RDC,2-Mar-09,2-Mar-09,2-Mar-09,ARV,Pediatric,SCMS from RDC,"Stavudine 1mg/ml, powder for oral solution, 200 ml",Stavudine,Generic,1mg/ml,Oral solution,200,1200,1680,1.4,0.01,"Aurobindo Unit III, India",Yes,115,1297.57,3.29
11932,151-NG-T01,Pre-PQ Process,SO-21782,DN-1144,Nigeria,PMO - US,From RDC,N/A - From RDC,Air,Pre-PQ Process,N/A - From RDC,24-Mar-09,24-Mar-09,24-Mar-09,ARV,Adult,SCMS from RDC,"Emtricitabine/Tenofovir Disoproxil Fumarate 200/300mg [Truvada], tablets, 30 Tabs",Emtricitabine/Tenofovir Disoproxil Fumarate,Truvada,300/200mg,Tablet - FDC,30,37666,988732.5,26.25,0.88,"Aspen-OSD, Port Elizabeth, SA",Yes,3273,6443.63,1937.92
11933,112-NG-T01,Pre-PQ Process,SO-2728,DN-917,Nigeria,PMO - US,From RDC,N/A - From RDC,Air,Pre-PQ Process,N/A - From RDC,24-Sep-08,24-Sep-08,24-Sep-08,ARV,Adult,SCMS from RDC,"Emtricitabine/Tenofovir Disoproxil Fumarate 200/300mg [Truvada], tablets, 30 Tabs",Emtricitabine/Tenofovir Disoproxil Fumarate,Truvada,300/200mg,Tablet - FDC,30,4,105,26.25,0.88,"Aspen-OSD, Port Elizabeth, SA",No,See DN-917 (ID#:10745),See DN-917 (ID#:10745),0.17
11934,112-NG-T01,Pre-PQ Process,SO-2728,DN-917,Nigeria,PMO - US,From RDC,N/A - From RDC,Air,Pre-PQ Process,N/A - From RDC,24-Sep-08,24-Sep-08,24-Sep-08,ARV,Adult,SCMS from RDC,"Lamivudine/Zidovudine 150/300mg, tablets, 60 Tabs",Lamivudine/Zidovudine,Generic,150/300mg,Tablet - FDC,60,1054,9854.9,9.35,0.16,Mylan (formerly Matrix) Nashik,No,See DN-917 (ID#:10745),See DN-917 (ID#:10745),15.77
11935,112-NG-T01,Pre-PQ Process,SO-2728,DN-917,Nigeria,PMO - US,From RDC,N/A - From RDC,Air,Pre-PQ Process,N/A - From RDC,24-Sep-08,24-Sep-08,24-Sep-08,ARV,Adult,SCMS from RDC,"Lamivudine/Nevirapine/Stavudine 150/200/30mg, tablets, 60 Tabs",Lamivudine/Nevirapine/Stavudine,Generic,150/200/30mg,Tablet - FDC,60,4953,36652.2,7.4,0.12,"Cipla, Goa, India",No,See DN-917 (ID#:10745),See DN-917 (ID#:10745),58.64
11936,106-HT-T01,Pre-PQ Process,SO-15930,DN-944,Haiti,PMO - US,From RDC,N/A - From RDC,Air,Pre-PQ Process,N/A - From RDC,4-Nov-08,4-Nov-08,4-Nov-08,ARV,Adult,SCMS from RDC,"Stavudine 30mg, capsules, 60 Caps",Stavudine,Generic,30mg,Capsule,60,12000,18600,1.55,0.03,"Aurobindo Unit III, India",No,See DN-944 (ID#:11012),See DN-944 (ID#:11012),36.46
11937,106-HT-T01,Pre-PQ Process,SO-15930,DN-944,Haiti,PMO - US,From RDC,N/A - From RDC,Air,Pre-PQ Process,N/A - From RDC,4-Nov-08,4-Nov-08,4-Nov-08,ARV,Pediatric,SCMS from RDC,"Abacavir 20mg/ml, oral solution, Bottle, 240 ml",Abacavir,Generic,20mg/ml,Oral solution,240,350,5652.5,16.15,0.07,"Aurobindo Unit III, India",No,See DN-944 (ID#:11012),See DN-944 (ID#:11012),11.08
11938,106-HT-T01,Pre-PQ Process,SO-23790,DN-1109,Haiti,PMO - US,From RDC,N/A - From RDC,Air,Pre-PQ Process,N/A - From RDC,10-Mar-09,10-Mar-09,10-Mar-09,ARV,Adult,SCMS from RDC,"Abacavir 300mg, tablets, 60 Tabs",Abacavir,Generic,300mg,Tablet,60,450,11452.5,25.45,0.42,Mylan (formerly Matrix) Nashik,Yes,47,1432.88,22.45
11939,126-NG-T01,Pre-PQ Process,SO-10750,DN-846,Nigeria,PMO - US,From RDC,N/A - From RDC,Air,Pre-PQ Process,N/A - From RDC,24-Jul-08,24-Jul-08,24-Jul-08,ARV,Adult,SCMS from RDC,"Efavirenz 600mg, tablets, 30 Tabs",Efavirenz,Generic,600mg,Tablet,30,4200,49224,11.72,0.39,"Aurobindo Unit III, India",Yes,621,4099.51,78.76
11940,109-TZ-T01,Pre-PQ Process,SO-2565,DN-853,Tanzania,PMO - US,From RDC,N/A - From RDC,Air,Pre-PQ Process,N/A - From RDC,29-Aug-08,29-Aug-08,29-Aug-08,ARV,Adult,SCMS from RDC,"Lamivudine/Nevirapine/Stavudine 150/200/30mg, tablets, 60 Tabs",Lamivudine/Nevirapine/Stavudine,Generic,150/200/30mg,Tablet - FDC,60,2011,14881.4,7.4,0.12,"Cipla, Goa, India",Yes,6650,36855.6,23.81
11942,106-HT-T01,Pre-PQ Process,SO-15950,DN-945,Haiti,PMO - US,From RDC,N/A - From RDC,Air,Pre-PQ Process,N/A - From RDC,27-Oct-08,27-Oct-08,27-Oct-08,ARV,Adult,SCMS from RDC,"Efavirenz 600mg, tablets, 30 Tabs",Efavirenz,Generic,600mg,Tablet,30,2139,23529,11,0.37,"Aurobindo Unit III, India",No,See DN-945 (ID#:11018),See DN-945 (ID#:11018),37.65
11943,106-HT-T01,Pre-PQ Process,SO-15950,DN-945,Haiti,PMO - US,From RDC,N/A - From RDC,Air,Pre-PQ Process,N/A - From RDC,27-Oct-08,27-Oct-08,27-Oct-08,ARV,Adult,SCMS from RDC,"Lamivudine/Zidovudine 150/300mg, tablets, 60 Tabs",Lamivudine/Zidovudine,Generic,150/300mg,Tablet - FDC,60,93000,869550,9.35,0.16,"Aurobindo Unit III, India",No,See DN-945 (ID#:11018),See DN-945 (ID#:11018),1391.28
11944,117-ET-T01,Pre-PQ Process,SO-22000,DN-1060,Ethiopia,PMO - US,From RDC,N/A - From RDC,Air,Pre-PQ Process,N/A - From RDC,18-Feb-09,18-Feb-09,18-Feb-09,ARV,Adult,SCMS from RDC,"Lamivudine/Nevirapine/Stavudine 150/200/30mg, tablets, 60 Tabs",Lamivudine/Nevirapine/Stavudine,Generic,150/200/30mg,Tablet - FDC,60,2855,20327.6,7.12,0.12,"Cipla, Goa, India",No,See DN-1060 (ID#:11618),See DN-1060 (ID#:11618),39.84
11945,123-NG-T01,Pre-PQ Process,SO-2554,DN-960,Nigeria,PMO - US,From RDC,N/A - From RDC,Air,Pre-PQ Process,N/A - From RDC,30-Oct-08,30-Oct-08,30-Oct-08,ARV,Adult,SCMS from RDC,"Stavudine 30mg, capsules, 60 Caps",Stavudine,Generic,30mg,Capsule,60,7876,11971.52,1.52,0.03,"Aurobindo Unit III, India",Yes,5588,18617.93,23.46
11946,123-NG-T01,Pre-PQ Process,SO-2554,DN-960,Nigeria,PMO - US,From RDC,N/A - From RDC,Air,Pre-PQ Process,N/A - From RDC,30-Oct-08,30-Oct-08,30-Oct-08,ARV,Adult,SCMS from RDC,"Emtricitabine/Tenofovir Disoproxil Fumarate 200/300mg [Truvada], tablets, 30 Tabs",Emtricitabine/Tenofovir Disoproxil Fumarate,Truvada,300/200mg,Tablet - FDC,30,32696,858270,26.25,0.88,"Aspen-OSD, Port Elizabeth, SA",No,See DN-960 (ID#:11945),See DN-960 (ID#:11945),1682.21
11947,123-NG-T01,Pre-PQ Process,SO-2554,DN-960,Nigeria,PMO - US,From RDC,N/A - From RDC,Air,Pre-PQ Process,N/A - From RDC,30-Oct-08,30-Oct-08,30-Oct-08,ARV,Pediatric,SCMS from RDC,"Efavirenz 200mg, capsule, 90 Caps",Efavirenz,Generic,200mg,Capsule,90,1132,18112,16,0.18,"Aurobindo Unit III, India",No,See DN-960 (ID#:11945),See DN-960 (ID#:11945),35.5
11948,110-ZM-T01,Pre-PQ Process,SO-2543,DN-975,Zambia,PMO - US,From RDC,N/A - From RDC,Truck,Pre-PQ Process,N/A - From RDC,25-Nov-08,25-Nov-08,25-Nov-08,ARV,Adult,SCMS from RDC,"Emtricitabine/Tenofovir Disoproxil Fumarate 200/300mg [Truvada], tablets, 30 Tabs",Emtricitabine/Tenofovir Disoproxil Fumarate,Truvada,300/200mg,Tablet - FDC,30,100000,2625000,26.25,0.88,"Aspen-OSD, Port Elizabeth, SA",Yes,88190,11519.94,5145
11949,112-NG-T01,Pre-PQ Process,SO-20960,DN-1124,Nigeria,PMO - US,From RDC,N/A - From RDC,Air Charter,Pre-PQ Process,N/A - From RDC,19-Mar-09,19-Mar-09,19-Mar-09,ARV,Pediatric,SCMS from RDC,"Lamivudine 10mg/ml, oral solution, Bottle, 240 ml",Lamivudine,Generic,10mg/ml,Oral solution,240,833,1582.7,1.9,0.01,"Aurobindo Unit III, India",No,See DN-1124 (ID#:11620),See DN-1124 (ID#:11620),3.1
11950,104-CI-T01,Pre-PQ Process,SO-16190,DN-1020,Côte d'Ivoire,PMO - US,From RDC,N/A - From RDC,Air,Pre-PQ Process,N/A - From RDC,5-Jan-09,5-Jan-09,5-Jan-09,ARV,Adult,SCMS from RDC,"Lamivudine/Nevirapine/Stavudine 150/200/30mg, tablets, 60 Tabs",Lamivudine/Nevirapine/Stavudine,Generic,150/200/30mg,Tablet - FDC,60,19290,138888,7.2,0.12,"Cipla, Goa, India",Yes,2096,19495.73,272.22
11951,104-CI-T01,Pre-PQ Process,SO-16223,DN-1112,Côte d'Ivoire,PMO - US,From RDC,N/A - From RDC,Air,Pre-PQ Process,N/A - From RDC,5-Mar-09,5-Mar-09,5-Mar-09,ARV,Pediatric,SCMS from RDC,"Stavudine 1mg/ml, powder for oral solution, 200 ml",Stavudine,Generic,1mg/ml,Oral solution,200,800,1120,1.4,0.01,"Aurobindo Unit III, India",Yes,77,1286,2.2
11953,110-ZM-T01,Pre-PQ Process,SO-1897,DN-927,Zambia,PMO - US,From RDC,N/A - From RDC,N/A,Pre-PQ Process,N/A - From RDC,6-Oct-08,6-Oct-08,6-Oct-08,ARV,Adult,SCMS from RDC,"Efavirenz 600mg, tablets, 30 Tabs",Efavirenz,Generic,600mg,Tablet,30,20880,250768.8,12.01,0.4,Mylan (formerly Matrix) Nashik,Yes,1603,8539.26,401.23
11954,104-CI-T01,Pre-PQ Process,SO-11850,DN-988,Côte d'Ivoire,PMO - US,From RDC,N/A - From RDC,Air,Pre-PQ Process,N/A - From RDC,1-Dec-08,1-Dec-08,1-Dec-08,ARV,Adult,SCMS from RDC,"Efavirenz 600mg, tablets, 30 Tabs",Efavirenz,Generic,600mg,Tablet,30,30654,359264.88,11.72,0.39,"Aurobindo Unit III, India",No,See DN-988 (ID#:11022),See DN-988 (ID#:11022),704.16
11955,151-NG-T01,Pre-PQ Process,SO-21800,DN-1134,Nigeria,PMO - US,From RDC,N/A - From RDC,Air Charter,Pre-PQ Process,N/A - From RDC,19-Mar-09,19-Mar-09,19-Mar-09,ARV,Adult,SCMS from RDC,"Lamivudine/Nevirapine/Zidovudine 150/200/300mg, tablets, 60 Tabs",Lamivudine/Nevirapine/Zidovudine,Generic,150/300/200mg,Tablet - FDC,60,63940,728916,11.4,0.19,"Aurobindo Unit III, India",Yes,7189,11492.86,1428.68
11956,151-NG-T01,Pre-PQ Process,SO-21808,DN-1142,Nigeria,PMO - US,From RDC,N/A - From RDC,Air Charter,Pre-PQ Process,N/A - From RDC,19-Mar-09,19-Mar-09,19-Mar-09,ARV,Adult,SCMS from RDC,"Lamivudine/Nevirapine/Zidovudine 150/200/300mg, tablets, 60 Tabs",Lamivudine/Nevirapine/Zidovudine,Generic,150/300/200mg,Tablet - FDC,60,4314,49179.6,11.4,0.19,"Aurobindo Unit III, India",Yes,485,22985.73,96.39
11957,104-CI-T01,Pre-PQ Process,SO-27010,DN-1157,Côte d'Ivoire,PMO - US,From RDC,N/A - From RDC,Air,Pre-PQ Process,N/A - From RDC,20-Mar-09,20-Mar-09,20-Mar-09,ARV,Adult,SCMS from RDC,"Lopinavir/Ritonavir 200/50mg [Aluvia], tablets, 120 Tabs",Lopinavir/Ritonavir,Aluvia,200/50mg,Tablet,120,1764,72500.4,41.1,0.34,ABBVIE Ludwigshafen Germany,Yes,Weight Captured Separately,Invoiced Separately,142.1
11958,104-CI-T01,Pre-PQ Process,SO-27011,DN-1158,Côte d'Ivoire,PMO - US,From RDC,N/A - From RDC,Air,Pre-PQ Process,N/A - From RDC,20-Mar-09,20-Mar-09,20-Mar-09,ARV,Adult,SCMS from RDC,"Lopinavir/Ritonavir 200/50mg [Aluvia], tablets, 120 Tabs",Lopinavir/Ritonavir,Aluvia,200/50mg,Tablet,120,1544,63458.4,41.1,0.34,ABBVIE (Abbott) Logis. UK,Yes,Weight Captured Separately,Invoiced Separately,124.38
11959,111-MZ-T01,Pre-PQ Process,SO-15090,DN-933,Mozambique,PMO - US,From RDC,N/A - From RDC,Air,Pre-PQ Process,N/A - From RDC,14-Nov-08,14-Nov-08,14-Nov-08,ARV,Adult,SCMS from RDC,"Efavirenz 600mg, tablets, 30 Tabs",Efavirenz,Generic,600mg,Tablet,30,5000,55000,11,0.37,"Aurobindo Unit III, India",No,See DN-933 (ID#:10755),See DN-933 (ID#:10755),88
11960,104-CI-T01,Pre-PQ Process,SO-970,DN-1163,Côte d'Ivoire,PMO - US,From RDC,N/A - From RDC,Air,Pre-PQ Process,N/A - From RDC,23-Mar-09,23-Mar-09,23-Mar-09,ARV,Pediatric,SCMS from RDC,"Lopinavir/Ritonavir 80/20mg/ml [Kaletra], oral solution, cool, Bottle 5 x 60 ml",Lopinavir/Ritonavir,Kaletra,80/20mg/ml,Oral solution,300,1500,61650,41.1,0.14,ABBVIE (Abbott) Logis. UK,No,See DN-1163 (ID#:11030),See DN-1163 (ID#:11030),120.83
11961,104-CI-T01,Pre-PQ Process,SO-27040,DN-1164,Côte d'Ivoire,PMO - US,From RDC,N/A - From RDC,Air,Pre-PQ Process,N/A - From RDC,24-Mar-09,24-Mar-09,24-Mar-09,ARV,Adult,SCMS from RDC,"Nevirapine 200mg, tablets, 60 Tabs",Nevirapine,Generic,200mg,Tablet,60,7511,25537.4,3.4,0.06,"Aurobindo Unit III, India",Yes,Weight Captured Separately,Invoiced Separately,50.05
11962,104-CI-T01,Pre-PQ Process,SO-21882,DN-1171,Côte d'Ivoire,PMO - US,From RDC,N/A - From RDC,Air,Pre-PQ Process,N/A - From RDC,12-May-09,12-May-09,12-May-09,ARV,Pediatric,SCMS from RDC,"Abacavir 20mg/ml, oral solution, Bottle, 240 ml",Abacavir,Generic,20mg/ml,Oral solution,240,352,5280,15,0.06,"Aurobindo Unit III, India",Yes,125,1328.03,10.35
11963,106-HT-T01,Pre-PQ Process,SO-24831,DN-1173,Haiti,PMO - US,From RDC,N/A - From RDC,Air,Pre-PQ Process,N/A - From RDC,14-Apr-09,14-Apr-09,14-Apr-09,ARV,Pediatric,SCMS from RDC,"Abacavir 20mg/ml, oral solution, Bottle, 240 ml",Abacavir,Generic,20mg/ml,Oral solution,240,274,4110,15,0.06,"Aurobindo Unit III, India",Yes,98,1763.84,8.06
11964,111-MZ-T01,Pre-PQ Process,SO-25020,DN-1175,Mozambique,PMO - US,From RDC,N/A - From RDC,Air,Pre-PQ Process,N/A - From RDC,8-Jun-09,8-Jun-09,8-Jun-09,ARV,Adult,SCMS from RDC,"Lamivudine/Nevirapine/Zidovudine 150/200/300mg, tablets, 60 Tabs",Lamivudine/Nevirapine/Zidovudine,Generic,150/300/200mg,Tablet - FDC,60,10808,127534.4,11.8,0.2,Mylan (formerly Matrix) Nashik,Yes,1320,6759.55,249.97
11966,127-KE-T01,Pre-PQ Process,SO-29010,DN-1193,Kenya,PMO - US,From RDC,N/A - From RDC,Truck,Pre-PQ Process,N/A - From RDC,23-Apr-09,23-Apr-09,23-Apr-09,ARV,Pediatric,SCMS from RDC,"Efavirenz 200mg, capsule, 90 Caps",Efavirenz,Generic,200mg,Capsule,90,170,1.7,0.01,0,"Aurobindo Unit III, India",No,See DN-1193 (ID#:11312),See DN-1193 (ID#:11312),0
11967,151-NG-T01,Pre-PQ Process,SO-22522,DN-1198,Nigeria,PMO - US,From RDC,N/A - From RDC,Air,Pre-PQ Process,N/A - From RDC,30-Apr-09,30-Apr-09,30-Apr-09,ARV,Adult,SCMS from RDC,"Emtricitabine/Tenofovir Disoproxil Fumarate 200/300mg [Truvada], tablets, 30 Tabs",Emtricitabine/Tenofovir Disoproxil Fumarate,Truvada,300/200mg,Tablet - FDC,30,2067,54258.75,26.25,0.88,"Aspen-OSD, Port Elizabeth, SA",Yes,235,2922.53,106.35
11968,106-HT-T01,Pre-PQ Process,SO-24840,DN-1221,Haiti,PMO - US,From RDC,N/A - From RDC,Air,Pre-PQ Process,N/A - From RDC,22-May-09,22-May-09,22-May-09,ARV,Pediatric,SCMS from RDC,"Lamivudine 10mg/ml, oral solution, Bottle, 240 ml",Lamivudine,Generic,10mg/ml,Oral solution,240,2345,4455.5,1.9,0.01,"Aurobindo Unit III, India",No,See DN-1221 (ID#:11636),See DN-1221 (ID#:11636),8.73
11969,111-MZ-T01,Pre-PQ Process,SO-30440,DN-1231,Mozambique,PMO - US,From RDC,N/A - From RDC,Truck,Pre-PQ Process,N/A - From RDC,28-Jun-09,28-Jun-09,28-Jun-09,ARV,Adult,SCMS from RDC,"Stavudine 30mg, capsules, 60 Caps",Stavudine,Generic,30mg,Capsule,60,630,938.7,1.49,0.02,"Strides, Bangalore, India.",No,See DN-1231 (ID#:11044),See DN-1231 (ID#:11044),1.84
11970,104-CI-T01,Pre-PQ Process,SO-27520,DN-1234,Côte d'Ivoire,PMO - US,From RDC,N/A - From RDC,Air,Pre-PQ Process,N/A - From RDC,11-Jun-09,11-Jun-09,11-Jun-09,ARV,Pediatric,SCMS from RDC,"Efavirenz 200mg, capsule, 90 Caps",Efavirenz,Generic,200mg,Capsule,90,1680,25636.8,15.26,0.17,"Aurobindo Unit III, India",Yes,3337,9936.96,50.25
11971,100-SZ-T01,Pre-PQ Process,SO-30790,DN-1238,Swaziland,PMO - US,From RDC,N/A - From RDC,Air,Pre-PQ Process,N/A - From RDC,21-May-09,21-May-09,21-May-09,ARV,Pediatric,SCMS from RDC,"Efavirenz 200mg, capsule, 90 Caps",Efavirenz,Generic,200mg,Capsule,90,1417,18038.41,12.73,0.14,"Aurobindo Unit III, India",No,See DN-1238 (ID#:11046),See DN-1238 (ID#:11046),35.36
11972,100-SZ-T01,Pre-PQ Process,SO-30790,DN-1238,Swaziland,PMO - US,From RDC,N/A - From RDC,Air,Pre-PQ Process,N/A - From RDC,21-May-09,21-May-09,21-May-09,ARV,Adult,SCMS from RDC,"Lamivudine/Nevirapine/Zidovudine 150/200/300mg, tablets, 60 Tabs",Lamivudine/Nevirapine/Zidovudine,Generic,150/300/200mg,Tablet - FDC,60,13600,154360,11.35,0.19,"Aurobindo Unit III, India",No,See DN-1238 (ID#:11046),See DN-1238 (ID#:11046),302.55
11973,111-MZ-T01,Pre-PQ Process,SO-17530,DN-1176,Mozambique,PMO - US,From RDC,N/A - From RDC,Air,Pre-PQ Process,N/A - From RDC,20-May-09,20-May-09,20-May-09,ARV,Adult,SCMS from RDC,"Indinavir 400mg [Crixivan], capsules, 180 Caps",Indinavir,Crixivan,400mg,Capsule,180,616,30800,50,0.28,"MSD, Haarlem, NL",Yes,227,1943.05,60.37
11974,111-MZ-T01,Pre-PQ Process,SO-17530,DN-1176,Mozambique,PMO - US,From RDC,N/A - From RDC,Air,Pre-PQ Process,N/A - From RDC,20-May-09,20-May-09,20-May-09,ARV,Pediatric,SCMS from RDC,"Efavirenz 200mg, capsule, 90 Caps",Efavirenz,Generic,200mg,Capsule,90,720,10987.2,15.26,0.17,"Aurobindo Unit III, India",No,See DN-1176 (ID#:11973),See DN-1176 (ID#:11973),21.53
11975,110-ZM-T01,Pre-PQ Process,SO-17630,DN-1240,Zambia,PMO - US,From RDC,N/A - From RDC,Truck,Pre-PQ Process,N/A - From RDC,10-Jun-09,10-Jun-09,10-Jun-09,ARV,Adult,SCMS from RDC,"Efavirenz 600mg, tablets, 30 Tabs",Efavirenz,Generic,600mg,Tablet,30,100000,1100000,11,0.37,Hetero Unit III Hyderabad IN,Yes,7736,10069.54,2156
11980,112-NG-T01,Pre-PQ Process,SO-21050,DN-1244,Nigeria,PMO - US,From RDC,N/A - From RDC,Air Charter,Pre-PQ Process,N/A - From RDC,16-Jun-09,16-Jun-09,16-Jun-09,ARV,Adult,SCMS from RDC,"Stavudine 30mg, capsules, 60 Caps",Stavudine,Generic,30mg,Capsule,60,1002,1553.1,1.55,0.03,"Aurobindo Unit III, India",No,See DN-1244 (ID#:11048),See DN-1244 (ID#:11048),3.04
11981,110-ZM-T01,Pre-PQ Process,SO-30300,DN-1250,Zambia,PMO - US,From RDC,N/A - From RDC,Truck,Pre-PQ Process,N/A - From RDC,15-Jun-09,15-Jun-09,15-Jun-09,ARV,Pediatric,SCMS from RDC,"Efavirenz 200mg, capsule, 90 Caps",Efavirenz,Generic,200mg,Capsule,90,680,10376.8,15.26,0.17,"Aurobindo Unit III, India",No,See DN-1250 (ID#:10774),See DN-1250 (ID#:10774),20.34
11983,153-NG-T01,Pre-PQ Process,SO-31170,DN-1261,Nigeria,PMO - US,From RDC,N/A - From RDC,Air Charter,Pre-PQ Process,N/A - From RDC,16-Jun-09,16-Jun-09,16-Jun-09,ARV,Adult,SCMS from RDC,"Zidovudine 300mg, tablets, 60 Tabs",Zidovudine,Generic,300mg,Tablet,60,306,2359.26,7.71,0.13,"Aurobindo Unit III, India",No,See DN-1261 (ID#:11647),See DN-1261 (ID#:11647),4.62
11988,106-HT-T01,Pre-PQ Process,SO-24851,DN-1283,Haiti,PMO - US,From RDC,N/A - From RDC,Air,Pre-PQ Process,N/A - From RDC,25-Jun-09,25-Jun-09,25-Jun-09,ARV,Adult,SCMS from RDC,"Nevirapine 200mg, tablets, 60 Tabs",Nevirapine,Generic,200mg,Tablet,60,18750,56250,3,0.05,Hetero Unit III Hyderabad IN,Yes,111,12448.02,110.25
11989,113-ZW-T01,Pre-PQ Process,SO-21010,DN-1289,Zimbabwe,PMO - US,From RDC,N/A - From RDC,Truck,Pre-PQ Process,N/A - From RDC,22-Jun-09,22-Jun-09,22-Jun-09,ARV,Adult,SCMS from RDC,"Efavirenz 600mg, tablets, 30 Tabs",Efavirenz,Generic,600mg,Tablet,30,4000,42480,10.62,0.35,"Aurobindo Unit III, India",No,See DN-1289 (ID#:11332),See DN-1289 (ID#:11332),83.26
11990,104-CI-T01,Pre-PQ Process,SO-27531,DN-1314,Côte d'Ivoire,PMO - US,From RDC,N/A - From RDC,Air,Date Not Captured,N/A - From RDC,14-Jul-09,14-Jul-09,14-Jul-09,ARV,Adult,SCMS from RDC,"Efavirenz 600mg, tablets, 30 Tabs",Efavirenz,Generic,600mg,Tablet,30,26710,259621.2,9.72,0.32,"Emcure Plot No.P-2, I.T-B.T. Park, Phase II, MIDC, Hinjwadi, Pune, India",Yes,1866,6111.2,508.86
11991,114-UG-T01,Pre-PQ Process,SO-32120,DN-1303,Uganda,PMO - US,From RDC,N/A - From RDC,Air,Date Not Captured,N/A - From RDC,14-Aug-09,14-Aug-09,14-Aug-09,ARV,Adult,SCMS from RDC,"Lamivudine/Zidovudine 150/300mg, tablets, 60 Tabs",Lamivudine/Zidovudine,Generic,150/300mg,Tablet - FDC,60,14479,97878.04,6.76,0.11,"Aurobindo Unit III, India",No,See DN-1303 (ID#:11661),See DN-1303 (ID#:11661),191.84
11992,114-UG-T01,Pre-PQ Process,SO-30081,DN-1320,Uganda,PMO - US,From RDC,N/A - From RDC,Air,Date Not Captured,N/A - From RDC,14-Aug-09,14-Aug-09,14-Aug-09,ARV,Adult,SCMS from RDC,"Lamivudine/Nevirapine/Stavudine 150/200/30mg, tablets, 60 Tabs",Lamivudine/Nevirapine/Stavudine,Generic,150/200/30mg,Tablet - FDC,60,1604,11420.48,7.12,0.12,"Strides, Bangalore, India.",Yes,120,1670.63,22.38
11993,114-UG-T01,Pre-PQ Process,SO-30080,DN-1322,Uganda,PMO - US,From RDC,N/A - From RDC,Air,Date Not Captured,N/A - From RDC,17-Jul-09,17-Jul-09,17-Jul-09,ARV,Adult,SCMS from RDC,"Lamivudine/Nevirapine/Stavudine 150/200/30mg, tablets, 60 Tabs",Lamivudine/Nevirapine/Stavudine,Generic,150/200/30mg,Tablet - FDC,60,4340,30900.8,7.12,0.12,"Strides, Bangalore, India.",Yes,322,3017.15,60.57
11994,110-ZM-T01,Pre-PQ Process,SO-17641,DN-1326,Zambia,PMO - US,From RDC,N/A - From RDC,Truck,Date Not Captured,N/A - From RDC,4-Sep-09,4-Sep-09,4-Sep-09,ARV,Adult,SCMS from RDC,"Efavirenz 600mg, tablets, 30 Tabs",Efavirenz,Generic,600mg,Tablet,30,12740,140140,11,0.37,Hetero Unit III Hyderabad IN,Yes,987,2448.71,274.67
11995,110-ZM-T01,Pre-PQ Process,SO-29050,DN-1327,Zambia,PMO - US,From RDC,N/A - From RDC,Truck,Date Not Captured,N/A - From RDC,4-Sep-09,4-Sep-09,4-Sep-09,ARV,Adult,SCMS from RDC,"Efavirenz 600mg, tablets, 30 Tabs",Efavirenz,Generic,600mg,Tablet,30,120000,960000,8,0.27,Mylan (formerly Matrix) Nashik,Yes,9022,4506.18,1881.6
11996,151-NG-T01,Pre-PQ Process,SO-32646,DN-1340,Nigeria,PMO - US,From RDC,N/A - From RDC,Air Charter,Date Not Captured,N/A - From RDC,4-Aug-09,4-Aug-09,4-Aug-09,ARV,Adult,SCMS from RDC,"Lamivudine/Nevirapine/Zidovudine 150/200/300mg, tablets, 60 Tabs",Lamivudine/Nevirapine/Zidovudine,Generic,150/300/200mg,Tablet - FDC,60,4314,49179.6,11.4,0.19,"Aurobindo Unit III, India",Yes,486,7445.8,96.39
11997,151-NG-T01,Pre-PQ Process,SO-32642,DN-1344,Nigeria,PMO - US,From RDC,N/A - From RDC,Air Charter,Date Not Captured,N/A - From RDC,4-Aug-09,4-Aug-09,4-Aug-09,ARV,Adult,SCMS from RDC,"Lamivudine/Nevirapine/Zidovudine 150/200/300mg, tablets, 60 Tabs",Lamivudine/Nevirapine/Zidovudine,Generic,150/300/200mg,Tablet - FDC,60,41949,478218.6,11.4,0.19,"Aurobindo Unit III, India",Yes,4724,7445.8,937.31
11998,106-HT-T01,Pre-PQ Process,SO-32760,DN-1373,Haiti,PMO - US,From RDC,N/A - From RDC,Air,Date Not Captured,N/A - From RDC,31-Jul-09,31-Jul-09,31-Jul-09,ARV,Adult,SCMS from RDC,"Stavudine 30mg, capsules, 60 Caps",Stavudine,Generic,30mg,Capsule,60,8640,12614.4,1.46,0.02,"Aurobindo Unit III, India",No,See DN-1373 (ID#:11062),See DN-1373 (ID#:11062),24.72
11999,106-HT-T01,Pre-PQ Process,SO-32730,DN-1374,Haiti,PMO - US,From RDC,N/A - From RDC,Air,Date Not Captured,N/A - From RDC,31-Jul-09,31-Jul-09,31-Jul-09,ARV,Adult,SCMS from RDC,"Stavudine 15mg, capsules, 60 Caps",Stavudine,Generic,15mg,Capsule,60,108,162,1.5,0.02,"Aurobindo Unit III, India",Yes,78,6811.4,0.32
12000,111-MZ-T01,Pre-PQ Process,SO-32530,DN-1380,Mozambique,PMO - US,From RDC,N/A - From RDC,Truck,Date Not Captured,N/A - From RDC,17-Sep-09,17-Sep-09,17-Sep-09,ARV,Adult,SCMS from RDC,"Lamivudine/Nevirapine/Stavudine 150/200/30mg, tablets, 60 Tabs",Lamivudine/Nevirapine/Stavudine,Generic,150/200/30mg,Tablet - FDC,60,17000,121040,7.12,0.12,"Strides, Bangalore, India.",Yes,4374,1799.88,237.24
12001,110-ZM-T01,Pre-PQ Process,SO-29040,DN-1386,Zambia,PMO - US,From RDC,N/A - From RDC,Truck,Date Not Captured,N/A - From RDC,15-Sep-09,15-Sep-09,15-Sep-09,ARV,Adult,SCMS from RDC,"Lamivudine/Zidovudine 150/300mg, tablets, 60 Tabs",Lamivudine/Zidovudine,Generic,150/300mg,Tablet - FDC,60,108000,946080,8.76,0.15,"Aurobindo Unit III, India",No,See DN-1386 (ID#:11673),See DN-1386 (ID#:11673),1854.32
12003,104-CI-T01,Pre-PQ Process,SO-32240,DN-1398,Côte d'Ivoire,PMO - US,From RDC,N/A - From RDC,Air,Date Not Captured,N/A - From RDC,8-Sep-09,8-Sep-09,8-Sep-09,ARV,Pediatric,SCMS from RDC,"Efavirenz 200mg, capsule, 90 Caps",Efavirenz,Generic,200mg,Capsule,90,2520,32079.6,12.73,0.14,"Aurobindo Unit III, India",No,See DN-1398 (ID#:11679),See DN-1398 (ID#:11679),62.88
12004,114-UG-T01,Pre-PQ Process,SO-32930,DN-1402,Uganda,PMO - US,From RDC,N/A - From RDC,Air,Date Not Captured,N/A - From RDC,9-Sep-09,9-Sep-09,9-Sep-09,ARV,Adult,SCMS from RDC,"Lamivudine/Nevirapine/Zidovudine 150/200/300mg, tablets, 60 Tabs",Lamivudine/Nevirapine/Zidovudine,Generic,150/300/200mg,Tablet - FDC,60,19650,223027.5,11.35,0.19,"Aurobindo Unit III, India",Yes,2237,15250.99,437.13
12005,110-ZM-T01,Pre-PQ Process,SO-32480,DN-1405,Zambia,PMO - US,From RDC,N/A - From RDC,Truck,Date Not Captured,N/A - From RDC,22-Sep-09,22-Sep-09,22-Sep-09,ARV,Adult,SCMS from RDC,"Lamivudine/Nevirapine/Stavudine 150/200/30mg, tablets, 60 Tabs",Lamivudine/Nevirapine/Stavudine,Generic,150/200/30mg,Tablet - FDC,60,52481,373664.72,7.12,0.12,"Cipla, Goa, India",Yes,5586,6759.28,732.38
12006,113-ZW-T01,Pre-PQ Process,SO-21020,DN-1411,Zimbabwe,PMO - US,From RDC,N/A - From RDC,Truck,Date Not Captured,N/A - From RDC,22-Sep-09,22-Sep-09,22-Sep-09,ARV,Adult,SCMS from RDC,"Lamivudine/Nevirapine/Stavudine 150/200/30mg, tablets, 60 Tabs",Lamivudine/Nevirapine/Stavudine,Generic,150/200/30mg,Tablet - FDC,60,76000,541120,7.12,0.12,"Cipla, Goa, India",No,See DN-1411 (ID#:11352),See DN-1411 (ID#:11352),1060.6
12008,114-UG-T01,Pre-PQ Process,SO-31470,DN-1415,Uganda,PMO - US,From RDC,N/A - From RDC,Air,Date Not Captured,N/A - From RDC,14-Sep-09,14-Sep-09,14-Sep-09,ARV,Adult,SCMS from RDC,"Emtricitabine/Tenofovir Disoproxil Fumarate 200/300mg [Truvada], tablets, 30 Tabs",Emtricitabine/Tenofovir Disoproxil Fumarate,Truvada,300/200mg,Tablet - FDC,30,1795,47118.75,26.25,0.88,"Aspen-OSD, Port Elizabeth, SA",Yes,160,2590.35,92.35
12009,104-CI-T01,Pre-PQ Process,SO-33220,DN-1422,Côte d'Ivoire,PMO - US,From RDC,N/A - From RDC,Air,Date Not Captured,N/A - From RDC,16-Sep-09,16-Sep-09,16-Sep-09,ARV,Pediatric,SCMS from RDC,"Nevirapine 10mg/ml, oral suspension, Bottle, 240 ml",Nevirapine,Generic,10mg/ml,Oral suspension,240,6000,11520,1.92,0.01,"Aurobindo Unit III, India",No,See DN-1422 (ID#:11682),See DN-1422 (ID#:11682),22.58
12010,104-CI-T01,Pre-PQ Process,SO-33230,DN-1427,Côte d'Ivoire,PMO - US,From RDC,N/A - From RDC,Air,Date Not Captured,N/A - From RDC,25-Sep-09,25-Sep-09,25-Sep-09,ARV,Adult,SCMS from RDC,"Emtricitabine/Tenofovir Disoproxil Fumarate 200/300mg [Truvada], tablets, 30 Tabs",Emtricitabine/Tenofovir Disoproxil Fumarate,Truvada,300/200mg,Tablet - FDC,30,998,26197.5,26.25,0.88,"Aspen-OSD, Port Elizabeth, SA",No,See DN-1427 (ID#:11683),See DN-1427 (ID#:11683),51.35
12011,151-NG-T01,Pre-PQ Process,SO-33331,DN-1434,Nigeria,PMO - US,From RDC,N/A - From RDC,Air Charter,Date Not Captured,N/A - From RDC,20-Oct-09,20-Oct-09,20-Oct-09,ARV,Adult,SCMS from RDC,"Lamivudine/Nevirapine/Zidovudine 150/200/300mg, tablets, 60 Tabs",Lamivudine/Nevirapine/Zidovudine,Generic,150/300/200mg,Tablet - FDC,60,52920,603288,11.4,0.19,"Aurobindo Unit III, India",Yes,5960,9341.49,1182.44
12012,110-ZM-T01,Pre-PQ Process,SO-33021,DN-1448,Zambia,PMO - US,From RDC,N/A - From RDC,Truck,Date Not Captured,N/A - From RDC,13-Oct-09,13-Oct-09,13-Oct-09,ARV,Adult,SCMS from RDC,"Efavirenz 600mg, tablets, 30 Tabs",Efavirenz,Generic,600mg,Tablet,30,4000,24880,6.22,0.21,"Aurobindo Unit III, India",Yes,1900,4997.46,48.76
12014,106-HT-T01,Pre-PQ Process,SO-32720,DN-1466,Haiti,PMO - US,From RDC,N/A - From RDC,Air,Date Not Captured,N/A - From RDC,21-Oct-09,21-Oct-09,21-Oct-09,ARV,Adult,SCMS from RDC,"Nevirapine 200mg, tablets, 60 Tabs",Nevirapine,Generic,200mg,Tablet,60,15825,45892.5,2.9,0.05,"Aurobindo Unit III, India",No,See DN-1466 (ID#:11357),See DN-1466 (ID#:11357),89.95
12015,117-ET-T01,Pre-PQ Process,SO-33630,DN-1471,Ethiopia,PMO - US,From RDC,N/A - From RDC,Air,Date Not Captured,N/A - From RDC,6-Oct-09,6-Oct-09,6-Oct-09,ARV,Adult,SCMS from RDC,"Lamivudine 150mg, tablets, 60 Tabs",Lamivudine,Generic,150mg,Tablet,60,4500,10980,2.44,0.04,Mylan (formerly Matrix) Nashik,Yes,658,4311.22,21.52
12016,100-LB-T01,Pre-PQ Process,SO-33900,DN-1487,Lebanon,PMO - US,From RDC,N/A - From RDC,Air,Date Not Captured,N/A - From RDC,18-Nov-09,18-Nov-09,18-Nov-09,ARV,Pediatric,SCMS from RDC,"Zidovudine 10mg/ml, oral solution, Bottle, 240 ml",Zidovudine,Generic,10mg/ml,Oral solution,240,24,0.24,0.01,0,"Aurobindo Unit III, India",No,See DN-1487 (ID#:11073),See DN-1487 (ID#:11073),0
12017,114-UG-T01,Pre-PQ Process,SO-34000,DN-1489,Uganda,PMO - US,From RDC,N/A - From RDC,Air,Date Not Captured,N/A - From RDC,29-Oct-09,29-Oct-09,29-Oct-09,ARV,Adult,SCMS from RDC,"Stavudine 30mg, capsules, 60 Caps",Stavudine,Generic,30mg,Capsule,60,300,438,1.46,0.02,"Aurobindo Unit III, India",Yes,20,667.17,0.94
12018,114-UG-T01,Pre-PQ Process,SO-33150,DN-1490,Uganda,PMO - US,From RDC,N/A - From RDC,Air,Date Not Captured,N/A - From RDC,29-Oct-09,29-Oct-09,29-Oct-09,ARV,Adult,SCMS from RDC,"Zidovudine 300mg, tablets, 60 Tabs",Zidovudine,Generic,300mg,Tablet,60,589,4435.17,7.53,0.13,"Aurobindo Unit III, India",Yes,33,747.17,9.56
12020,117-ET-T01,Pre-PQ Process,SO-35210,DN-1588,Ethiopia,PMO - US,From RDC,N/A - From RDC,Air,Date Not Captured,N/A - From RDC,8-Dec-09,8-Dec-09,8-Dec-09,ARV,Adult,SCMS from RDC,"Nevirapine 200mg, tablets, 60 Tabs",Nevirapine,Generic,200mg,Tablet,60,20000,58000,2.9,0.05,"Cipla, Goa, India",Yes,2190,7573.92,125.05
12021,117-ET-T01,Pre-PQ Process,SO-34580,DN-1610,Ethiopia,PMO - US,From RDC,N/A - From RDC,Air,Date Not Captured,N/A - From RDC,13-Jan-10,13-Jan-10,13-Jan-10,ARV,Adult,SCMS from RDC,"Nevirapine 200mg, tablets, 60 Tabs",Nevirapine,Generic,200mg,Tablet,60,25540,74066,2.9,0.05,"Aurobindo Unit III, India",Yes,2031,6774.59,159.69
12025,100-CI-T01,Pre-PQ Process,SO-283,DN-16,Côte d'Ivoire,PMO - US,From RDC,N/A - From RDC,N/A,Pre-PQ Process,N/A - From RDC,22-Feb-07,22-Feb-07,22-Feb-07,ARV,Adult,SCMS from RDC,"Efavirenz 600mg, tablets, 30 Tabs",Efavirenz,Generic,600mg,Tablet,30,495,8043.75,16.25,0.54,"Aurobindo Unit III, India",No,See DN-16 (ID#:10540),See DN-16 (ID#:10540),
12026,100-CI-T01,Pre-PQ Process,SO-283,DN-16,Côte d'Ivoire,PMO - US,From RDC,N/A - From RDC,N/A,Pre-PQ Process,N/A - From RDC,22-Feb-07,22-Feb-07,22-Feb-07,ARV,Adult,SCMS from RDC,"Lamivudine/Zidovudine 150/300mg, tablets, 60 Tabs",Lamivudine/Zidovudine,Generic,150/300mg,Tablet - FDC,60,2770,28392.5,10.25,0.17,"Aurobindo Unit III, India",No,See DN-16 (ID#:10540),See DN-16 (ID#:10540),
12030,110-ZM-T01,Pre-PQ Process,SO-229,DN-41,Zambia,PMO - US,From RDC,N/A - From RDC,N/A,Pre-PQ Process,N/A - From RDC,29-Mar-07,29-Mar-07,29-Mar-07,ARV,Adult,SCMS from RDC,"Abacavir 300mg, tablets, 60 Tabs",Abacavir,Generic,300mg,Tablet,60,3334,118357,35.5,0.59,"Aurobindo Unit III, India",Yes,161,7441.23,
12031,112-NG-T01,Pre-PQ Process,SO-340,DN-72,Nigeria,PMO - US,From RDC,N/A - From RDC,N/A,Pre-PQ Process,N/A - From RDC,17-Apr-07,17-Apr-07,17-Apr-07,ARV,Pediatric,SCMS from RDC,"Zidovudine 10mg/ml, oral solution, Bottle, 240 ml",Zidovudine,Generic,10mg/ml,Oral solution,240,1200,2580,2.15,0.01,"Aurobindo Unit III, India",No,See DN-72 (ID#:11097),See DN-72 (ID#:11097),
12033,111-MZ-T01,Pre-PQ Process,SO-497,DN-121,Mozambique,PMO - US,From RDC,N/A - From RDC,Air,Pre-PQ Process,N/A - From RDC,18-May-07,18-May-07,18-May-07,ARV,Adult,SCMS from RDC,"Abacavir 300mg, tablets, 60 Tabs",Abacavir,Generic,300mg,Tablet,60,566,20262.8,35.8,0.6,"Aurobindo Unit III, India",No,See DN-121 (ID#:10814),See DN-121 (ID#:10814),
12034,100-CI-T01,Pre-PQ Process,SO-390,DN-51,Côte d'Ivoire,PMO - US,From RDC,N/A - From RDC,N/A,Pre-PQ Process,N/A - From RDC,4-May-07,4-May-07,4-May-07,ARV,Adult,SCMS from RDC,"Efavirenz 600mg, tablets, 30 Tabs",Efavirenz,Generic,600mg,Tablet,30,10000,162500,16.25,0.54,"Aurobindo Unit III, India",Yes,898,3002,
12037,100-CI-T01,Pre-PQ Process,SO-284,DN-46,Côte d'Ivoire,PMO - US,From RDC,N/A - From RDC,N/A,Pre-PQ Process,N/A - From RDC,4-May-07,4-May-07,4-May-07,ARV,Adult,SCMS from RDC,"Efavirenz 600mg, tablets, 30 Tabs",Efavirenz,Generic,600mg,Tablet,30,6519,105933.75,16.25,0.54,"Aurobindo Unit III, India",No,See DN-46 (ID#:10550),See DN-46 (ID#:10550),
12041,107-RW-T01,Pre-PQ Process,SO-481,DN-100,Rwanda,PMO - US,From RDC,N/A - From RDC,Air,Pre-PQ Process,N/A - From RDC,14-May-07,14-May-07,14-May-07,ARV,Adult,SCMS from RDC,"Lamivudine 150mg, tablets, 60 Tabs",Lamivudine,Generic,150mg,Tablet,60,1267,4193.77,3.31,0.06,"Ranbaxy, Paonta Shahib, India",No,See DN-100 (ID#:10823),See DN-100 (ID#:10823),
12043,100-CI-T01,Pre-PQ Process,SO-437,DN-85,Côte d'Ivoire,PMO - US,From RDC,N/A - From RDC,N/A,Pre-PQ Process,N/A - From RDC,30-Apr-07,30-Apr-07,30-Apr-07,ARV,Adult,SCMS from RDC,"Lamivudine/Nevirapine/Stavudine 150/200/30mg, tablets, 60 Tabs",Lamivudine/Nevirapine/Stavudine,Generic,150/200/30mg,Tablet - FDC,60,9000,67500,7.5,0.12,"Cipla, Goa, India",Yes,972,3162,
12044,100-CI-T01,Pre-PQ Process,SO-411,DN-60,Côte d'Ivoire,PMO - US,From RDC,N/A - From RDC,N/A,Pre-PQ Process,N/A - From RDC,4-May-07,4-May-07,4-May-07,ARV,Adult,SCMS from RDC,"Lamivudine/Zidovudine 150/300mg, tablets, 60 Tabs",Lamivudine/Zidovudine,Generic,150/300mg,Tablet - FDC,60,1000,10250,10.25,0.17,"Aurobindo Unit III, India",Yes,114,1470,
12045,100-CI-T01,Pre-PQ Process,SO-285,DN-74,Côte d'Ivoire,PMO - US,From RDC,N/A - From RDC,N/A,Pre-PQ Process,N/A - From RDC,30-Apr-07,30-Apr-07,30-Apr-07,ARV,Adult,SCMS from RDC,"Tenofovir Disoproxil Fumarate 300mg [Viread], tablets, 30 Tabs",Tenofovir Disoproxil Fumarate,Viread,300mg,Tablet,30,456,7752,17,0.57,Gilead(Nycomed) Oranienburg DE,Yes,682,2527,
12046,100-CI-T01,Pre-PQ Process,SO-285,DN-74,Côte d'Ivoire,PMO - US,From RDC,N/A - From RDC,N/A,Pre-PQ Process,N/A - From RDC,30-Apr-07,30-Apr-07,30-Apr-07,ARV,Adult,SCMS from RDC,"Lamivudine/Zidovudine 150/300mg, tablets, 60 Tabs",Lamivudine/Zidovudine,Generic,150/300mg,Tablet - FDC,60,6944,71176,10.25,0.17,"Aurobindo Unit III, India",No,See DN-74 (ID#:12045),See DN-74 (ID#:12045),
12047,100-CI-T01,Pre-PQ Process,SO-431,DN-76,Côte d'Ivoire,PMO - US,From RDC,N/A - From RDC,N/A,Pre-PQ Process,N/A - From RDC,30-Apr-07,30-Apr-07,30-Apr-07,ARV,Adult,SCMS from RDC,"Efavirenz 600mg, tablets, 30 Tabs",Efavirenz,Generic,600mg,Tablet,30,8148,132405,16.25,0.54,"Aurobindo Unit III, India",Yes,741,2656,
12050,112-NG-T01,Pre-PQ Process,SO-563,DN-209,Nigeria,PMO - US,From RDC,N/A - From RDC,N/A,Pre-PQ Process,N/A - From RDC,3-Jul-07,3-Jul-07,3-Jul-07,ARV,Adult,SCMS from RDC,"Lamivudine 150mg, tablets, 60 Tabs",Lamivudine,Generic,150mg,Tablet,60,552,1827.12,3.31,0.06,"Ranbaxy, Paonta Shahib, India",No,See DN-209 (ID#:11136),See DN-209 (ID#:11136),2.92
12056,112-NG-T01,Pre-PQ Process,SO-563,DN-209,Nigeria,PMO - US,From RDC,N/A - From RDC,N/A,Pre-PQ Process,N/A - From RDC,3-Jul-07,3-Jul-07,3-Jul-07,ARV,Pediatric,SCMS from RDC,"Nevirapine 10mg/ml, oral suspension, Bottle, 240 ml",Nevirapine,Generic,10mg/ml,Oral suspension,240,313,1940.6,6.2,0.03,"Aurobindo Unit III, India",No,See DN-209 (ID#:11136),See DN-209 (ID#:11136),3.1
12058,109-TZ-T01,Pre-PQ Process,SO-306,DN-144,Tanzania,PMO - US,From RDC,N/A - From RDC,Air,Pre-PQ Process,N/A - From RDC,6-Jul-07,6-Jul-07,6-Jul-07,HRDT,HIV test,SCMS from RDC,"HIV 1/2, Uni-Gold HIV Kit, 20 Tests","HIV 1/2, Uni-Gold HIV Kit",Uni-Gold,N/A,Test kit,20,100,3200,32,1.6,"Trinity Biotech, Plc",Yes,Weight Captured Separately,2297,
12059,111-MZ-T01,Pre-PQ Process,SO-379,DN-183,Mozambique,PMO - US,From RDC,N/A - From RDC,Air,Pre-PQ Process,N/A - From RDC,4-Jul-07,4-Jul-07,4-Jul-07,ARV,Adult,SCMS from RDC,"Abacavir/Lamivudine/Zidovudine 300/150/300mg [Trizivir], tablets, 60 Tabs",Abacavir/Lamivudine/Zidovudine,Trizivir,300/150/300mg,Tablet - FDC,60,1019,71330,70,1.17,GSK Ware (UK),Yes,138,439.17,
12060,111-MZ-T01,Pre-PQ Process,SO-578,DN-184,Mozambique,PMO - US,From RDC,N/A - From RDC,Air,Pre-PQ Process,N/A - From RDC,11-Jul-07,11-Jul-07,11-Jul-07,ARV,Adult,SCMS from RDC,"Lopinavir/Ritonavir 200/50mg [Aluvia], tablets, 120 Tabs",Lopinavir/Ritonavir,Aluvia,200/50mg,Tablet,120,801,32921.1,41.1,0.34,ABBVIE Ludwigshafen Germany,Yes,333,630.23,
12061,111-MZ-T01,Pre-PQ Process,SO-576,DN-148,Mozambique,PMO - US,From RDC,N/A - From RDC,Air,Pre-PQ Process,N/A - From RDC,13-Jun-07,13-Jun-07,13-Jun-07,ARV,Adult,SCMS from RDC,"Tenofovir Disoproxil Fumarate 300mg [Viread], tablets, 30 Tabs",Tenofovir Disoproxil Fumarate,Viread,300mg,Tablet,30,2684,45628,17,0.57,Gilead(Nycomed) Oranienburg DE,No,See DN-148 (ID#:10564),See DN-148 (ID#:10564),
12062,111-MZ-T01,Pre-PQ Process,SO-576,DN-148,Mozambique,PMO - US,From RDC,N/A - From RDC,Air,Pre-PQ Process,N/A - From RDC,13-Jun-07,13-Jun-07,13-Jun-07,ARV,Adult,SCMS from RDC,"Lamivudine/Nevirapine/Zidovudine 150/200/300mg, tablets, 60 Tabs",Lamivudine/Nevirapine/Zidovudine,Generic,150/300/200mg,Tablet - FDC,60,29959,524282.5,17.5,0.29,"Aurobindo Unit III, India",No,See DN-148 (ID#:10564),See DN-148 (ID#:10564),
12063,112-NG-T01,Pre-PQ Process,SO-557,DN-172,Nigeria,PMO - US,From RDC,N/A - From RDC,N/A,Pre-PQ Process,N/A - From RDC,26-Jun-07,26-Jun-07,26-Jun-07,ARV,Adult,SCMS from RDC,"Lamivudine/Zidovudine 150/300mg, tablets, 60 Tabs",Lamivudine/Zidovudine,Generic,150/300mg,Tablet - FDC,60,203,2168.04,10.68,0.18,"Aurobindo Unit III, India",No,See DN-172 (ID#:10566),See DN-172 (ID#:10566),
12064,112-NG-T01,Pre-PQ Process,SO-557,DN-172,Nigeria,PMO - US,From RDC,N/A - From RDC,N/A,Pre-PQ Process,N/A - From RDC,26-Jun-07,26-Jun-07,26-Jun-07,ARV,Adult,SCMS from RDC,"Lamivudine/Nevirapine/Stavudine 150/200/30mg, tablets, 60 Tabs",Lamivudine/Nevirapine/Stavudine,Generic,150/200/30mg,Tablet - FDC,60,1799,13492.5,7.5,0.12,"Cipla, Goa, India",No,See DN-172 (ID#:10566),See DN-172 (ID#:10566),
12067,112-NG-T01,Pre-PQ Process,SO-636,DN-191,Nigeria,PMO - US,From RDC,N/A - From RDC,N/A,Pre-PQ Process,N/A - From RDC,26-Jun-07,26-Jun-07,26-Jun-07,ARV,Adult,SCMS from RDC,"Lamivudine/Nevirapine/Stavudine 150/200/40mg, tablets, 60 Tabs",Lamivudine/Nevirapine/Stavudine,Generic,150/200/40mg,Tablet - FDC,60,903,6953.1,7.7,0.13,"Cipla, Goa, India",Yes,57,1339.8,11.12
12068,113-ZW-T01,Pre-PQ Process,SO-415,DN-140,Zimbabwe,PMO - US,From RDC,N/A - From RDC,N/A,Pre-PQ Process,N/A - From RDC,20-May-07,20-May-07,20-May-07,ARV,Adult,SCMS from RDC,"Efavirenz 600mg, tablets, 30 Tabs",Efavirenz,Generic,600mg,Tablet,30,2800,45528,16.26,0.54,"Aurobindo Unit III, India",Yes,246,1130.49,
12071,110-ZM-T01,Pre-PQ Process,SO-313,DN-207,Zambia,PMO - US,From RDC,N/A - From RDC,N/A,Pre-PQ Process,N/A - From RDC,20-Jun-07,20-Jun-07,20-Jun-07,ARV,Pediatric,SCMS from RDC,"Abacavir 20mg/ml, oral solution, Bottle, 240 ml",Abacavir,Generic,20mg/ml,Oral solution,240,237,5095.5,21.5,0.09,"Aurobindo Unit III, India",Yes,85,759.41,8.15
12072,112-NG-T01,Pre-PQ Process,SO-563,DN-209,Nigeria,PMO - US,From RDC,N/A - From RDC,N/A,Pre-PQ Process,N/A - From RDC,3-Jul-07,3-Jul-07,3-Jul-07,ARV,Adult,SCMS from RDC,"Lamivudine/Zidovudine+Nevirapine 150/300+200mg, tablets, co-blister, 60+60 Tabs",Lamivudine/Zidovudine+Nevirapine,Generic,150/300+200mg,Tablet - FDC + co-blister,120,10020,205410,20.5,0.17,"Aspen-OSD, Port Elizabeth, SA",No,See DN-209 (ID#:11136),See DN-209 (ID#:11136),328.66
12073,109-TZ-T01,Pre-PQ Process,SO-496,DN-247,Tanzania,PMO - US,From RDC,N/A - From RDC,Air,Pre-PQ Process,N/A - From RDC,30-Jul-07,30-Jul-07,30-Jul-07,ARV,Pediatric,SCMS from RDC,"Lopinavir/Ritonavir 80/20mg/ml [Kaletra], oral solution, cool, Bottle 5 x 60 ml",Lopinavir/Ritonavir,Kaletra,80/20mg/ml,Oral solution,300,147,6041.7,41.1,0.14,ABBVIE (Abbott) Logis. UK,No,See DN-247 (ID#:11139),See DN-247 (ID#:11139),9.67
12074,104-CI-T01,Pre-PQ Process,SO-524,DN-268,Côte d'Ivoire,PMO - US,From RDC,N/A - From RDC,N/A,Pre-PQ Process,N/A - From RDC,14-Aug-07,14-Aug-07,14-Aug-07,ARV,Adult,SCMS from RDC,"Lamivudine/Zidovudine 150/300mg, tablets, 60 Tabs",Lamivudine/Zidovudine,Generic,150/300mg,Tablet - FDC,60,7426,79309.68,10.68,0.18,"Aurobindo Unit III, India",Yes,3073,7947,126.9
12075,110-ZM-T01,Pre-PQ Process,SO-464,DN-223,Zambia,PMO - US,From RDC,N/A - From RDC,N/A,Pre-PQ Process,N/A - From RDC,16-Jul-07,16-Jul-07,16-Jul-07,ARV,Adult,SCMS from RDC,"Nevirapine 200mg, tablets, 60 Tabs",Nevirapine,Generic,200mg,Tablet,60,79029,282133.53,3.57,0.06,"Aurobindo Unit III, India",Yes,7393,30412.53,451.41
12077,104-CI-T01,Pre-PQ Process,SO-774,DN-242,Côte d'Ivoire,PMO - US,From RDC,N/A - From RDC,Air,Pre-PQ Process,N/A - From RDC,21-Aug-07,21-Aug-07,21-Aug-07,ARV,Adult,SCMS from RDC,"Stavudine 15mg, capsules, 60 Caps",Stavudine,Generic,15mg,Capsule,60,1161,2496.15,2.15,0.04,"Aurobindo Unit III, India",Yes,399,4200.78,3.99
12078,107-RW-T01,Pre-PQ Process,SO-814,DN-263,Rwanda,PMO - US,From RDC,N/A - From RDC,Air,Pre-PQ Process,N/A - From RDC,6-Aug-07,6-Aug-07,6-Aug-07,ARV,Adult,SCMS from RDC,"Indinavir 400mg [Crixivan], capsules, 180 Caps",Indinavir,Crixivan,400mg,Capsule,180,112,5600,50,0.28,MSD Elkton USA,Yes,24,1161,8.96
12079,107-RW-T01,Pre-PQ Process,SO-825,DN-264,Rwanda,PMO - US,From RDC,N/A - From RDC,Air,Pre-PQ Process,N/A - From RDC,6-Aug-07,6-Aug-07,6-Aug-07,HRDT,HIV test,SCMS from RDC,"HIV 1/2, Uni-Gold HIV Kit, 20 Tests","HIV 1/2, Uni-Gold HIV Kit",Uni-Gold,N/A,Test kit,20,92,2944,32,1.6,"Trinity Biotech, Plc",Yes,28,1604.96,4.71
12080,104-CI-T01,Pre-PQ Process,SO-816,DN-265,Côte d'Ivoire,PMO - US,From RDC,N/A - From RDC,Air,Pre-PQ Process,N/A - From RDC,17-Aug-07,17-Aug-07,17-Aug-07,ARV,Pediatric,SCMS from RDC,"Lopinavir/Ritonavir 80/20mg/ml [Kaletra], oral solution, cool, Bottle 5 x 60 ml",Lopinavir/Ritonavir,Kaletra,80/20mg/ml,Oral solution,300,56,2301.6,41.1,0.14,ABBVIE (Abbott) Logis. UK,No,See DN-265 (ID#:10580),See DN-265 (ID#:10580),3.68
12083,109-TZ-T01,Pre-PQ Process,SO-747,DN-229,Tanzania,PMO - US,From RDC,N/A - From RDC,Air,Pre-PQ Process,N/A - From RDC,13-Jul-07,13-Jul-07,13-Jul-07,HRDT,HIV test,SCMS from RDC,"HIV 1/2, Capillus HIV Kit, 100 Tests","HIV 1/2, Capillus HIV Kit",Capillus,N/A,Test kit,100,422,58658,139,1.39,"Trinity Biotech, Plc",Yes,3093,1547,93.85
12086,109-TZ-T01,Pre-PQ Process,SO-457,DN-292,Tanzania,PMO - US,From RDC,N/A - From RDC,Air,Pre-PQ Process,N/A - From RDC,29-Aug-07,29-Aug-07,29-Aug-07,ARV,Adult,SCMS from RDC,"Lamivudine/Zidovudine 150/300mg, tablets, 60 Tabs",Lamivudine/Zidovudine,Generic,150/300mg,Tablet - FDC,60,29489,314942.52,10.68,0.18,"Aurobindo Unit III, India",Yes,2670,7533,503.91
12088,111-MZ-T01,Pre-PQ Process,SO-298,DN-304,Mozambique,PMO - US,From RDC,N/A - From RDC,Air,Pre-PQ Process,N/A - From RDC,21-Sep-07,21-Sep-07,21-Sep-07,ARV,Adult,SCMS from RDC,"Abacavir/Lamivudine/Zidovudine 300/150/300mg [Trizivir], tablets, 60 Tabs",Abacavir/Lamivudine/Zidovudine,Trizivir,300/150/300mg,Tablet - FDC,60,530,37100,70,1.17,GSK Ware (UK),No,See DN-304 (ID#:10589),See DN-304 (ID#:10589),59.36
12089,111-MZ-T01,Pre-PQ Process,SO-298,DN-304,Mozambique,PMO - US,From RDC,N/A - From RDC,Air,Pre-PQ Process,N/A - From RDC,21-Sep-07,21-Sep-07,21-Sep-07,ARV,Adult,SCMS from RDC,"Abacavir 300mg, tablets, 60 Tabs",Abacavir,Generic,300mg,Tablet,60,960,34080,35.5,0.59,"Aurobindo Unit III, India",No,See DN-304 (ID#:10589),See DN-304 (ID#:10589),54.53
12090,111-MZ-T01,Pre-PQ Process,SO-298,DN-304,Mozambique,PMO - US,From RDC,N/A - From RDC,Air,Pre-PQ Process,N/A - From RDC,21-Sep-07,21-Sep-07,21-Sep-07,ARV,Adult,SCMS from RDC,"Indinavir 400mg [Crixivan], capsules, 180 Caps",Indinavir,Crixivan,400mg,Capsule,180,740,36496.8,49.32,0.27,MSD Elkton USA,No,See DN-304 (ID#:10589),See DN-304 (ID#:10589),58.39
12091,111-MZ-T01,Pre-PQ Process,SO-298,DN-304,Mozambique,PMO - US,From RDC,N/A - From RDC,Air,Pre-PQ Process,N/A - From RDC,21-Sep-07,21-Sep-07,21-Sep-07,ARV,Adult,SCMS from RDC,"Saquinavir 200mg [Invirase], capsules, 270 Caps",Saquinavir,Invirase,200mg,Capsule,270,521,39747.09,76.29,0.28,Roche Basel,No,See DN-304 (ID#:10589),See DN-304 (ID#:10589),63.6
12092,111-MZ-T01,Pre-PQ Process,SO-298,DN-304,Mozambique,PMO - US,From RDC,N/A - From RDC,Air,Pre-PQ Process,N/A - From RDC,21-Sep-07,21-Sep-07,21-Sep-07,ARV,Adult,SCMS from RDC,"Tenofovir Disoproxil Fumarate 300mg [Viread], tablets, 30 Tabs",Tenofovir Disoproxil Fumarate,Viread,300mg,Tablet,30,3318,56406,17,0.57,Gilead(Nycomed) Oranienburg DE,No,See DN-304 (ID#:10589),See DN-304 (ID#:10589),90.25
12093,111-MZ-T01,Pre-PQ Process,SO-298,DN-304,Mozambique,PMO - US,From RDC,N/A - From RDC,Air,Pre-PQ Process,N/A - From RDC,21-Sep-07,21-Sep-07,21-Sep-07,ARV,Adult,SCMS from RDC,"Lopinavir/Ritonavir 200/50mg [Aluvia], tablets, 120 Tabs",Lopinavir/Ritonavir,Aluvia,200/50mg,Tablet,120,2698,110887.8,41.1,0.34,ABBVIE Ludwigshafen Germany,No,See DN-304 (ID#:10589),See DN-304 (ID#:10589),177.42
12094,111-MZ-T01,Pre-PQ Process,SO-298,DN-304,Mozambique,PMO - US,From RDC,N/A - From RDC,Air,Pre-PQ Process,N/A - From RDC,21-Sep-07,21-Sep-07,21-Sep-07,ARV,Adult,SCMS from RDC,"Efavirenz 600mg, tablets, 30 Tabs",Efavirenz,Generic,600mg,Tablet,30,25913,434042.75,16.75,0.56,"Cipla, Goa, India",No,See DN-304 (ID#:10589),See DN-304 (ID#:10589),694.47
12100,107-RW-T01,Pre-PQ Process,SO-833,DN-361,Rwanda,PMO - US,From RDC,N/A - From RDC,Air,Pre-PQ Process,N/A - From RDC,16-Oct-07,16-Oct-07,16-Oct-07,HRDT,HIV test,SCMS from RDC,"HIV 1/2, Uni-Gold HIV Kit, 20 Tests","HIV 1/2, Uni-Gold HIV Kit",Uni-Gold,N/A,Test kit,20,1883,60256,32,1.6,"Trinity Biotech, Plc",Yes,627,7670.04,96.41
12107,110-ZM-T01,Pre-PQ Process,SO-822,DN-343,Zambia,PMO - US,From RDC,N/A - From RDC,N/A,Pre-PQ Process,N/A - From RDC,7-Sep-07,7-Sep-07,7-Sep-07,ARV,Pediatric,SCMS from RDC,"Abacavir 20mg/ml, oral solution, Bottle, 240 ml",Abacavir,Generic,20mg/ml,Oral solution,240,1000,16500,16.5,0.07,"Aurobindo Unit III, India",Yes,355,1886.39,26.4
12109,117-ET-T01,Pre-PQ Process,SO-914,DN-332,Ethiopia,PMO - US,From RDC,N/A - From RDC,N/A,Pre-PQ Process,N/A - From RDC,4-Sep-07,4-Sep-07,4-Sep-07,ARV,Pediatric,SCMS from RDC,"Lamivudine 10mg/ml, oral solution, Bottle, 240 ml",Lamivudine,Generic,10mg/ml,Oral solution,240,11950,23541.5,1.97,0.01,"Aurobindo Unit III, India",No,See DN-332 (ID#:10613),See DN-332 (ID#:10613),37.67
12110,117-ET-T01,Pre-PQ Process,SO-914,DN-332,Ethiopia,PMO - US,From RDC,N/A - From RDC,N/A,Pre-PQ Process,N/A - From RDC,4-Sep-07,4-Sep-07,4-Sep-07,ARV,Adult,SCMS from RDC,"Lamivudine 150mg, tablets, 60 Tabs",Lamivudine,Generic,150mg,Tablet,60,46855,142439.2,3.04,0.05,"Aurobindo Unit III, India",No,See DN-332 (ID#:10613),See DN-332 (ID#:10613),227.9
12112,107-RW-T01,Pre-PQ Process,SO-834,DN-352,Rwanda,PMO - US,From RDC,N/A - From RDC,Air,Pre-PQ Process,N/A - From RDC,14-Sep-07,14-Sep-07,14-Sep-07,HRDT,HIV test,SCMS from RDC,"HIV 1/2/O, First Response HIV 1-2.0, v.3.0 Cards Kit, 30 Tests","HIV 1/2/O, First Response HIV 1-2.0, v.3.0 Cards Kit",First Response,N/A,Test kit,30,1883,31069.5,16.5,0.55,Premier Med. Corp Ltd. India,Yes,752,4436.76,49.71
12113,100-ZW-T01,Pre-PQ Process,SO-705,DN-355,Zimbabwe,PMO - US,From RDC,N/A - From RDC,Truck,Pre-PQ Process,N/A - From RDC,20-Sep-07,20-Sep-07,20-Sep-07,ARV,Adult,SCMS from RDC,"Lamivudine/Nevirapine/Stavudine 150/200/30mg, tablets, 60 Tabs",Lamivudine/Nevirapine/Stavudine,Generic,150/200/30mg,Tablet - FDC,60,37240,275576,7.4,0.12,"Cipla, Goa, India",No,See DN-355 (ID#:11787),See DN-355 (ID#:11787),440.92
12120,111-MZ-T01,Pre-PQ Process,SO-1064,DN-415,Mozambique,PMO - US,From RDC,N/A - From RDC,Air,Pre-PQ Process,N/A - From RDC,30-Nov-07,30-Nov-07,30-Nov-07,HRDT,HIV test,SCMS from RDC,"HIV 1/2, Uni-Gold HIV Kit, 20 Tests","HIV 1/2, Uni-Gold HIV Kit",Uni-Gold,N/A,Test kit,20,3480,111360,32,1.6,"Trinity Biotech, Plc",Yes,2766,10698.63,178.18
12122,104-CI-T01,Pre-PQ Process,SO-1245,DN-423,Côte d'Ivoire,PMO - US,From RDC,N/A - From RDC,Air,Pre-PQ Process,N/A - From RDC,13-Nov-07,13-Nov-07,13-Nov-07,ARV,Adult,SCMS from RDC,"Ritonavir 100mg [Norvir], capsules, cool, 4 x 84 Caps",Ritonavir,Norvir,100mg,Capsule,336,1200,46032,38.36,0.11,ABBVIE (Abbott) France,No,See DN-423 (ID#:11194),See DN-423 (ID#:11194),73.65
12123,100-ZW-T01,Pre-PQ Process,SO-1207,DN-424,Zimbabwe,PMO - US,From RDC,N/A - From RDC,Air,Pre-PQ Process,N/A - From RDC,16-Nov-07,16-Nov-07,16-Nov-07,ARV,Adult,SCMS from RDC,"Lamivudine/Stavudine 150/30mg, tablets, 30 Tabs",Lamivudine/Stavudine,Generic,150/30mg,Tablet - FDC,30,1062,2124,2,0.07,"Cipla, Goa, India",No,See DN-424 (ID#:10905),See DN-424 (ID#:10905),3.4
12125,105-GY-T01,Pre-PQ Process,SO-1233,DN-416,Guyana,PMO - US,From RDC,N/A - From RDC,Air,Pre-PQ Process,N/A - From RDC,7-Nov-07,7-Nov-07,7-Nov-07,ARV,Adult,SCMS from RDC,"Lamivudine/Zidovudine 150/300mg, tablets, 60 Tabs",Lamivudine/Zidovudine,Generic,150/300mg,Tablet - FDC,60,1848,17556,9.5,0.16,"Aurobindo Unit III, India",Yes,402,4807,28.09
12126,106-HT-T01,Pre-PQ Process,SO-1286,DN-458,Haiti,PMO - US,From RDC,N/A - From RDC,Air,Pre-PQ Process,N/A - From RDC,5-Dec-07,5-Dec-07,5-Dec-07,ARV,Adult,SCMS from RDC,"Stavudine 30mg, capsules, 60 Caps",Stavudine,Generic,30mg,Capsule,60,3000,4560,1.52,0.03,"Aurobindo Unit III, India",No,See DN-458 (ID#:11814),See DN-458 (ID#:11814),7.3
12127,104-CI-T01,Pre-PQ Process,SO-1103,DN-442,Côte d'Ivoire,PMO - US,From RDC,N/A - From RDC,Air,Pre-PQ Process,N/A - From RDC,22-Nov-07,22-Nov-07,22-Nov-07,ARV,Adult,SCMS from RDC,"Abacavir 300mg, tablets, 60 Tabs",Abacavir,Generic,300mg,Tablet,60,3260,228200,70,1.17,"Aurobindo Unit III, India",No,See DN-442 (ID#:11202),See DN-442 (ID#:11202),365.12
12128,104-CI-T01,Pre-PQ Process,SO-1482,DN-545,Côte d'Ivoire,PMO - US,From RDC,N/A - From RDC,Air,Pre-PQ Process,N/A - From RDC,25-Jan-08,25-Jan-08,25-Jan-08,HRDT,HIV test - Ancillary,SCMS from RDC,"HIV, Lancet, Safety, for HIV Test kits, 100 Pcs","HIV, Lancet, Safety, for HIV Test kits, 100 Pcs",Generic,N/A,Test kit - Ancillary,100,1250,12.5,0.01,0,Inverness Japan,No,See DN-545 (ID#:11817),See DN-545 (ID#:11817),0.02
12129,106-HT-T01,Pre-PQ Process,SO-1288,DN-445,Haiti,PMO - US,From RDC,N/A - From RDC,Air,Pre-PQ Process,N/A - From RDC,22-Jan-08,22-Jan-08,22-Jan-08,ARV,Adult,SCMS from RDC,"Lamivudine/Zidovudine 150/300mg, tablets, 60 Tabs",Lamivudine/Zidovudine,Generic,150/300mg,Tablet - FDC,60,32160,305520,9.5,0.16,"Aurobindo Unit III, India",No,See DN-445 (ID#:10640),See DN-445 (ID#:10640),488.83
12130,112-NG-T01,Pre-PQ Process,SO-567,DN-475,Nigeria,PMO - US,From RDC,N/A - From RDC,Air,Pre-PQ Process,N/A - From RDC,3-Dec-07,3-Dec-07,3-Dec-07,ARV,Adult,SCMS from RDC,"Lamivudine/Nevirapine/Stavudine 150/200/40mg, tablets, 60 Tabs",Lamivudine/Nevirapine/Stavudine,Generic,150/200/40mg,Tablet - FDC,60,1190,9163,7.7,0.13,"Cipla, Goa, India",No,See DN-475 (ID#:10642),See DN-475 (ID#:10642),14.66
12131,112-NG-T01,Pre-PQ Process,SO-567,DN-475,Nigeria,PMO - US,From RDC,N/A - From RDC,Air,Pre-PQ Process,N/A - From RDC,3-Dec-07,3-Dec-07,3-Dec-07,ARV,Pediatric,SCMS from RDC,"Lamivudine 10mg/ml, oral solution, Bottle, 240 ml",Lamivudine,Generic,10mg/ml,Oral solution,240,1283,3322.97,2.59,0.01,"Cipla, Goa, India",No,See DN-475 (ID#:10642),See DN-475 (ID#:10642),5.32
12133,119-NA-T01,Pre-PQ Process,SO-1452,DN-491,Namibia,PMO - US,From RDC,N/A - From RDC,Air,Pre-PQ Process,N/A - From RDC,30-Nov-07,30-Nov-07,30-Nov-07,HRDT,HIV test,SCMS from RDC,"HIV 1/2, Clearview Complete Kit, 25 Tests","HIV 1/2, Clearview Complete Kit",Clearview,N/A,Test kit,25,200,15000,75,3,Inverness USA,Yes,122,1100.4,24
12135,110-ZM-T01,Pre-PQ Process,SO-1314,DN-466,Zambia,PMO - US,From RDC,N/A - From RDC,N/A,Pre-PQ Process,N/A - From RDC,12-Dec-07,12-Dec-07,12-Dec-07,ARV,Adult,SCMS from RDC,"Nevirapine 200mg, tablets, 60 Tabs",Nevirapine,Generic,200mg,Tablet,60,60440,205496,3.4,0.06,"Aurobindo Unit III, India",Yes,5725,15671.53,328.79
12136,117-ET-T01,Pre-PQ Process,SO-1009,DN-495,Ethiopia,PMO - US,From RDC,N/A - From RDC,N/A,Pre-PQ Process,N/A - From RDC,20-Dec-07,20-Dec-07,20-Dec-07,ARV,Adult,SCMS from RDC,"Lamivudine 150mg, tablets, 60 Tabs",Lamivudine,Generic,150mg,Tablet,60,14040,42681.6,3.04,0.05,"Aurobindo Unit III, India",No,See DN-495 (ID#:11824),See DN-495 (ID#:11824),68.29
12138,117-ET-T01,Pre-PQ Process,SO-1524,DN-521,Ethiopia,PMO - US,From RDC,N/A - From RDC,Air,Pre-PQ Process,N/A - From RDC,20-Dec-07,20-Dec-07,20-Dec-07,ARV,Adult,SCMS from RDC,"Lamivudine/Zidovudine 150/300mg, tablets, 60 Tabs",Lamivudine/Zidovudine,Generic,150/300mg,Tablet - FDC,60,1797,17071.5,9.5,0.16,"Aurobindo Unit III, India",Yes,170,892,27.31
12139,104-CI-T01,Pre-PQ Process,SO-1408,DN-478,Côte d'Ivoire,PMO - US,From RDC,N/A - From RDC,Air,Pre-PQ Process,N/A - From RDC,10-Dec-07,10-Dec-07,10-Dec-07,ARV,Adult,SCMS from RDC,"Indinavir 400mg [Crixivan], capsules, 180 Caps",Indinavir,Crixivan,400mg,Capsule,180,2450,122500,50,0.28,"MSD, Haarlem, NL",No,See DN-478 (ID#:10645),See DN-478 (ID#:10645),196
12143,117-ET-T01,Pre-PQ Process,SO-1530,DN-525,Ethiopia,PMO - US,From RDC,N/A - From RDC,Air,Pre-PQ Process,N/A - From RDC,20-Dec-07,20-Dec-07,20-Dec-07,ARV,Adult,SCMS from RDC,"Nevirapine 200mg, tablets, 60 Tabs",Nevirapine,Generic,200mg,Tablet,60,1255,4267,3.4,0.06,"Aurobindo Unit III, India",Yes,120,1318,6.83
12144,111-MZ-T01,Pre-PQ Process,SO-1039,DN-601,Mozambique,PMO - US,From RDC,N/A - From RDC,Air,Pre-PQ Process,N/A - From RDC,8-Apr-08,5-Apr-08,5-Apr-08,ARV,Adult,SCMS from RDC,"Indinavir 400mg [Crixivan], capsules, 180 Caps",Indinavir,Crixivan,400mg,Capsule,180,665,33250,50,0.28,"MSD, Haarlem, NL",No,See DN-601 (ID#:10651),See DN-601 (ID#:10651),53.2
12145,111-MZ-T01,Pre-PQ Process,SO-1039,DN-601,Mozambique,PMO - US,From RDC,N/A - From RDC,Air,Pre-PQ Process,N/A - From RDC,8-Apr-08,5-Apr-08,5-Apr-08,ARV,Adult,SCMS from RDC,"Ritonavir 100mg [Norvir], capsules, cool, 84 Caps",Ritonavir,Norvir,100mg,Capsule,84,760,7288.4,9.59,0.11,ABBVIE (Abbott) Logis. UK,No,See DN-601 (ID#:10651),See DN-601 (ID#:10651),11.66
12146,100-ZW-T01,Pre-PQ Process,SO-710,DN-488,Zimbabwe,PMO - US,From RDC,N/A - From RDC,Air,Pre-PQ Process,N/A - From RDC,14-Jan-08,14-Jan-08,14-Jan-08,ARV,Adult,SCMS from RDC,"Efavirenz 600mg, tablets, 30 Tabs",Efavirenz,Generic,600mg,Tablet,30,1860,23101.2,12.42,0.41,"Cipla, Goa, India",No,See DN-488 (ID#:10652),See DN-488 (ID#:10652),36.96
12147,100-ZW-T01,Pre-PQ Process,SO-710,DN-488,Zimbabwe,PMO - US,From RDC,N/A - From RDC,Air,Pre-PQ Process,N/A - From RDC,14-Jan-08,14-Jan-08,14-Jan-08,ARV,Adult,SCMS from RDC,"Efavirenz 600mg, tablets, 30 Tabs",Efavirenz,Generic,600mg,Tablet,30,1860,23101.2,12.42,0.41,"Cipla, Goa, India",No,See DN-488 (ID#:10652),See DN-488 (ID#:10652),36.96
12148,114-UG-T01,Pre-PQ Process,SO-1302,DN-489,Uganda,PMO - US,From RDC,N/A - From RDC,Air,Pre-PQ Process,N/A - From RDC,15-Jan-08,15-Jan-08,15-Jan-08,ARV,Adult,SCMS from RDC,"Lamivudine/Zidovudine 150/300mg, tablets, 60 Tabs",Lamivudine/Zidovudine,Generic,150/300mg,Tablet - FDC,60,16,152,9.5,0.16,"Cipla, Goa, India",No,See DN-489 (ID#:11516),See DN-489 (ID#:11516),0.24
12149,100-ZW-T01,Pre-PQ Process,SO-899,DN-469,Zimbabwe,PMO - US,From RDC,N/A - From RDC,Truck,Pre-PQ Process,N/A - From RDC,7-Dec-07,7-Dec-07,7-Dec-07,ARV,Adult,SCMS from RDC,"Lamivudine/Zidovudine 150/300mg, tablets, 60 Tabs",Lamivudine/Zidovudine,Generic,150/300mg,Tablet - FDC,60,1560,14820,9.5,0.16,"Aurobindo Unit III, India",Yes,147,1671.84,23.71
12150,110-ZM-T01,Pre-PQ Process,SO-1489,DN-510,Zambia,PMO - US,From RDC,N/A - From RDC,Air,Pre-PQ Process,N/A - From RDC,14-Feb-08,14-Feb-08,14-Feb-08,ARV,Adult,SCMS from RDC,"Abacavir 300mg, tablets, 60 Tabs",Abacavir,Generic,300mg,Tablet,60,8251,227150.03,27.53,0.46,"Aurobindo Unit III, India",Yes,822,3303.52,363.44
12151,106-HT-T01,Pre-PQ Process,SO-1287,DN-614,Haiti,PMO - US,From RDC,N/A - From RDC,Air,Pre-PQ Process,N/A - From RDC,4-Mar-08,21-Feb-08,21-Feb-08,ARV,Pediatric,SCMS from RDC,"Stavudine 1mg/ml, powder for oral solution, 200 ml",Stavudine,Generic,1mg/ml,Oral solution,200,300,420,1.4,0.01,"Aurobindo Unit III, India",No,See DN-614 (ID#:11219),See DN-614 (ID#:11219),0.67
12154,110-ZM-T01,Pre-PQ Process,SO-1188,DN-552,Zambia,PMO - US,From RDC,N/A - From RDC,N/A,Pre-PQ Process,N/A - From RDC,25-Jan-08,25-Jan-08,25-Jan-08,ARV,Pediatric,SCMS from RDC,"Nevirapine 10mg/ml, oral suspension, Bottle, 240 ml",Nevirapine,Generic,10mg/ml,Oral suspension,240,1004,6224.8,6.2,0.03,"Aurobindo Unit III, India",Yes,358,1778.7,9.96
12155,106-HT-T01,Pre-PQ Process,SO-1288,DN-445,Haiti,PMO - US,From RDC,N/A - From RDC,Air,Pre-PQ Process,N/A - From RDC,22-Jan-08,22-Jan-08,22-Jan-08,ARV,Adult,SCMS from RDC,"Lamivudine 150mg, tablets, 60 Tabs",Lamivudine,Generic,150mg,Tablet,60,5000,15200,3.04,0.05,"Ranbaxy, Paonta Shahib, India",No,See DN-445 (ID#:10640),See DN-445 (ID#:10640),24.32
12159,119-NA-T01,Pre-PQ Process,SO-1676,DN-583,Namibia,PMO - US,From RDC,N/A - From RDC,Air,Pre-PQ Process,N/A - From RDC,13-Feb-08,13-Feb-08,13-Feb-08,ARV,Adult,SCMS from RDC,"Efavirenz 600mg, tablets, 30 Tabs",Efavirenz,Generic,600mg,Tablet,30,19000,228190,12.01,0.4,"Aurobindo Unit III, India",Yes,1485,3016.95,365.1
12163,102-KE-T01,Pre-PQ Process,SO-1389,DN-595,Kenya,PMO - US,From RDC,N/A - From RDC,Truck,Pre-PQ Process,N/A - From RDC,27-Feb-08,1-Feb-08,1-Feb-08,HRDT,HIV test,SCMS from RDC,"HIV 1/2, Bioline 3.0 Kit, Lancets, Capillary pipets, Alcohol swabs included, 25 Tests","HIV 1/2, Bioline 3.0 Kit, Lancets, Capillary pipets, Alcohol swabs included",Bioline,N/A,Test kit,25,1842,36840,20,0.8,"Standard Diagnostics, Korea",Yes,662,261.86,58.94
12164,112-NG-T01,Pre-PQ Process,SO-2351,DN-717,Nigeria,PMO - US,From RDC,N/A - From RDC,Air,Pre-PQ Process,N/A - From RDC,18-Apr-08,18-Apr-08,18-Apr-08,ARV,Adult,SCMS from RDC,"Lamivudine 150mg, tablets, 60 Tabs",Lamivudine,Generic,150mg,Tablet,60,307,893.37,2.91,0.05,"Aurobindo Unit III, India",No,See DN-717 (ID#:11858),See DN-717 (ID#:11858),1.43
12165,100-ZW-T01,Pre-PQ Process,SO-2667,DN-756,Zimbabwe,PMO - US,From RDC,N/A - From RDC,Air,Pre-PQ Process,N/A - From RDC,11-Jun-08,11-Jun-08,11-Jun-08,ARV,Adult,SCMS from RDC,"Lamivudine/Nevirapine/Stavudine 150/200/30mg, tablets, 60 Tabs",Lamivudine/Nevirapine/Stavudine,Generic,150/200/30mg,Tablet - FDC,60,37240,275576,7.4,0.12,"Cipla, Goa, India",No,See DN-756 (ID#:11866),See DN-756 (ID#:11866),440.92
12166,106-HT-T01,Pre-PQ Process,SO-2753,DN-827,Haiti,PMO - US,From RDC,N/A - From RDC,Air,Pre-PQ Process,N/A - From RDC,16-Jul-08,16-Jul-08,16-Jul-08,ARV,Adult,SCMS from RDC,"Nevirapine 200mg, tablets, 60 Tabs",Nevirapine,Generic,200mg,Tablet,60,1057,3593.8,3.4,0.06,"Aurobindo Unit III, India",Yes,100,1651,5.75
12167,102-GY-T01,Pre-PQ Process,SO-1005,DN-618,Guyana,PMO - US,From RDC,N/A - From RDC,N/A,Pre-PQ Process,N/A - From RDC,21-Feb-08,21-Feb-08,21-Feb-08,HRDT,HIV test,SCMS from RDC,"HIV 1/2, Stat-Pak HIV, Kit, 20 Tests","HIV 1/2, Stat-Pak HIV, Kit",Stat-Pak,N/A,Test kit,20,45,1215,27,1.35,Chembio Diagnostics Sys. Inc.,Yes,13,798.58,1.94
12168,112-NG-T01,Pre-PQ Process,SO-1571,DN-620,Nigeria,PMO - US,From RDC,N/A - From RDC,Air,Pre-PQ Process,N/A - From RDC,14-Feb-08,14-Feb-08,14-Feb-08,ARV,Adult,SCMS from RDC,"Stavudine 30mg, capsules, 60 Caps",Stavudine,Generic,30mg,Capsule,60,447,679.44,1.52,0.03,"Aurobindo Unit III, India",Yes,1054,2722.38,1.09
12169,109-TZ-T01,Pre-PQ Process,SO-1941,DN-653,Tanzania,PMO - US,From RDC,N/A - From RDC,N/A,Pre-PQ Process,N/A - From RDC,1-Apr-08,1-Apr-08,1-Apr-08,ARV,Adult,SCMS from RDC,"Efavirenz 600mg, tablets, 30 Tabs",Efavirenz,Generic,600mg,Tablet,30,32997,409822.74,12.42,0.41,"Aurobindo Unit III, India",Yes,2867,10288.1,655.72
12170,106-HT-T01,Pre-PQ Process,SO-2047,DN-742,Haiti,PMO - US,From RDC,N/A - From RDC,Air,Pre-PQ Process,N/A - From RDC,2-Jun-08,2-Jun-08,2-Jun-08,ARV,Pediatric,SCMS from RDC,"Abacavir 20mg/ml, oral solution, Bottle, 240 ml",Abacavir,Generic,20mg/ml,Oral solution,240,160,2640,16.5,0.07,"Aurobindo Unit III, India",No,See DN-742 (ID#:11537),See DN-742 (ID#:11537),4.22
12171,110-ZM-T01,Pre-PQ Process,SO-1889,DN-712,Zambia,PMO - US,From RDC,N/A - From RDC,N/A,Pre-PQ Process,N/A - From RDC,9-May-08,9-May-08,9-May-08,ARV,Adult,SCMS from RDC,"Lamivudine/Zidovudine 150/300mg, tablets, 60 Tabs",Lamivudine/Zidovudine,Generic,150/300mg,Tablet - FDC,60,50000,472500,9.45,0.16,"Aurobindo Unit III, India",Yes,4655,2347.91,756
12172,114-UG-T01,Pre-PQ Process,SO-2342,DN-715,Uganda,PMO - US,From RDC,N/A - From RDC,Air,Pre-PQ Process,N/A - From RDC,2-Jun-08,2-Jun-08,2-Jun-08,ARV,Adult,SCMS from RDC,"Efavirenz 600mg, tablets, 30 Tabs",Efavirenz,Generic,600mg,Tablet,30,860,10328.6,12.01,0.4,"Aurobindo Unit III, India",Yes,76,675,16.53
12174,112-NG-T01,Pre-PQ Process,SO-11220,DN-833,Nigeria,PMO - US,From RDC,N/A - From RDC,Air,Pre-PQ Process,N/A - From RDC,16-Jul-08,16-Jul-08,16-Jul-08,ARV,Adult,SCMS from RDC,"Lamivudine 150mg, tablets, 60 Tabs",Lamivudine,Generic,150mg,Tablet,60,957,2775.3,2.9,0.05,"Aurobindo Unit III, India",No,See DN-833 (ID#:11243),See DN-833 (ID#:11243),4.44
12175,123-NG-T01,Pre-PQ Process,SO-2552,DN-834,Nigeria,PMO - US,From RDC,N/A - From RDC,Air,Pre-PQ Process,N/A - From RDC,16-Jul-08,16-Jul-08,16-Jul-08,ARV,Adult,SCMS from RDC,"Stavudine 30mg, capsules, 60 Caps",Stavudine,Generic,30mg,Capsule,60,7876,11971.52,1.52,0.03,"Aurobindo Unit III, India",No,See DN-834 (ID#:10686),See DN-834 (ID#:10686),19.15
12176,114-UG-T01,Pre-PQ Process,SO-2675,DN-835,Uganda,PMO - US,From RDC,N/A - From RDC,Air,Pre-PQ Process,N/A - From RDC,4-Aug-08,4-Aug-08,4-Aug-08,ARV,Adult,SCMS from RDC,"Lamivudine/Nevirapine/Zidovudine 150/200/300mg, tablets, 60 Tabs",Lamivudine/Nevirapine/Zidovudine,Generic,150/300/200mg,Tablet - FDC,60,7296,96890.88,13.28,0.22,"Aurobindo Unit III, India",Yes,824,3182.52,155.03
12177,110-ZM-T01,Pre-PQ Process,SO-979,DN-642,Zambia,PMO - US,From RDC,N/A - From RDC,N/A,Pre-PQ Process,N/A - From RDC,17-Mar-08,17-Mar-08,17-Mar-08,ARV,Pediatric,SCMS from RDC,"Lamivudine 10mg/ml, oral solution, Bottle, 240 ml",Lamivudine,Generic,10mg/ml,Oral solution,240,30563,60209.11,1.97,0.01,"Aurobindo Unit III, India",Yes,10621,37199.06,96.33
12178,106-HT-T01,Pre-PQ Process,SO-2595,DN-837,Haiti,PMO - US,From RDC,N/A - From RDC,Air,Pre-PQ Process,N/A - From RDC,1-Aug-08,1-Aug-08,1-Aug-08,ARV,Adult,SCMS from RDC,"Lamivudine/Zidovudine 150/300mg, tablets, 60 Tabs",Lamivudine/Zidovudine,Generic,150/300mg,Tablet - FDC,60,16752,158306.4,9.45,0.16,"Aurobindo Unit III, India",Yes,1580,11572,253.29
12179,112-NG-T01,Pre-PQ Process,SO-10030,DN-840,Nigeria,PMO - US,From RDC,N/A - From RDC,Air,Pre-PQ Process,N/A - From RDC,3-Aug-08,3-Aug-08,3-Aug-08,ARV,Adult,SCMS from RDC,"Stavudine 30mg, capsules, 60 Caps",Stavudine,Generic,30mg,Capsule,60,850,1317.5,1.55,0.03,"Aurobindo Unit III, India",Yes,555,10575.63,2.11
12180,110-ZM-T01,Pre-PQ Process,SO-2550,DN-839,Zambia,PMO - US,From RDC,N/A - From RDC,Truck,Pre-PQ Process,N/A - From RDC,20-Aug-08,20-Aug-08,20-Aug-08,ARV,Adult,SCMS from RDC,"Lamivudine/Nevirapine/Stavudine 150/200/30mg, tablets, 60 Tabs",Lamivudine/Nevirapine/Stavudine,Generic,150/200/30mg,Tablet - FDC,60,60000,432000,7.2,0.12,"Strides, Bangalore, India.",No,See DN-839 (ID#:10961),See DN-839 (ID#:10961),691.2
12181,112-NG-T01,Pre-PQ Process,SO-10030,DN-840,Nigeria,PMO - US,From RDC,N/A - From RDC,Air,Pre-PQ Process,N/A - From RDC,3-Aug-08,3-Aug-08,3-Aug-08,ARV,Adult,SCMS from RDC,"Abacavir 300mg, tablets, 60 Tabs",Abacavir,Generic,300mg,Tablet,60,4,105.2,26.3,0.44,Mylan (formerly Matrix) Nashik,No,See DN-840 (ID#:12179),See DN-840 (ID#:12179),0.17
12182,112-NG-T01,Pre-PQ Process,SO-10030,DN-840,Nigeria,PMO - US,From RDC,N/A - From RDC,Air,Pre-PQ Process,N/A - From RDC,3-Aug-08,3-Aug-08,3-Aug-08,ARV,Adult,SCMS from RDC,"Lamivudine/Nevirapine/Stavudine 150/200/30mg, tablets, 60 Tabs",Lamivudine/Nevirapine/Stavudine,Generic,150/200/30mg,Tablet - FDC,60,4685,34669,7.4,0.12,"Cipla, Goa, India",No,See DN-840 (ID#:12179),See DN-840 (ID#:12179),55.47
12183,105-GY-T01,Pre-PQ Process,SO-11630,DN-841,Guyana,PMO - US,From RDC,N/A - From RDC,Air,Pre-PQ Process,N/A - From RDC,25-Jul-08,25-Jul-08,25-Jul-08,ARV,Adult,SCMS from RDC,"Nevirapine 200mg, tablets, 60 Tabs",Nevirapine,Generic,200mg,Tablet,60,3710,12614,3.4,0.06,"Aurobindo Unit III, India",No,See DN-841 (ID#:11540),See DN-841 (ID#:11540),20.18
12184,110-ZM-T01,Pre-PQ Process,SO-1884,DN-778,Zambia,PMO - US,From RDC,N/A - From RDC,N/A,Pre-PQ Process,N/A - From RDC,19-Jun-08,19-Jun-08,19-Jun-08,ARV,Pediatric,SCMS from RDC,"Lopinavir/Ritonavir 80/20mg/ml [Kaletra], oral solution, cool, Bottle 5 x 60 ml",Lopinavir/Ritonavir,Kaletra,80/20mg/ml,Oral solution,300,1260,51786,41.1,0.14,ABBVIE (Abbott) Logis. UK,Yes,1185,2350.53,82.86
12185,110-ZM-T01,Pre-PQ Process,SO-1883,DN-780,Zambia,PMO - US,From RDC,N/A - From RDC,N/A,Pre-PQ Process,N/A - From RDC,16-Jun-08,16-Jun-08,16-Jun-08,ARV,Pediatric,SCMS from RDC,"Efavirenz 200mg, capsule, 90 Caps",Efavirenz,Generic,200mg,Capsule,90,3330,53280,16,0.18,"Aurobindo Unit III, India",Yes,404,2313.55,85.25
12186,106-HT-T01,Pre-PQ Process,SO-2042,DN-682,Haiti,PMO - US,From RDC,N/A - From RDC,Air,Pre-PQ Process,N/A - From RDC,21-Mar-08,21-Mar-08,21-Mar-08,ARV,Adult,SCMS from RDC,"Stavudine 30mg, capsules, 60 Caps",Stavudine,Generic,30mg,Capsule,60,4305,6543.6,1.52,0.03,"Aurobindo Unit III, India",No,See DN-682 (ID#:10963),See DN-682 (ID#:10963),10.47
12187,106-HT-T01,Pre-PQ Process,SO-2042,DN-682,Haiti,PMO - US,From RDC,N/A - From RDC,Air,Pre-PQ Process,N/A - From RDC,21-Mar-08,21-Mar-08,21-Mar-08,ARV,Pediatric,SCMS from RDC,"Didanosine 200mg, chewable/dispersible tablets, 60 Tabs",Didanosine,Generic,200mg,Chewable/dispersible tablet,60,75,1162.5,15.5,0.26,"Aurobindo Unit III, India",No,See DN-682 (ID#:10963),See DN-682 (ID#:10963),1.86
12188,106-HT-T01,Pre-PQ Process,SO-2042,DN-682,Haiti,PMO - US,From RDC,N/A - From RDC,Air,Pre-PQ Process,N/A - From RDC,21-Mar-08,21-Mar-08,21-Mar-08,ARV,Adult,SCMS from RDC,"Abacavir 300mg, tablets, 60 Tabs",Abacavir,Generic,300mg,Tablet,60,190,5230.7,27.53,0.46,Mylan (formerly Matrix) Nashik,No,See DN-682 (ID#:10963),See DN-682 (ID#:10963),8.37
12189,114-UG-T01,Pre-PQ Process,SO-2792,DN-793,Uganda,PMO - US,From RDC,N/A - From RDC,Air,Pre-PQ Process,N/A - From RDC,22-Jul-08,22-Jul-08,22-Jul-08,ARV,Pediatric,SCMS from RDC,"Zidovudine 10mg/ml, oral solution, Bottle, 240 ml",Zidovudine,Generic,10mg/ml,Oral solution,240,6036,12675.6,2.1,0.01,"Aurobindo Unit III, India",Yes,2253,15923.41,20.28
12191,119-NA-T01,Pre-PQ Process,SO-1970,DN-680,Namibia,PMO - US,From RDC,N/A - From RDC,Air,Pre-PQ Process,N/A - From RDC,19-Mar-08,19-Mar-08,19-Mar-08,HRDT,HIV test,SCMS from RDC,"HIV 1/2, Clearview Complete Kit, 25 Tests","HIV 1/2, Clearview Complete Kit",Clearview,N/A,Test kit,25,229,17175,75,3,Inverness USA,Yes,140,1286.7,27.48
12192,112-NG-T01,Pre-PQ Process,SO-2350,DN-718,Nigeria,PMO - US,From RDC,N/A - From RDC,Air,Pre-PQ Process,N/A - From RDC,21-Apr-08,21-Apr-08,21-Apr-08,ARV,Pediatric,SCMS from RDC,"Stavudine 1mg/ml, powder for oral solution, 200 ml",Stavudine,Generic,1mg/ml,Oral solution,200,55,77,1.4,0.01,"Aurobindo Unit III, India",No,See DN-718 (ID#:10968),See DN-718 (ID#:10968),0.12
12195,109-TZ-T01,Pre-PQ Process,SO-1652,DN-637,Tanzania,PMO - US,From RDC,N/A - From RDC,Air,Pre-PQ Process,N/A - From RDC,28-Mar-08,28-Mar-08,28-Mar-08,ARV,Adult,SCMS from RDC,"Efavirenz 600mg, tablets, 30 Tabs",Efavirenz,Generic,600mg,Tablet,30,17000,211140,12.42,0.41,"Aurobindo Unit III, India",Yes,6007,20395.6,337.82
12196,111-MZ-T01,Pre-PQ Process,SO-2423,DN-810,Mozambique,PMO - US,From RDC,N/A - From RDC,Truck,Pre-PQ Process,N/A - From RDC,7-Aug-08,7-Aug-08,7-Aug-08,ARV,Adult,SCMS from RDC,"Zidovudine 300mg, tablets, 60 Tabs",Zidovudine,Generic,300mg,Tablet,60,7110,57946.5,8.15,0.14,"Aurobindo Unit III, India",No,See DN-810 (ID#:11257),See DN-810 (ID#:11257),92.71
12197,110-ZM-T01,Pre-PQ Process,SO-1892,DN-694,Zambia,PMO - US,From RDC,N/A - From RDC,N/A,Pre-PQ Process,N/A - From RDC,10-Apr-08,10-Apr-08,10-Apr-08,ARV,Adult,SCMS from RDC,"Efavirenz 600mg, tablets, 30 Tabs",Efavirenz,Generic,600mg,Tablet,30,50000,600500,12.01,0.4,Mylan (formerly Matrix) Nashik,Yes,3897,15007.8,960.8
12198,111-MZ-T01,Pre-PQ Process,SO-1615,DN-698,Mozambique,PMO - US,From RDC,N/A - From RDC,Air,Pre-PQ Process,N/A - From RDC,23-Jun-08,23-Jun-08,23-Jun-08,ARV,Adult,SCMS from RDC,"Ritonavir 100mg [Norvir], capsules, cool, 84 Caps",Ritonavir,Norvir,100mg,Capsule,84,360,3452.4,9.59,0.11,ABBVIE (Abbott) Logis. UK,No,See DN-698 (ID#:10970),See DN-698 (ID#:10970),5.52
12199,102-BW-T01,Pre-PQ Process,SO-2041,DN-678,Botswana,PMO - US,From RDC,N/A - From RDC,Truck,Pre-PQ Process,N/A - From RDC,25-Mar-08,25-Mar-08,25-Mar-08,HRDT,HIV test,SCMS from RDC,"HIV 1/2, Determine HIV Kit, without Lancets, 100 Tests","HIV 1/2, Determine HIV Kit, without Lancets",Determine,N/A,Test kit,100,200,14398,71.99,0.72,Inverness Japan,Yes,1693,1220.73,23.04
12200,102-BW-T01,Pre-PQ Process,SO-2041,DN-678,Botswana,PMO - US,From RDC,N/A - From RDC,Truck,Pre-PQ Process,N/A - From RDC,25-Mar-08,25-Mar-08,25-Mar-08,HRDT,HIV test - Ancillary,SCMS from RDC,"HIV, Lancet, Safety, for HIV Test kits, 100 Pcs","HIV, Lancet, Safety, for HIV Test kits, 100 Pcs",Generic,N/A,Test kit - Ancillary,100,200,2,0.01,0,Inverness Japan,No,See DN-678 (ID#:12199),See DN-678 (ID#:12199),0
12201,102-BW-T01,Pre-PQ Process,SO-2041,DN-678,Botswana,PMO - US,From RDC,N/A - From RDC,Truck,Pre-PQ Process,N/A - From RDC,25-Mar-08,25-Mar-08,25-Mar-08,HRDT,HIV test,SCMS from RDC,"HIV 1/2, Uni-Gold HIV Kit, 20 Tests","HIV 1/2, Uni-Gold HIV Kit",Uni-Gold,N/A,Test kit,20,1000,32000,32,1.6,"Trinity Biotech, Plc",No,See DN-678 (ID#:12199),See DN-678 (ID#:12199),51.2
12202,102-KE-T01,Pre-PQ Process,SO-1973,DN-697,Kenya,PMO - US,From RDC,N/A - From RDC,Truck,Pre-PQ Process,N/A - From RDC,31-Mar-08,31-Mar-08,31-Mar-08,HRDT,HIV test,SCMS from RDC,"HIV 1/2, Determine HIV Kit, without Lancets, 100 Tests","HIV 1/2, Determine HIV Kit, without Lancets",Determine,N/A,Test kit,100,2000,159980,79.99,0.8,Inverness Japan,Yes,490,405.97,255.97
12203,130-NG-T01,Pre-PQ Process,SO-2500,DN-729,Nigeria,PMO - US,From RDC,N/A - From RDC,Air,Pre-PQ Process,N/A - From RDC,9-May-08,9-May-08,9-May-08,ARV,Adult,SCMS from RDC,"Nevirapine 200mg, tablets, 60 Tabs",Nevirapine,Generic,200mg,Tablet,60,1666,5664.4,3.4,0.06,"Aurobindo Unit III, India",No,See DN-729 (ID#:11895),See DN-729 (ID#:11895),9.06
12204,117-ET-T01,Pre-PQ Process,SO-1974,DN-703,Ethiopia,PMO - US,From RDC,N/A - From RDC,Air,Pre-PQ Process,N/A - From RDC,21-Apr-08,21-Apr-08,21-Apr-08,ARV,Adult,SCMS from RDC,"Nevirapine 200mg, tablets, 60 Tabs",Nevirapine,Generic,200mg,Tablet,60,1440,4896,3.4,0.06,Hetero Unit III Hyderabad IN,No,See DN-703 (ID#:11263),See DN-703 (ID#:11263),7.83
12205,119-NA-T01,Pre-PQ Process,SO-1929,DN-650,Namibia,PMO - US,From RDC,N/A - From RDC,Air,Pre-PQ Process,N/A - From RDC,17-Apr-08,17-Apr-08,17-Apr-08,HRDT,HIV test - Ancillary,SCMS from RDC,"HIV, Lancet, Safety, for HIV Test kits, 100 Pcs","HIV, Lancet, Safety, for HIV Test kits, 100 Pcs",Generic,N/A,Test kit - Ancillary,100,90,0.9,0.01,0,Inverness Japan,No,See DN-650 (ID#:11897),See DN-650 (ID#:11897),0
12206,119-NA-T01,Pre-PQ Process,SO-1930,DN-651,Namibia,PMO - US,From RDC,N/A - From RDC,Air,Pre-PQ Process,N/A - From RDC,11-Mar-08,11-Mar-08,11-Mar-08,HRDT,HIV test,SCMS from RDC,"HIV 1/2, Uni-Gold HIV Kit, 20 Tests","HIV 1/2, Uni-Gold HIV Kit",Uni-Gold,N/A,Test kit,20,763,24416,32,1.6,"Trinity Biotech, Plc",Yes,441,6148.1,39.07
12207,102-KE-T01,Pre-PQ Process,SO-2692,DN-760,Kenya,PMO - US,From RDC,N/A - From RDC,Truck,Pre-PQ Process,N/A - From RDC,26-May-08,26-May-08,26-May-08,HRDT,HIV test,SCMS from RDC,"HIV 1/2, Determine HIV Kit, without Lancets, 100 Tests","HIV 1/2, Determine HIV Kit, without Lancets",Determine,N/A,Test kit,100,1000,79990,79.99,0.8,Inverness Japan,Yes,Weight Captured Separately,Invoiced Separately,127.98
12210,114-UG-T01,Pre-PQ Process,SO-2344,DN-818,Uganda,PMO - US,From RDC,N/A - From RDC,Air,Pre-PQ Process,N/A - From RDC,21-Aug-08,21-Aug-08,21-Aug-08,ARV,Adult,SCMS from RDC,"Efavirenz 600mg, tablets, 30 Tabs",Efavirenz,Generic,600mg,Tablet,30,1300,15613,12.01,0.4,"Aurobindo Unit III, India",No,See DN-818 (ID#:11270),See DN-818 (ID#:11270),24.98
12211,106-HT-T01,Pre-PQ Process,SO-23751,DN-1145,Haiti,PMO - US,From RDC,N/A - From RDC,Air,Pre-PQ Process,N/A - From RDC,31-Mar-09,31-Mar-09,31-Mar-09,ARV,Pediatric,SCMS from RDC,"Efavirenz 50mg, capsule, 30 Caps",Efavirenz,Generic,50mg,Capsule,30,1446,3239.04,2.24,0.07,"Aurobindo Unit III, India",Yes,83,1608.72,6.35
12212,113-ZW-T01,Pre-PQ Process,SO-13991,DN-1015,Zimbabwe,PMO - US,From RDC,N/A - From RDC,Truck,Pre-PQ Process,N/A - From RDC,19-Nov-08,19-Nov-08,19-Nov-08,ARV,Adult,SCMS from RDC,"Efavirenz 600mg, tablets, 30 Tabs",Efavirenz,Generic,600mg,Tablet,30,4000,48040,12.01,0.4,"Aurobindo Unit III, India",No,See DN-1015 (ID#:11561),See DN-1015 (ID#:11561),94.16
12213,104-CI-T01,Pre-PQ Process,SO-19330,DN-1031,Côte d'Ivoire,PMO - US,From RDC,N/A - From RDC,Air,Pre-PQ Process,N/A - From RDC,5-Jan-09,5-Jan-09,5-Jan-09,ARV,Adult,SCMS from RDC,"Lamivudine/Zidovudine 150/300mg, tablets, 60 Tabs",Lamivudine/Zidovudine,Generic,150/300mg,Tablet - FDC,60,27224,254544.4,9.35,0.16,"Aurobindo Unit III, India",Yes,2506,23382.04,498.91
12214,104-CI-T01,Pre-PQ Process,SO-16200,DN-1046,Côte d'Ivoire,PMO - US,From RDC,N/A - From RDC,Air,Pre-PQ Process,N/A - From RDC,10-Feb-09,10-Feb-09,10-Feb-09,ARV,Adult,SCMS from RDC,"Lamivudine/Stavudine 150/30mg, tablets, 60 Tabs",Lamivudine/Stavudine,Generic,150/30mg,Tablet - FDC,60,21360,83304,3.9,0.06,Mylan (formerly Matrix) Nashik,Yes,1567,21821.95,163.28
12215,104-CI-T01,Pre-PQ Process,SO-16210,DN-1047,Côte d'Ivoire,PMO - US,From RDC,N/A - From RDC,Air,Pre-PQ Process,N/A - From RDC,19-Jan-09,19-Jan-09,19-Jan-09,ARV,Adult,SCMS from RDC,"Lamivudine/Nevirapine/Zidovudine 150/200/300mg, tablets, 60 Tabs",Lamivudine/Nevirapine/Zidovudine,Generic,150/300/200mg,Tablet - FDC,60,10000,118000,11.8,0.2,"Aurobindo Unit III, India",Yes,1456,5048.32,231.28
12216,114-UG-T01,Pre-PQ Process,SO-17760,DN-1143,Uganda,PMO - US,From RDC,N/A - From RDC,Air,Pre-PQ Process,N/A - From RDC,2-Apr-09,2-Apr-09,2-Apr-09,ARV,Adult,SCMS from RDC,"Efavirenz 600mg, tablets, 30 Tabs",Efavirenz,Generic,600mg,Tablet,30,3713,40843,11,0.37,"Aurobindo Unit III, India",No,See DN-1143 (ID#:10711),See DN-1143 (ID#:10711),80.05
12218,102-KE-T01,Pre-PQ Process,SO-11430,DN-964,Kenya,PMO - US,From RDC,N/A - From RDC,Truck,Pre-PQ Process,N/A - From RDC,21-Oct-08,21-Oct-08,21-Oct-08,HRDT,HIV test,SCMS from RDC,"HIV 1/2, Determine HIV Kit, without Lancets, 100 Tests","HIV 1/2, Determine HIV Kit, without Lancets",Determine,N/A,Test kit,100,5000,399950,79.99,0.8,Inverness Japan,No,See DN-964 (ID#:10987),See DN-964 (ID#:10987),783.9
12219,114-UG-T01,Pre-PQ Process,SO-17750,DN-1083,Uganda,PMO - US,From RDC,N/A - From RDC,Air,Pre-PQ Process,N/A - From RDC,3-Mar-09,3-Mar-09,3-Mar-09,ARV,Adult,SCMS from RDC,"Emtricitabine/Tenofovir Disoproxil Fumarate 200/300mg [Truvada], tablets, 30 Tabs",Emtricitabine/Tenofovir Disoproxil Fumarate,Truvada,300/200mg,Tablet - FDC,30,1166,30607.5,26.25,0.88,"Aspen-OSD, Port Elizabeth, SA",Yes,145,1742.25,59.99
12220,114-UG-T01,Pre-PQ Process,SO-17750,DN-1083,Uganda,PMO - US,From RDC,N/A - From RDC,Air,Pre-PQ Process,N/A - From RDC,3-Mar-09,3-Mar-09,3-Mar-09,ARV,Adult,SCMS from RDC,"Lamivudine/Nevirapine/Zidovudine 150/200/300mg, tablets, 60 Tabs",Lamivudine/Nevirapine/Zidovudine,Generic,150/300/200mg,Tablet - FDC,60,312,3681.6,11.8,0.2,"Aurobindo Unit III, India",No,See DN-1083 (ID#:12219),See DN-1083 (ID#:12219),7.22
12222,126-NG-T01,Pre-PQ Process,SO-10800,DN-872,Nigeria,PMO - US,From RDC,N/A - From RDC,Air,Pre-PQ Process,N/A - From RDC,18-Aug-08,18-Aug-08,18-Aug-08,ARV,Adult,SCMS from RDC,"Lamivudine 150mg, tablets, 60 Tabs",Lamivudine,Generic,150mg,Tablet,60,1300,3770,2.9,0.05,"Aurobindo Unit III, India",Yes,65,1020.98,6.03
12224,132-NG-T01,Pre-PQ Process,SO-2707,DN-921,Nigeria,PMO - US,From RDC,N/A - From RDC,Air,Pre-PQ Process,N/A - From RDC,28-Sep-08,28-Sep-08,28-Sep-08,ARV,Adult,SCMS from RDC,"Emtricitabine/Tenofovir Disoproxil Fumarate 200/300mg [Truvada], tablets, 30 Tabs",Emtricitabine/Tenofovir Disoproxil Fumarate,Truvada,300/200mg,Tablet - FDC,30,45000,1181250,26.25,0.88,"Aspen-OSD, Port Elizabeth, SA",No,See DN-921 (ID#:11917),See DN-921 (ID#:11917),1890
12225,110-ZM-T01,Pre-PQ Process,SO-2476,DN-864,Zambia,PMO - US,From RDC,N/A - From RDC,Air,Pre-PQ Process,N/A - From RDC,27-Aug-08,27-Aug-08,27-Aug-08,ARV,Adult,SCMS from RDC,"Nevirapine 200mg, tablets, 60 Tabs",Nevirapine,Generic,200mg,Tablet,60,39068,132831.2,3.4,0.06,Hetero Unit III Hyderabad IN,Yes,4510,3540.35,212.53
12228,132-NG-T01,Pre-PQ Process,SO-15540,DN-939,Nigeria,PMO - US,From RDC,N/A - From RDC,Air,Pre-PQ Process,N/A - From RDC,28-Sep-08,28-Sep-08,28-Sep-08,ARV,Adult,SCMS from RDC,"Emtricitabine/Tenofovir Disoproxil Fumarate 200/300mg [Truvada], tablets, 30 Tabs",Emtricitabine/Tenofovir Disoproxil Fumarate,Truvada,300/200mg,Tablet - FDC,30,45000,1181250,26.25,0.88,"Aspen-OSD, Port Elizabeth, SA",Yes,3951,11584.54,1890
12230,111-MZ-T01,Pre-PQ Process,SO-15080,DN-1034,Mozambique,PMO - US,From RDC,N/A - From RDC,Air,Pre-PQ Process,N/A - From RDC,21-Feb-09,21-Feb-09,21-Feb-09,ARV,Adult,SCMS from RDC,"Lamivudine/Stavudine 150/30mg, tablets, 60 Tabs",Lamivudine/Stavudine,Generic,150/30mg,Tablet - FDC,60,27150,105885,3.9,0.06,Mylan (formerly Matrix) Nashik,No,See DN-1034 (ID#:10732),See DN-1034 (ID#:10732),207.53
12231,111-MZ-T01,Pre-PQ Process,SO-15080,DN-1034,Mozambique,PMO - US,From RDC,N/A - From RDC,Air,Pre-PQ Process,N/A - From RDC,21-Feb-09,21-Feb-09,21-Feb-09,ARV,Adult,SCMS from RDC,"Nevirapine 200mg, tablets, 60 Tabs",Nevirapine,Generic,200mg,Tablet,60,6,19.2,3.2,0.05,Hetero Unit III Hyderabad IN,No,See DN-1034 (ID#:10732),See DN-1034 (ID#:10732),0.04
12232,113-ZW-T01,Pre-PQ Process,SO-14000,DN-1044,Zimbabwe,PMO - US,From RDC,N/A - From RDC,Truck,Pre-PQ Process,N/A - From RDC,16-Feb-09,16-Feb-09,16-Feb-09,ARV,Adult,SCMS from RDC,"Lamivudine/Stavudine 150/30mg, tablets, 30 Tabs",Lamivudine/Stavudine,Generic,150/30mg,Tablet - FDC,30,8000,16000,2,0.07,"Cipla, Goa, India",No,See DN-1044 (ID#:10996),See DN-1044 (ID#:10996),31.36
12233,110-ZM-T01,Pre-PQ Process,SO-2477,DN-854,Zambia,PMO - US,From RDC,N/A - From RDC,Truck,Pre-PQ Process,N/A - From RDC,20-Aug-08,20-Aug-08,20-Aug-08,ARV,Pediatric,SCMS from RDC,"Didanosine 100mg, chewable/dispersible tablets, 60 Tabs",Didanosine,Generic,100mg,Chewable/dispersible tablet,60,3600,27900,7.75,0.13,"Aurobindo Unit III, India",Yes,750,813.75,44.64
12234,110-ZM-T01,Pre-PQ Process,SO-2480,DN-855,Zambia,PMO - US,From RDC,N/A - From RDC,Truck,Pre-PQ Process,N/A - From RDC,20-Aug-08,20-Aug-08,20-Aug-08,ARV,Adult,SCMS from RDC,"Efavirenz 600mg, tablets, 30 Tabs",Efavirenz,Generic,600mg,Tablet,30,50000,600500,12.01,0.4,Mylan (formerly Matrix) Nashik,Yes,3841,3558.49,960.8
12235,111-MZ-T01,Pre-PQ Process,SO-2524,DN-858,Mozambique,PMO - US,From RDC,N/A - From RDC,Truck,Pre-PQ Process,N/A - From RDC,5-Sep-08,5-Sep-08,5-Sep-08,ARV,Adult,SCMS from RDC,"Lamivudine/Nevirapine/Stavudine 150/200/30mg, tablets, 60 Tabs",Lamivudine/Nevirapine/Stavudine,Generic,150/200/30mg,Tablet - FDC,60,76128,548121.6,7.2,0.12,"Strides, Bangalore, India.",No,Weight Captured Separately,Freight Included in Commodity Cost,876.99
12236,112-NG-T01,Pre-PQ Process,SO-11031,DN-901,Nigeria,PMO - US,From RDC,N/A - From RDC,Air,Pre-PQ Process,N/A - From RDC,10-Sep-08,10-Sep-08,10-Sep-08,ARV,Adult,SCMS from RDC,"Tenofovir Disoproxil Fumarate 300mg, tablets, 30 Tabs",Tenofovir Disoproxil Fumarate,Generic,300mg,Tablet,30,196,2677.36,13.66,0.46,Mylan (formerly Matrix) Nashik,Yes,12,900,4.28
12237,117-ET-T01,Pre-PQ Process,SO-21990,DN-1051,Ethiopia,PMO - US,From RDC,N/A - From RDC,Air,Pre-PQ Process,N/A - From RDC,3-Feb-09,3-Feb-09,3-Feb-09,ARV,Adult,SCMS from RDC,"Lamivudine/Nevirapine/Stavudine 150/200/30mg, tablets, 60 Tabs",Lamivudine/Nevirapine/Stavudine,Generic,150/200/30mg,Tablet - FDC,60,22918,163176.16,7.12,0.12,"Strides, Bangalore, India.",Yes,1689,9189.57,319.83
12238,109-TZ-T01,Pre-PQ Process,SO-18722,DN-1075,Tanzania,PMO - US,From RDC,N/A - From RDC,Truck,Pre-PQ Process,N/A - From RDC,9-Mar-09,9-Mar-09,9-Mar-09,ARV,Adult,SCMS from RDC,"Tenofovir Disoproxil Fumarate 300mg [Viread], tablets, 30 Tabs",Tenofovir Disoproxil Fumarate,Viread,300mg,Tablet,30,883,15011,17,0.57,"Aspen-OSD, Port Elizabeth, SA",Yes,70,1169.9,29.42
12242,104-CI-T01,Pre-PQ Process,SO-21841,DN-1098,Côte d'Ivoire,PMO - US,From RDC,N/A - From RDC,Air,Pre-PQ Process,N/A - From RDC,27-Feb-09,27-Feb-09,27-Feb-09,ARV,Pediatric,SCMS from RDC,"Nevirapine 10mg/ml, oral suspension, Bottle, 240 ml",Nevirapine,Generic,10mg/ml,Oral suspension,240,2976,5713.92,1.92,0.01,"Aurobindo Unit III, India",Yes,209,5463.97,11.2
12243,123-NG-T01,Pre-PQ Process,SO-22590,DN-1065,Nigeria,PMO - US,From RDC,N/A - From RDC,Air,Pre-PQ Process,N/A - From RDC,3-Feb-09,3-Feb-09,3-Feb-09,ARV,Adult,SCMS from RDC,"Efavirenz 600mg, tablets, 30 Tabs",Efavirenz,Generic,600mg,Tablet,30,11527,135096.44,11.72,0.39,"Aurobindo Unit III, India",Yes,983,Freight Included in Commodity Cost,264.79
12244,510-KE-T01,Pre-PQ Process,SO-12700,DN-880,Kenya,PMO - US,From RDC,N/A - From RDC,Truck,Pre-PQ Process,N/A - From RDC,8-Aug-08,8-Aug-08,8-Aug-08,HRDT,HIV test,SCMS from RDC,"HIV 1/2, Uni-Gold HIV Kit, 20 Tests","HIV 1/2, Uni-Gold HIV Kit",Uni-Gold,N/A,Test kit,20,168,5376,32,1.6,"Trinity Biotech, Plc",Yes,56,167.44,8.6
12245,123-NG-T01,Pre-PQ Process,SO-19070,DN-1039,Nigeria,PMO - US,From RDC,N/A - From RDC,Air,Pre-PQ Process,N/A - From RDC,16-Feb-09,19-Jan-09,19-Jan-09,ARV,Adult,SCMS from RDC,"Stavudine 30mg, capsules, 60 Caps",Stavudine,Generic,30mg,Capsule,60,4124,6392.2,1.55,0.03,"Aurobindo Unit III, India",Yes,273,7363.74,12.53
12246,112-NG-T01,Pre-PQ Process,SO-2728,DN-917,Nigeria,PMO - US,From RDC,N/A - From RDC,Air,Pre-PQ Process,N/A - From RDC,24-Sep-08,24-Sep-08,24-Sep-08,ARV,Adult,SCMS from RDC,"Stavudine 30mg, capsules, 60 Caps",Stavudine,Generic,30mg,Capsule,60,903,1399.65,1.55,0.03,"Aurobindo Unit III, India",No,See DN-917 (ID#:10745),See DN-917 (ID#:10745),2.24
12247,106-HT-T01,Pre-PQ Process,SO-15930,DN-944,Haiti,PMO - US,From RDC,N/A - From RDC,Air,Pre-PQ Process,N/A - From RDC,4-Nov-08,4-Nov-08,4-Nov-08,ARV,Adult,SCMS from RDC,"Stavudine 20mg, capsules, 60 Caps",Stavudine,Generic,20mg,Capsule,60,500,875,1.75,0.03,"Aurobindo Unit III, India",No,See DN-944 (ID#:11012),See DN-944 (ID#:11012),1.72
12248,110-ZM-T01,Pre-PQ Process,SO-2544,DN-1056,Zambia,PMO - US,From RDC,N/A - From RDC,Truck,Pre-PQ Process,N/A - From RDC,16-Feb-09,16-Feb-09,16-Feb-09,ARV,Adult,SCMS from RDC,"Emtricitabine/Tenofovir Disoproxil Fumarate 200/300mg [Truvada], tablets, 30 Tabs",Emtricitabine/Tenofovir Disoproxil Fumarate,Truvada,300/200mg,Tablet - FDC,30,100000,2625000,26.25,0.88,"Aspen-OSD, Port Elizabeth, SA",Yes,9000,14036.31,5145
12249,130-NG-T01,Pre-PQ Process,SO-10540,DN-844,Nigeria,PMO - US,From RDC,N/A - From RDC,Air,Pre-PQ Process,N/A - From RDC,24-Jul-08,24-Jul-08,24-Jul-08,ARV,Adult,SCMS from RDC,"Efavirenz 600mg, tablets, 30 Tabs",Efavirenz,Generic,600mg,Tablet,30,1030,12071.6,11.72,0.39,"Aurobindo Unit III, India",Yes,251,1960.81,19.31
12250,126-NG-T01,Pre-PQ Process,SO-10750,DN-846,Nigeria,PMO - US,From RDC,N/A - From RDC,Air,Pre-PQ Process,N/A - From RDC,24-Jul-08,24-Jul-08,24-Jul-08,ARV,Adult,SCMS from RDC,"Zidovudine 300mg, tablets, 60 Tabs",Zidovudine,Generic,300mg,Tablet,60,4500,36000,8,0.13,"Aurobindo Unit III, India",No,See DN-846 (ID#:11939),See DN-846 (ID#:11939),57.6
12251,151-NG-T01,Pre-PQ Process,SO-21809,DN-1156,Nigeria,PMO - US,From RDC,N/A - From RDC,Air Charter,Pre-PQ Process,N/A - From RDC,8-May-09,8-May-09,8-May-09,ARV,Adult,SCMS from RDC,"Lamivudine/Nevirapine/Zidovudine 150/200/300mg, tablets, 60 Tabs",Lamivudine/Nevirapine/Zidovudine,Generic,150/300/200mg,Tablet - FDC,60,26616,303422.4,11.4,0.19,"Aurobindo Unit III, India",Yes,2993,15128.37,594.71
12252,114-UG-T01,Pre-PQ Process,SO-17900,DN-987,Uganda,PMO - US,From RDC,N/A - From RDC,Air,Pre-PQ Process,N/A - From RDC,6-Jan-09,6-Jan-09,6-Jan-09,ARV,Adult,SCMS from RDC,"Lamivudine/Nevirapine/Zidovudine 150/200/300mg, tablets, 60 Tabs",Lamivudine/Nevirapine/Zidovudine,Generic,150/300/200mg,Tablet - FDC,60,5131,60545.8,11.8,0.2,"Aurobindo Unit III, India",Yes,691,8252.73,118.67
12253,114-UG-T01,Pre-PQ Process,SO-17900,DN-987,Uganda,PMO - US,From RDC,N/A - From RDC,Air,Pre-PQ Process,N/A - From RDC,6-Jan-09,6-Jan-09,6-Jan-09,ARV,Adult,SCMS from RDC,"Lamivudine/Stavudine 150/30mg, tablets, 30 Tabs",Lamivudine/Stavudine,Generic,150/30mg,Tablet - FDC,30,1082,2164,2,0.07,"Cipla, Goa, India",No,See DN-987 (ID#:12252),See DN-987 (ID#:12252),4.24
12254,109-TZ-T01,Pre-PQ Process,SO-2565,DN-853,Tanzania,PMO - US,From RDC,N/A - From RDC,Air,Pre-PQ Process,N/A - From RDC,29-Aug-08,29-Aug-08,29-Aug-08,ARV,Adult,SCMS from RDC,"Lamivudine/Nevirapine/Stavudine 150/200/30mg, tablets, 60 Tabs",Lamivudine/Nevirapine/Stavudine,Generic,150/200/30mg,Tablet - FDC,60,60332,446456.8,7.4,0.12,"Cipla, Goa, India",No,See DN-853 (ID#:11940),See DN-853 (ID#:11940),714.33
12255,117-ET-T01,Pre-PQ Process,SO-22000,DN-1060,Ethiopia,PMO - US,From RDC,N/A - From RDC,Air,Pre-PQ Process,N/A - From RDC,18-Feb-09,18-Feb-09,18-Feb-09,ARV,Adult,SCMS from RDC,"Lamivudine/Stavudine 150/30mg, tablets, 60 Tabs",Lamivudine/Stavudine,Generic,150/30mg,Tablet - FDC,60,27000,102600,3.8,0.06,Mylan (formerly Matrix) Nashik,No,See DN-1060 (ID#:11618),See DN-1060 (ID#:11618),201.1
12256,117-ET-T01,Pre-PQ Process,SO-22030,DN-1062,Ethiopia,PMO - US,From RDC,N/A - From RDC,Air,Pre-PQ Process,N/A - From RDC,4-Mar-09,4-Mar-09,4-Mar-09,ARV,Adult,SCMS from RDC,"Lamivudine/Nevirapine/Stavudine 150/200/30mg, tablets, 60 Tabs",Lamivudine/Nevirapine/Stavudine,Generic,150/200/30mg,Tablet - FDC,60,107556,765798.72,7.12,0.12,"Cipla, Goa, India",Yes,14450,14144.68,1500.97
12257,123-NG-T01,Pre-PQ Process,SO-2554,DN-960,Nigeria,PMO - US,From RDC,N/A - From RDC,Air,Pre-PQ Process,N/A - From RDC,30-Oct-08,30-Oct-08,30-Oct-08,ARV,Adult,SCMS from RDC,"Zidovudine 300mg, tablets, 60 Tabs",Zidovudine,Generic,300mg,Tablet,60,5641,45974.15,8.15,0.14,"Aurobindo Unit III, India",No,See DN-960 (ID#:11945),See DN-960 (ID#:11945),90.11
12258,123-NG-T01,Pre-PQ Process,SO-2554,DN-960,Nigeria,PMO - US,From RDC,N/A - From RDC,Air,Pre-PQ Process,N/A - From RDC,30-Oct-08,30-Oct-08,30-Oct-08,ARV,Adult,SCMS from RDC,"Efavirenz 600mg, tablets, 30 Tabs",Efavirenz,Generic,600mg,Tablet,30,11527,138439.27,12.01,0.4,"Aurobindo Unit III, India",No,See DN-960 (ID#:11945),See DN-960 (ID#:11945),271.34
12259,123-NG-T01,Pre-PQ Process,SO-11232,DN-958,Nigeria,PMO - US,From RDC,N/A - From RDC,Air,Pre-PQ Process,N/A - From RDC,31-Oct-08,31-Oct-08,31-Oct-08,ARV,Adult,SCMS from RDC,"Lopinavir/Ritonavir 200/50mg [Aluvia], tablets, 120 Tabs",Lopinavir/Ritonavir,Aluvia,200/50mg,Tablet,120,2034,83597.4,41.1,0.34,ABBVIE Ludwigshafen Germany,No,See DN-958 (ID#:10750),See DN-958 (ID#:10750),163.85
12260,123-NG-T01,Pre-PQ Process,SO-19070,DN-1080,Nigeria,PMO - US,From RDC,N/A - From RDC,Air,Pre-PQ Process,N/A - From RDC,16-Feb-09,16-Feb-09,16-Feb-09,ARV,Adult,SCMS from RDC,"Efavirenz 600mg, tablets, 30 Tabs",Efavirenz,Generic,600mg,Tablet,30,13473,148203,11,0.37,"Aurobindo Unit III, India",Yes,1146,3680.33,290.48
12261,112-NG-T01,Pre-PQ Process,SO-20960,DN-1124,Nigeria,PMO - US,From RDC,N/A - From RDC,Air Charter,Pre-PQ Process,N/A - From RDC,19-Mar-09,19-Mar-09,19-Mar-09,ARV,Adult,SCMS from RDC,"Stavudine 30mg, capsules, 60 Caps",Stavudine,Generic,30mg,Capsule,60,1033,1601.15,1.55,0.03,"Aurobindo Unit III, India",No,See DN-1124 (ID#:11620),See DN-1124 (ID#:11620),3.14
12264,151-NG-T01,Pre-PQ Process,SO-21783,DN-1131,Nigeria,PMO - US,From RDC,N/A - From RDC,Air,Pre-PQ Process,N/A - From RDC,24-Mar-09,24-Mar-09,24-Mar-09,ARV,Adult,SCMS from RDC,"Emtricitabine/Tenofovir Disoproxil Fumarate 200/300mg [Truvada], tablets, 30 Tabs",Emtricitabine/Tenofovir Disoproxil Fumarate,Truvada,300/200mg,Tablet - FDC,30,662,17377.5,26.25,0.88,"Aspen-OSD, Port Elizabeth, SA",Yes,62,6443.61,34.06
12265,151-NG-T01,Pre-PQ Process,SO-21802,DN-1136,Nigeria,PMO - US,From RDC,N/A - From RDC,Air Charter,Pre-PQ Process,N/A - From RDC,19-Mar-09,19-Mar-09,19-Mar-09,ARV,Adult,SCMS from RDC,"Lamivudine/Nevirapine/Zidovudine 150/200/300mg, tablets, 60 Tabs",Lamivudine/Nevirapine/Zidovudine,Generic,150/300/200mg,Tablet - FDC,60,11661,132935.4,11.4,0.19,"Aurobindo Unit III, India",Yes,1311,11492.86,260.55
12266,151-NG-T01,Pre-PQ Process,SO-21804,DN-1138,Nigeria,PMO - US,From RDC,N/A - From RDC,Air Charter,Pre-PQ Process,N/A - From RDC,19-Mar-09,19-Mar-09,19-Mar-09,ARV,Adult,SCMS from RDC,"Lamivudine/Nevirapine/Zidovudine 150/200/300mg, tablets, 60 Tabs",Lamivudine/Nevirapine/Zidovudine,Generic,150/300/200mg,Tablet - FDC,60,370,4218,11.4,0.19,"Aurobindo Unit III, India",Yes,42,Freight Included in Commodity Cost,8.27
12267,117-ET-T01,Pre-PQ Process,SO-22190,DN-1091,Ethiopia,PMO - US,From RDC,N/A - From RDC,Air,Pre-PQ Process,N/A - From RDC,18-Feb-09,18-Feb-09,18-Feb-09,ARV,Adult,SCMS from RDC,"Lamivudine/Zidovudine 150/300mg, tablets, 60 Tabs",Lamivudine/Zidovudine,Generic,150/300mg,Tablet - FDC,60,5000,43800,8.76,0.15,Mylan (formerly Matrix) Nashik,Yes,403,1719.65,85.85
12269,111-MZ-T01,Pre-PQ Process,SO-15090,DN-933,Mozambique,PMO - US,From RDC,N/A - From RDC,Air,Pre-PQ Process,N/A - From RDC,14-Nov-08,14-Nov-08,14-Nov-08,ARV,Adult,SCMS from RDC,"Nevirapine 200mg, tablets, 60 Tabs",Nevirapine,Generic,200mg,Tablet,60,11550,36960,3.2,0.05,Hetero Unit III Hyderabad IN,No,See DN-933 (ID#:10755),See DN-933 (ID#:10755),59.14
12270,104-CI-T01,Pre-PQ Process,SO-970,DN-1163,Côte d'Ivoire,PMO - US,From RDC,N/A - From RDC,Air,Pre-PQ Process,N/A - From RDC,23-Mar-09,23-Mar-09,23-Mar-09,ARV,Pediatric,SCMS from RDC,"Lopinavir/Ritonavir 80/20mg/ml [Kaletra], oral solution, cool, Bottle 5 x 60 ml",Lopinavir/Ritonavir,Kaletra,80/20mg/ml,Oral solution,300,126,5178.6,41.1,0.14,ABBVIE (Abbott) Logis. UK,No,See DN-1163 (ID#:11030),See DN-1163 (ID#:11030),10.15
12271,123-NG-T01,Pre-PQ Process,SO-22830,DN-1166,Nigeria,PMO - US,From RDC,N/A - From RDC,Air Charter,Pre-PQ Process,N/A - From RDC,8-May-09,8-May-09,8-May-09,ARV,Adult,SCMS from RDC,"Efavirenz 600mg, tablets, 30 Tabs",Efavirenz,Generic,600mg,Tablet,30,25000,275000,11,0.37,"Aurobindo Unit III, India",Yes,2267,15128.37,539
12272,111-MZ-T01,Pre-PQ Process,SO-27430,DN-1177,Mozambique,PMO - US,From RDC,N/A - From RDC,Air,Pre-PQ Process,N/A - From RDC,15-May-09,15-May-09,15-May-09,ARV,Adult,SCMS from RDC,"Stavudine 30mg, capsules, 60 Caps",Stavudine,Generic,30mg,Capsule,60,630,976.5,1.55,0.03,"Aurobindo Unit III, India",Yes,42,1217.37,1.91
12273,109-TZ-T01,Pre-PQ Process,SO-18740,DN-1180,Tanzania,PMO - US,From RDC,N/A - From RDC,Truck,Pre-PQ Process,N/A - From RDC,11-May-09,11-May-09,11-May-09,ARV,Adult,SCMS from RDC,"Emtricitabine/Tenofovir Disoproxil Fumarate 200/300mg [Truvada], tablets, 30 Tabs",Emtricitabine/Tenofovir Disoproxil Fumarate,Truvada,300/200mg,Tablet - FDC,30,20240,531300,26.25,0.88,"Aspen-OSD, Port Elizabeth, SA",No,See DN-1180 (ID#:11033),See DN-1180 (ID#:11033),1041.35
12276,113-ZW-T01,Pre-PQ Process,SO-18111,DN-1214,Zimbabwe,PMO - US,From RDC,N/A - From RDC,Air,Pre-PQ Process,N/A - From RDC,12-May-09,12-May-09,12-May-09,ARV,Adult,SCMS from RDC,"Lamivudine/Stavudine 150/30mg, tablets, 60 Tabs",Lamivudine/Stavudine,Generic,150/30mg,Tablet - FDC,60,4000,16000,4,0.07,"Cipla, Goa, India",Yes,305,2698.04,31.36
12277,111-MZ-T01,Pre-PQ Process,SO-28550,DN-1215,Mozambique,PMO - US,From RDC,N/A - From RDC,Air,Pre-PQ Process,N/A - From RDC,28-Jun-09,28-Jun-09,28-Jun-09,ARV,Adult,SCMS from RDC,"Lamivudine/Nevirapine/Stavudine 150/200/30mg, tablets, 60 Tabs",Lamivudine/Nevirapine/Stavudine,Generic,150/200/30mg,Tablet - FDC,60,17618,126849.6,7.2,0.12,"Cipla, Goa, India",No,See DN-1215 (ID#:10764),See DN-1215 (ID#:10764),248.63
12278,151-NG-T01,Pre-PQ Process,SO-30021,DN-1217,Nigeria,PMO - US,From RDC,N/A - From RDC,Air Charter,Pre-PQ Process,N/A - From RDC,8-May-09,8-May-09,8-May-09,ARV,Adult,SCMS from RDC,"Emtricitabine/Tenofovir Disoproxil Fumarate 200/300mg [Truvada], tablets, 30 Tabs",Emtricitabine/Tenofovir Disoproxil Fumarate,Truvada,300/200mg,Tablet - FDC,30,27439,720273.75,26.25,0.88,"Aspen-OSD, Port Elizabeth, SA",Yes,2561,15128.47,1411.74
12279,106-HT-T01,Pre-PQ Process,SO-24841,DN-1219,Haiti,PMO - US,From RDC,N/A - From RDC,Air,Pre-PQ Process,N/A - From RDC,22-May-09,22-May-09,22-May-09,ARV,Adult,SCMS from RDC,"Efavirenz 600mg, tablets, 30 Tabs",Efavirenz,Generic,600mg,Tablet,30,7323,71179.56,9.72,0.32,"Aurobindo Unit III, India",Yes,631,7584.12,139.51
12280,106-HT-T01,Pre-PQ Process,SO-24840,DN-1221,Haiti,PMO - US,From RDC,N/A - From RDC,Air,Pre-PQ Process,N/A - From RDC,22-May-09,22-May-09,22-May-09,ARV,Adult,SCMS from RDC,"Efavirenz 600mg, tablets, 30 Tabs",Efavirenz,Generic,600mg,Tablet,30,10065,97831.8,9.72,0.32,"Aurobindo Unit III, India",No,See DN-1221 (ID#:11636),See DN-1221 (ID#:11636),191.75
12281,114-UG-T01,Pre-PQ Process,SO-26160,DN-1225,Uganda,PMO - US,From RDC,N/A - From RDC,Air,Pre-PQ Process,N/A - From RDC,22-May-09,22-May-09,22-May-09,ARV,Adult,SCMS from RDC,"Stavudine 30mg, capsules, 60 Caps",Stavudine,Generic,30mg,Capsule,60,60,89.4,1.49,0.02,"Aurobindo Unit III, India",Yes,4,526.41,0.18
12282,110-ZM-T01,Pre-PQ Process,SO-17611,DN-1228,Zambia,PMO - US,From RDC,N/A - From RDC,Truck,Pre-PQ Process,N/A - From RDC,8-Jun-09,8-Jun-09,8-Jun-09,ARV,Adult,SCMS from RDC,"Efavirenz 600mg, tablets, 30 Tabs",Efavirenz,Generic,600mg,Tablet,30,11546,127006,11,0.37,Mylan (formerly Matrix) Nashik,No,See DN-1228 (ID#:11638),See DN-1228 (ID#:11638),248.93
12283,104-CI-T01,Pre-PQ Process,SO-27520,DN-1234,Côte d'Ivoire,PMO - US,From RDC,N/A - From RDC,Air,Pre-PQ Process,N/A - From RDC,11-Jun-09,11-Jun-09,11-Jun-09,ARV,Adult,SCMS from RDC,"Zidovudine 300mg, tablets, 60 Tabs",Zidovudine,Generic,300mg,Tablet,60,10000,77100,7.71,0.13,"Aurobindo Unit III, India",No,See DN-1234 (ID#:11970),See DN-1234 (ID#:11970),151.12
12284,104-CI-T01,Pre-PQ Process,SO-27520,DN-1234,Côte d'Ivoire,PMO - US,From RDC,N/A - From RDC,Air,Pre-PQ Process,N/A - From RDC,11-Jun-09,11-Jun-09,11-Jun-09,ARV,Adult,SCMS from RDC,"Lamivudine/Nevirapine/Zidovudine 150/200/300mg, tablets, 60 Tabs",Lamivudine/Nevirapine/Zidovudine,Generic,150/300/200mg,Tablet - FDC,60,15000,173400,11.56,0.19,"Aurobindo Unit III, India",No,See DN-1234 (ID#:11970),See DN-1234 (ID#:11970),339.86
12286,112-NG-T01,Pre-PQ Process,SO-21050,DN-1244,Nigeria,PMO - US,From RDC,N/A - From RDC,Air Charter,Pre-PQ Process,N/A - From RDC,16-Jun-09,16-Jun-09,16-Jun-09,ARV,Adult,SCMS from RDC,"Lamivudine 150mg, tablets, 60 Tabs",Lamivudine,Generic,150mg,Tablet,60,1140,3306,2.9,0.05,"Aurobindo Unit III, India",No,See DN-1244 (ID#:11048),See DN-1244 (ID#:11048),6.48
12289,112-NG-T01,Pre-PQ Process,SO-21052,DN-1257,Nigeria,PMO - US,From RDC,N/A - From RDC,Air,Pre-PQ Process,N/A - From RDC,5-Jun-09,5-Jun-09,5-Jun-09,ARV,Adult,SCMS from RDC,"Lamivudine/Zidovudine 150/300mg, tablets, 60 Tabs",Lamivudine/Zidovudine,Generic,150/300mg,Tablet - FDC,60,1747,15303.72,8.76,0.15,Mylan (formerly Matrix) Nashik,Yes,148,1012.18,30
12290,123-NG-T01,Pre-PQ Process,SO-24482,DN-1263,Nigeria,PMO - US,From RDC,N/A - From RDC,Air Charter,Pre-PQ Process,N/A - From RDC,16-Jun-09,16-Jun-09,16-Jun-09,ARV,Adult,SCMS from RDC,"Lamivudine/Nevirapine/Stavudine 150/200/30mg, tablets, 60 Tabs",Lamivudine/Nevirapine/Stavudine,Generic,150/200/30mg,Tablet - FDC,60,3235,23033.2,7.12,0.12,"Cipla, Goa, India",No,See DN-1263 (ID#:11053),See DN-1263 (ID#:11053),45.15
12293,102-KE-T01,Pre-PQ Process,SO-27850,DN-1275,Kenya,PMO - US,From RDC,N/A - From RDC,Air,Pre-PQ Process,N/A - From RDC,28-May-09,28-May-09,28-May-09,HRDT,HIV test,SCMS from RDC,"HIV 1/2, Uni-Gold HIV Kit, 20 Tests","HIV 1/2, Uni-Gold HIV Kit",Uni-Gold,N/A,Test kit,20,2500,80000,32,1.6,"Trinity Biotech, Plc",Yes,Weight Captured Separately,Invoiced Separately,156.8
12294,106-HT-T01,Pre-PQ Process,SO-24832,DN-1278,Haiti,PMO - US,From RDC,N/A - From RDC,Air,Pre-PQ Process,N/A - From RDC,18-Jun-09,18-Jun-09,18-Jun-09,ARV,Pediatric,SCMS from RDC,"Efavirenz 50mg, capsule, 30 Caps",Efavirenz,Generic,50mg,Capsule,30,1428,3198.72,2.24,0.07,"Aurobindo Unit III, India",Yes,83,7789.85,6.27
12295,151-NG-T01,Pre-PQ Process,SO-30022,DN-1290,Nigeria,PMO - US,From RDC,N/A - From RDC,Air Charter,Pre-PQ Process,N/A - From RDC,16-Jun-09,16-Jun-09,16-Jun-09,ARV,Adult,SCMS from RDC,"Emtricitabine/Tenofovir Disoproxil Fumarate 200/300mg [Truvada], tablets, 30 Tabs",Emtricitabine/Tenofovir Disoproxil Fumarate,Truvada,300/200mg,Tablet - FDC,30,24269,637061.25,26.25,0.88,"Aspen-OSD, Port Elizabeth, SA",Yes,2094,7329.83,1248.64
12296,114-UG-T01,Pre-PQ Process,SO-26170,DN-1293,Uganda,PMO - US,From RDC,N/A - From RDC,Air,Pre-PQ Process,N/A - From RDC,29-Jun-09,29-Jun-09,29-Jun-09,ARV,Adult,SCMS from RDC,"Lamivudine/Nevirapine/Zidovudine 150/200/300mg, tablets, 60 Tabs",Lamivudine/Nevirapine/Zidovudine,Generic,150/300/200mg,Tablet - FDC,60,10372,119900.32,11.56,0.19,Mylan (formerly Matrix) Nashik,Yes,1312,14569.14,235
12297,151-NG-T01,Pre-PQ Process,SO-22520,DN-1294,Nigeria,PMO - US,From RDC,N/A - From RDC,Air Charter,Pre-PQ Process,N/A - From RDC,16-Jun-09,16-Jun-09,16-Jun-09,ARV,Adult,SCMS from RDC,"Emtricitabine/Tenofovir Disoproxil Fumarate 200/300mg [Truvada], tablets, 30 Tabs",Emtricitabine/Tenofovir Disoproxil Fumarate,Truvada,300/200mg,Tablet - FDC,30,27314,716992.5,26.25,0.88,"Aspen-OSD, Port Elizabeth, SA",Yes,2363,7329.83,1405.31
12299,110-ZM-T01,Pre-PQ Process,SO-29070,DN-1325,Zambia,PMO - US,From RDC,N/A - From RDC,Truck,Date Not Captured,N/A - From RDC,29-Sep-09,29-Sep-09,29-Sep-09,ARV,Adult,SCMS from RDC,"Lamivudine/Tenofovir Disoproxil Fumarate 300/300mg, tablets, 30 Tabs",Lamivudine/Tenofovir Disoproxil Fumarate,Generic,300/300mg,Tablet - FDC,30,92000,1058000,11.5,0.38,Mylan (formerly Matrix) Nashik,Yes,7579,6759.28,2073.68
12300,111-MZ-T01,Pre-PQ Process,SO-26423,DN-1332,Mozambique,PMO - US,From RDC,N/A - From RDC,Truck,Date Not Captured,N/A - From RDC,27-Aug-09,27-Aug-09,27-Aug-09,ARV,Adult,SCMS from RDC,"Lamivudine/Stavudine 150/30mg, tablets, 60 Tabs",Lamivudine/Stavudine,Generic,150/30mg,Tablet - FDC,60,23100,87780,3.8,0.06,"Cipla, Goa, India",No,See DN-1332 (ID#:11663),See DN-1332 (ID#:11663),172.05
12301,151-NG-T01,Pre-PQ Process,SO-32644,DN-1338,Nigeria,PMO - US,From RDC,N/A - From RDC,Air Charter,Date Not Captured,N/A - From RDC,4-Aug-09,4-Aug-09,4-Aug-09,ARV,Adult,SCMS from RDC,"Lamivudine/Nevirapine/Zidovudine 150/200/300mg, tablets, 60 Tabs",Lamivudine/Nevirapine/Zidovudine,Generic,150/300/200mg,Tablet - FDC,60,5800,66120,11.4,0.19,"Aurobindo Unit III, India",Yes,654,7445.8,129.6
12302,151-NG-T01,Pre-PQ Process,SO-27810,DN-1346,Nigeria,PMO - US,From RDC,N/A - From RDC,Air Charter,Date Not Captured,N/A - From RDC,4-Aug-09,4-Aug-09,4-Aug-09,ARV,Adult,SCMS from RDC,"Emtricitabine/Tenofovir Disoproxil Fumarate 200/300mg [Truvada], tablets, 30 Tabs",Emtricitabine/Tenofovir Disoproxil Fumarate,Truvada,300/200mg,Tablet - FDC,30,22730,596662.5,26.25,0.88,"Aspen-OSD, Port Elizabeth, SA",Yes,1977,7445.8,1169.46
12303,104-CI-T01,Pre-PQ Process,SO-27533,DN-1357,Côte d'Ivoire,PMO - US,From RDC,N/A - From RDC,Air Charter,Date Not Captured,N/A - From RDC,11-Aug-09,11-Aug-09,11-Aug-09,ARV,Adult,SCMS from RDC,"Efavirenz 600mg, tablets, 30 Tabs",Efavirenz,Generic,600mg,Tablet,30,3280,31881.6,9.72,0.32,"Emcure Plot No.P-2, I.T-B.T. Park, Phase II, MIDC, Hinjwadi, Pune, India",Yes,229,1854.88,62.49
12304,151-NG-T01,Pre-PQ Process,SO-27817,DN-1367,Nigeria,PMO - US,From RDC,N/A - From RDC,Air Charter,Date Not Captured,N/A - From RDC,4-Aug-09,4-Aug-09,4-Aug-09,ARV,Adult,SCMS from RDC,"Emtricitabine/Tenofovir Disoproxil Fumarate 200/300mg, tablets, 30 Tabs",Emtricitabine/Tenofovir Disoproxil Fumarate,Generic,200/300mg,Tablet - FDC,30,5794,68079.5,11.75,0.39,Mylan (formerly Matrix) Nashik,No,See DN-1367 (ID#:11346),See DN-1367 (ID#:11346),133.44
12305,106-HT-T01,Pre-PQ Process,SO-32730,DN-1374,Haiti,PMO - US,From RDC,N/A - From RDC,Air,Date Not Captured,N/A - From RDC,31-Jul-09,31-Jul-09,31-Jul-09,ARV,Pediatric,SCMS from RDC,"Efavirenz 200mg, capsule, 90 Caps",Efavirenz,Generic,200mg,Capsule,90,525,6683.25,12.73,0.14,"Aurobindo Unit III, India",No,See DN-1374 (ID#:11999),See DN-1374 (ID#:11999),13.1
12307,111-MZ-T01,Pre-PQ Process,SO-26420,DN-1377,Mozambique,PMO - US,From RDC,N/A - From RDC,Truck,Date Not Captured,N/A - From RDC,17-Sep-09,17-Sep-09,17-Sep-09,ARV,Adult,SCMS from RDC,"Lamivudine/Nevirapine/Stavudine 150/200/30mg, tablets, 60 Tabs",Lamivudine/Nevirapine/Stavudine,Generic,150/200/30mg,Tablet - FDC,60,76000,541120,7.12,0.12,"Strides, Bangalore, India.",Yes,5597,1799.88,1060.6
12309,107-RW-T01,Pre-PQ Process,SO-32800,DN-1385,Rwanda,PMO - US,From RDC,N/A - From RDC,Air,Date Not Captured,N/A - From RDC,31-Jul-09,31-Jul-09,31-Jul-09,ARV,Adult,SCMS from RDC,"Lamivudine 150mg, tablets, 60 Tabs",Lamivudine,Generic,150mg,Tablet,60,8766,21389.04,2.44,0.04,"Aurobindo Unit III, India",Yes,447,4257.01,41.92
12310,114-UG-T01,Pre-PQ Process,SO-32920,DN-1397,Uganda,PMO - US,From RDC,N/A - From RDC,Air,Date Not Captured,N/A - From RDC,24-Aug-09,24-Aug-09,24-Aug-09,ARV,Adult,SCMS from RDC,"Nevirapine 200mg, tablets, 60 Tabs",Nevirapine,Generic,200mg,Tablet,60,1650,4785,2.9,0.05,Hetero Unit III Hyderabad IN,No,See DN-1397 (ID#:11678),See DN-1397 (ID#:11678),9.38
12311,114-UG-T01,Pre-PQ Process,SO-32950,DN-1399,Uganda,PMO - US,From RDC,N/A - From RDC,Air,Date Not Captured,N/A - From RDC,28-Aug-09,28-Aug-09,28-Aug-09,ARV,Adult,SCMS from RDC,"Lamivudine/Zidovudine 150/300mg, tablets, 60 Tabs",Lamivudine/Zidovudine,Generic,150/300mg,Tablet - FDC,60,24000,210240,8.76,0.15,Mylan (formerly Matrix) Nashik,Yes,5748,38957.51,412.07
12312,114-UG-T01,Pre-PQ Process,SO-32950,DN-1399,Uganda,PMO - US,From RDC,N/A - From RDC,Air,Date Not Captured,N/A - From RDC,28-Aug-09,28-Aug-09,28-Aug-09,ARV,Adult,SCMS from RDC,"Lamivudine/Nevirapine/Zidovudine 150/200/300mg, tablets, 60 Tabs",Lamivudine/Nevirapine/Zidovudine,Generic,150/300/200mg,Tablet - FDC,60,34000,385900,11.35,0.19,"Aurobindo Unit III, India",No,See DN-1399 (ID#:12311),See DN-1399 (ID#:12311),756.36
12313,104-CI-T01,Pre-PQ Process,SO-32210,DN-1401,Côte d'Ivoire,PMO - US,From RDC,N/A - From RDC,Air,Date Not Captured,N/A - From RDC,8-Sep-09,8-Sep-09,8-Sep-09,ARV,Adult,SCMS from RDC,"Lamivudine/Nevirapine/Zidovudine 150/200/300mg, tablets, 60 Tabs",Lamivudine/Nevirapine/Zidovudine,Generic,150/300/200mg,Tablet - FDC,60,28170,319729.5,11.35,0.19,"Aurobindo Unit III, India",No,See DN-1401 (ID#:10793),See DN-1401 (ID#:10793),626.67
12314,110-ZM-T01,Pre-PQ Process,SO-29080,DN-1404,Zambia,PMO - US,From RDC,N/A - From RDC,Truck,Date Not Captured,N/A - From RDC,22-Sep-09,22-Sep-09,22-Sep-09,ARV,Adult,SCMS from RDC,"Lamivudine/Tenofovir Disoproxil Fumarate 300/300mg, tablets, 30 Tabs",Lamivudine/Tenofovir Disoproxil Fumarate,Generic,300/300mg,Tablet - FDC,30,92000,1058000,11.5,0.38,Mylan (formerly Matrix) Nashik,Yes,7678,6759.28,2073.68
12315,110-ZM-T01,Pre-PQ Process,SO-29090,DN-1406,Zambia,PMO - US,From RDC,N/A - From RDC,Truck,Date Not Captured,N/A - From RDC,22-Sep-09,22-Sep-09,22-Sep-09,ARV,Adult,SCMS from RDC,"Lamivudine/Tenofovir Disoproxil Fumarate 300/300mg, tablets, 30 Tabs",Lamivudine/Tenofovir Disoproxil Fumarate,Generic,300/300mg,Tablet - FDC,30,92095,1059092.5,11.5,0.38,Mylan (formerly Matrix) Nashik,Yes,7686,6759.28,2075.82
12316,113-ZW-T01,Pre-PQ Process,SO-21020,DN-1411,Zimbabwe,PMO - US,From RDC,N/A - From RDC,Truck,Date Not Captured,N/A - From RDC,22-Sep-09,22-Sep-09,22-Sep-09,ARV,Adult,SCMS from RDC,"Lamivudine/Stavudine 150/30mg, tablets, 60 Tabs",Lamivudine/Stavudine,Generic,150/30mg,Tablet - FDC,60,4000,16000,4,0.07,"Cipla, Goa, India",No,See DN-1411 (ID#:11352),See DN-1411 (ID#:11352),31.36
12317,110-ZM-T01,Pre-PQ Process,SO-29030,DN-1407,Zambia,PMO - US,From RDC,N/A - From RDC,Truck,Date Not Captured,N/A - From RDC,19-Oct-09,19-Oct-09,19-Oct-09,ARV,Adult,SCMS from RDC,"Nevirapine 200mg, tablets, 60 Tabs",Nevirapine,Generic,200mg,Tablet,60,15718,47154,3,0.05,"Aurobindo Unit III, India",No,See DN-1407 (ID#:11681),See DN-1407 (ID#:11681),92.42
12318,104-CI-T01,Pre-PQ Process,SO-33250,DN-1428,Côte d'Ivoire,PMO - US,From RDC,N/A - From RDC,Air,Date Not Captured,N/A - From RDC,21-Sep-09,21-Sep-09,21-Sep-09,ARV,Adult,SCMS from RDC,"Emtricitabine/Tenofovir Disoproxil Fumarate 200/300mg, tablets, 30 Tabs",Emtricitabine/Tenofovir Disoproxil Fumarate,Generic,200/300mg,Tablet - FDC,30,666,7825.5,11.75,0.39,Mylan (formerly Matrix) Nashik,Yes,54,1713.01,15.34
12319,109-TZ-T01,Pre-PQ Process,SO-31281,DN-1430,Tanzania,PMO - US,From RDC,N/A - From RDC,Truck,Date Not Captured,N/A - From RDC,25-Sep-09,25-Sep-09,25-Sep-09,ARV,Adult,SCMS from RDC,"Abacavir 300mg, tablets, 60 Tabs",Abacavir,Generic,300mg,Tablet,60,9243,235234.35,25.45,0.42,"Aurobindo Unit III, India",Yes,936,2233.61,461.06
12320,110-ZM-T01,Pre-PQ Process,SO-32850,DN-1432,Zambia,PMO - US,From RDC,N/A - From RDC,Truck,Date Not Captured,N/A - From RDC,2-Oct-09,2-Oct-09,2-Oct-09,ARV,Adult,SCMS from RDC,"Lamivudine/Nevirapine/Stavudine 150/200/30mg, tablets, 60 Tabs",Lamivudine/Nevirapine/Stavudine,Generic,150/200/30mg,Tablet - FDC,60,61520,438022.4,7.12,0.12,"Cipla, Goa, India",Yes,23888,13518.56,858.52
12321,151-NG-T01,Pre-PQ Process,SO-33330,DN-1433,Nigeria,PMO - US,From RDC,N/A - From RDC,Air Charter,Date Not Captured,N/A - From RDC,20-Oct-09,20-Oct-09,20-Oct-09,ARV,Adult,SCMS from RDC,"Lamivudine/Nevirapine/Zidovudine 150/200/300mg, tablets, 60 Tabs",Lamivudine/Nevirapine/Zidovudine,Generic,150/300/200mg,Tablet - FDC,60,40230,458622,11.4,0.19,"Aurobindo Unit III, India",Yes,4531,30983.24,898.9
12322,151-NG-T01,Pre-PQ Process,SO-33337,DN-1439,Nigeria,PMO - US,From RDC,N/A - From RDC,Air Charter,Date Not Captured,N/A - From RDC,20-Oct-09,20-Oct-09,20-Oct-09,ARV,Adult,SCMS from RDC,"Lamivudine/Nevirapine/Zidovudine 150/200/300mg, tablets, 60 Tabs",Lamivudine/Nevirapine/Zidovudine,Generic,150/300/200mg,Tablet - FDC,60,1756,20018.4,11.4,0.19,"Aurobindo Unit III, India",Yes,198,9341.49,39.24
12323,104-CI-T01,Pre-PQ Process,SO-32830,DN-1451,Côte d'Ivoire,PMO - US,From RDC,N/A - From RDC,Air,Date Not Captured,N/A - From RDC,25-Aug-09,7-Oct-09,7-Oct-09,ARV,Pediatric,SCMS from RDC,"Nevirapine 10mg/ml, oral suspension, Bottle, 240 ml",Nevirapine,Generic,10mg/ml,Oral suspension,240,1547,2970.24,1.92,0.01,"Aurobindo Unit III, India",Yes,581,1234.9,5.82
12324,111-MZ-T01,Pre-PQ Process,SO-26424,DN-1457,Mozambique,PMO - US,From RDC,N/A - From RDC,Truck,Date Not Captured,N/A - From RDC,7-Oct-09,7-Oct-09,7-Oct-09,ARV,Adult,SCMS from RDC,"Lamivudine 150mg, tablets, 60 Tabs",Lamivudine,Generic,150mg,Tablet,60,2592,6324.48,2.44,0.04,"Aurobindo Unit III, India",No,See DN-1457 (ID#:11687),See DN-1457 (ID#:11687),12.4
12325,117-ET-T01,Pre-PQ Process,SO-33640,DN-1472,Ethiopia,PMO - US,From RDC,N/A - From RDC,Air,Date Not Captured,N/A - From RDC,29-Sep-09,29-Sep-09,29-Sep-09,ARV,Adult,SCMS from RDC,"Lamivudine 150mg, tablets, 60 Tabs",Lamivudine,Generic,150mg,Tablet,60,4234,10330.96,2.44,0.04,"Aurobindo Unit III, India",Yes,212,1489.4,20.25
12326,100-LB-T01,Pre-PQ Process,SO-33890,DN-1486,Lebanon,PMO - US,From RDC,N/A - From RDC,Air,Date Not Captured,N/A - From RDC,18-Nov-09,18-Nov-09,18-Nov-09,ARV,Pediatric,SCMS from RDC,"Nevirapine 10mg/ml, oral suspension, Bottle, 240 ml",Nevirapine,Generic,10mg/ml,Oral suspension,240,50,0.5,0.01,0,"Aurobindo Unit III, India",No,See DN-1486 (ID#:11072),See DN-1486 (ID#:11072),0
12327,100-LB-T01,Pre-PQ Process,SO-33910,DN-1488,Lebanon,PMO - US,From RDC,N/A - From RDC,Air,Date Not Captured,N/A - From RDC,24-Nov-09,24-Nov-09,24-Nov-09,ARV,Adult,SCMS from RDC,"Nevirapine 200mg, tablets, 60 Tabs",Nevirapine,Generic,200mg,Tablet,60,200,2,0.01,0,Hetero Unit III Hyderabad IN,No,See DN-1488 (ID#:11074),See DN-1488 (ID#:11074),0
12328,110-ZM-T01,Pre-PQ Process,SO-33320,DN-1499,Zambia,PMO - US,From RDC,N/A - From RDC,Air,Date Not Captured,N/A - From RDC,23-Oct-09,23-Oct-09,23-Oct-09,ARV,Adult,SCMS from RDC,"Efavirenz 600mg, tablets, 30 Tabs",Efavirenz,Generic,600mg,Tablet,30,13941,80578.98,5.78,0.19,"Emcure Plot No.P-2, I.T-B.T. Park, Phase II, MIDC, Hinjwadi, Pune, India",Yes,986,5097.09,173.73
12329,114-UG-T01,Pre-PQ Process,SO-34290,DN-1528,Uganda,PMO - US,From RDC,N/A - From RDC,Air,Date Not Captured,N/A - From RDC,23-Nov-09,23-Nov-09,23-Nov-09,ARV,Adult,SCMS from RDC,"Lamivudine/Stavudine 150/30mg, tablets, 60 Tabs",Lamivudine/Stavudine,Generic,150/30mg,Tablet - FDC,60,60,240,4,0.07,"Cipla, Goa, India",Yes,4,396.08,0.52
12330,117-ET-T01,Pre-PQ Process,SO-34581,DN-1584,Ethiopia,PMO - US,From RDC,N/A - From RDC,Air,Date Not Captured,N/A - From RDC,2-Dec-09,2-Dec-09,2-Dec-09,ARV,Adult,SCMS from RDC,"Nevirapine 200mg, tablets, 60 Tabs",Nevirapine,Generic,200mg,Tablet,60,4460,12934,2.9,0.05,Hetero Unit III Hyderabad IN,Yes,250,1366.22,27.89
12334,113-ZW-T01,Pre-PQ Process,SO-224,DN-32,Zimbabwe,PMO - US,From RDC,N/A - From RDC,N/A,Pre-PQ Process,N/A - From RDC,23-Mar-07,23-Mar-07,23-Mar-07,ARV,Adult,SCMS from RDC,"Efavirenz 600mg, tablets, 30 Tabs",Efavirenz,Generic,600mg,Tablet,30,7000,113750,16.25,0.54,"Aurobindo Unit III, India",Yes,581,1886.21,
12335,112-NG-T01,Pre-PQ Process,SO-339,DN-27,Nigeria,PMO - US,From RDC,N/A - From RDC,N/A,Pre-PQ Process,N/A - From RDC,22-Feb-07,22-Feb-07,22-Feb-07,ARV,Pediatric,SCMS from RDC,"Zidovudine 10mg/ml, oral solution, Bottle, 240 ml",Zidovudine,Generic,10mg/ml,Oral solution,240,1200,2580,2.15,0.01,"Aurobindo Unit III, India",No,See DN-27 (ID#:10544),See DN-27 (ID#:10544),
12336,107-RW-T01,Pre-PQ Process,SO-239,DN-70,Rwanda,PMO - US,From RDC,N/A - From RDC,Air,Pre-PQ Process,N/A - From RDC,10-Apr-07,10-Apr-07,10-Apr-07,HRDT,HIV test,SCMS from RDC,"HIV 1/2, Uni-Gold HIV Kit, 20 Tests","HIV 1/2, Uni-Gold HIV Kit",Uni-Gold,N/A,Test kit,20,500,16000,32,1.6,"Trinity Biotech, Plc",No,See DN-70 (ID#:11095),See DN-70 (ID#:11095),
12337,111-MZ-T01,Pre-PQ Process,SO-501,DN-126,Mozambique,PMO - US,From RDC,N/A - From RDC,Air,Pre-PQ Process,N/A - From RDC,1-Jun-07,1-Jun-07,1-Jun-07,ARV,Pediatric,SCMS from RDC,"Zidovudine 10mg/ml, oral solution, Bottle, 240 ml",Zidovudine,Generic,10mg/ml,Oral solution,240,650,2567.5,3.95,0.02,"Aurobindo Unit III, India",Yes,193,478.51,
12341,111-MZ-T01,Pre-PQ Process,SO-293,DN-44,Mozambique,PMO - US,From RDC,N/A - From RDC,Air,Pre-PQ Process,N/A - From RDC,17-Apr-07,17-Apr-07,17-Apr-07,ARV,Adult,SCMS from RDC,"Efavirenz 600mg, tablets, 30 Tabs",Efavirenz,Generic,600mg,Tablet,30,23035,385836.25,16.75,0.56,"Aurobindo Unit III, India",No,See DN-44 (ID#:10549),See DN-44 (ID#:10549),
12342,111-MZ-T01,Pre-PQ Process,SO-293,DN-44,Mozambique,PMO - US,From RDC,N/A - From RDC,Air,Pre-PQ Process,N/A - From RDC,17-Apr-07,17-Apr-07,17-Apr-07,ARV,Pediatric,SCMS from RDC,"Lamivudine 10mg/ml, oral solution, Bottle, 240 ml",Lamivudine,Generic,10mg/ml,Oral solution,240,540,1317.6,2.44,0.01,"Cipla, Goa, India",No,See DN-44 (ID#:10549),See DN-44 (ID#:10549),
12346,100-BW-T01,Pre-PQ Process,SO-424,DN-83,Botswana,PMO - US,From RDC,N/A - From RDC,N/A,Pre-PQ Process,N/A - From RDC,27-Apr-07,27-Apr-07,27-Apr-07,HRDT,HIV test,SCMS from RDC,"HIV 1/2, Uni-Gold HIV Kit, 20 Tests","HIV 1/2, Uni-Gold HIV Kit",Uni-Gold,N/A,Test kit,20,500,16000,32,1.6,"Trinity Biotech, Plc",Yes,164,1225.37,
12349,100-CI-T01,Pre-PQ Process,SO-434,DN-78,Côte d'Ivoire,PMO - US,From RDC,N/A - From RDC,N/A,Pre-PQ Process,N/A - From RDC,30-Apr-07,30-Apr-07,30-Apr-07,ARV,Adult,SCMS from RDC,"Efavirenz 600mg, tablets, 30 Tabs",Efavirenz,Generic,600mg,Tablet,30,8148,132405,16.25,0.54,"Aurobindo Unit III, India",Yes,742,2658,
12350,111-MZ-T01,Pre-PQ Process,SO-500,DN-152,Mozambique,PMO - US,From RDC,N/A - From RDC,Air,Pre-PQ Process,N/A - From RDC,8-Jun-07,8-Jun-07,8-Jun-07,ARV,Adult,SCMS from RDC,"Lopinavir/Ritonavir 200/50mg [Aluvia], tablets, 120 Tabs",Lopinavir/Ritonavir,Aluvia,200/50mg,Tablet,120,900,36990,41.1,0.34,ABBVIE Ludwigshafen Germany,No,Weight Captured Separately,Freight Included in Commodity Cost,
12351,111-MZ-T01,Pre-PQ Process,SO-544,DN-153,Mozambique,PMO - US,From RDC,N/A - From RDC,Air,Pre-PQ Process,N/A - From RDC,8-Jun-07,8-Jun-07,8-Jun-07,ARV,Pediatric,SCMS from RDC,"Zidovudine 10mg/ml, oral solution, Bottle, 240 ml",Zidovudine,Generic,10mg/ml,Oral solution,240,8100,31995,3.95,0.02,"Aurobindo Unit III, India",Yes,2952,Freight Included in Commodity Cost,
12352,104-CI-T01,Pre-PQ Process,SO-585,DN-193,Côte d'Ivoire,PMO - US,From RDC,N/A - From RDC,N/A,Pre-PQ Process,N/A - From RDC,28-Jun-07,28-Jun-07,28-Jun-07,ARV,Adult,SCMS from RDC,"Abacavir 300mg, tablets, 60 Tabs",Abacavir,Generic,300mg,Tablet,60,2100,75180,35.8,0.6,"Aurobindo Unit III, India",No,See DN-193 (ID#:11387),See DN-193 (ID#:11387),120.29
12354,112-NG-T01,Pre-PQ Process,SO-563,DN-209,Nigeria,PMO - US,From RDC,N/A - From RDC,N/A,Pre-PQ Process,N/A - From RDC,3-Jul-07,3-Jul-07,3-Jul-07,ARV,Adult,SCMS from RDC,"Nevirapine 200mg, tablets, 60 Tabs",Nevirapine,Generic,200mg,Tablet,60,538,1920.66,3.57,0.06,"Aurobindo Unit III, India",No,See DN-209 (ID#:11136),See DN-209 (ID#:11136),3.07
12355,110-ZM-T01,Pre-PQ Process,SO-637,DN-177,Zambia,PMO - US,From RDC,N/A - From RDC,Air,Pre-PQ Process,N/A - From RDC,15-Jun-07,15-Jun-07,15-Jun-07,ARV,Pediatric,SCMS from RDC,"Abacavir 20mg/ml, oral solution, Bottle, 240 ml",Abacavir,Generic,20mg/ml,Oral solution,240,192,4128,21.5,0.09,"Aurobindo Unit III, India",Yes,70,650.12,
12358,107-RW-T01,Pre-PQ Process,SO-602,DN-156,Rwanda,PMO - US,From RDC,N/A - From RDC,Air,Pre-PQ Process,N/A - From RDC,5-Jun-07,5-Jun-07,5-Jun-07,ARV,Adult,SCMS from RDC,"Lamivudine 150mg, tablets, 60 Tabs",Lamivudine,Generic,150mg,Tablet,60,3431,11356.61,3.31,0.06,"Ranbaxy, Paonta Shahib, India",Yes,216,2520.47,
12364,111-MZ-T01,Pre-PQ Process,SO-578,DN-184,Mozambique,PMO - US,From RDC,N/A - From RDC,Air,Pre-PQ Process,N/A - From RDC,11-Jul-07,11-Jul-07,11-Jul-07,ARV,Adult,SCMS from RDC,"Abacavir/Lamivudine/Zidovudine 300/150/300mg [Trizivir], tablets, 60 Tabs",Abacavir/Lamivudine/Zidovudine,Trizivir,300/150/300mg,Tablet - FDC,60,1171,81970,70,1.17,GSK Ware (UK),No,See DN-184 (ID#:12060),See DN-184 (ID#:12060),
12365,112-NG-T01,Pre-PQ Process,SO-563,DN-209,Nigeria,PMO - US,From RDC,N/A - From RDC,N/A,Pre-PQ Process,N/A - From RDC,3-Jul-07,3-Jul-07,3-Jul-07,ARV,Pediatric,SCMS from RDC,"Zidovudine 10mg/ml, oral solution, Bottle, 240 ml",Zidovudine,Generic,10mg/ml,Oral solution,240,278,1098.1,3.95,0.02,"Aurobindo Unit III, India",No,See DN-209 (ID#:11136),See DN-209 (ID#:11136),1.76
12366,111-MZ-T01,Pre-PQ Process,SO-576,DN-148,Mozambique,PMO - US,From RDC,N/A - From RDC,Air,Pre-PQ Process,N/A - From RDC,13-Jun-07,13-Jun-07,13-Jun-07,ARV,Pediatric,SCMS from RDC,"Efavirenz 50mg [Stocrin/Sustiva], capsule, 30 Caps",Efavirenz,Stocrin/Sustiva,50mg,Capsule,30,1844,6306.48,3.42,0.11,"MSD Manati, Puerto Rico, (USA)",No,See DN-148 (ID#:10564),See DN-148 (ID#:10564),
12368,117-ET-T01,Pre-PQ Process,SO-582,DN-157,Ethiopia,PMO - US,From RDC,N/A - From RDC,N/A,Pre-PQ Process,N/A - From RDC,24-May-07,24-May-07,24-May-07,HRDT,HIV test,SCMS from RDC,"HIV 1/2, Uni-Gold HIV Kit, 20 Tests","HIV 1/2, Uni-Gold HIV Kit",Uni-Gold,N/A,Test kit,20,200,6400,32,1.6,"Trinity Biotech, Plc",No,See DN-157 (ID#:11403),See DN-157 (ID#:11403),
12369,104-CI-T01,Pre-PQ Process,SO-617,DN-163,Côte d'Ivoire,PMO - US,From RDC,N/A - From RDC,Air,Pre-PQ Process,N/A - From RDC,15-Jun-07,15-Jun-07,15-Jun-07,ARV,Adult,SCMS from RDC,"Zidovudine 300mg, tablets, 60 Tabs",Zidovudine,Generic,300mg,Tablet,60,4374,37266.48,8.52,0.14,"Aurobindo Unit III, India",Yes,230,1432,
12372,109-TZ-T01,Pre-PQ Process,SO-441,DN-246,Tanzania,PMO - US,From RDC,N/A - From RDC,Air,Pre-PQ Process,N/A - From RDC,13-Aug-07,13-Aug-07,13-Aug-07,ARV,Adult,SCMS from RDC,"Abacavir 300mg, tablets, 60 Tabs",Abacavir,Generic,300mg,Tablet,60,4776,170980.8,35.8,0.6,"Aurobindo Unit III, India",No,See DN-246 (ID#:11138),See DN-246 (ID#:11138),273.57
12373,104-CI-T01,Pre-PQ Process,SO-524,DN-268,Côte d'Ivoire,PMO - US,From RDC,N/A - From RDC,N/A,Pre-PQ Process,N/A - From RDC,14-Aug-07,14-Aug-07,14-Aug-07,ARV,Adult,SCMS from RDC,"Efavirenz 600mg, tablets, 30 Tabs",Efavirenz,Generic,600mg,Tablet,30,5344,86893.44,16.26,0.54,"Aurobindo Unit III, India",No,See DN-268 (ID#:12074),See DN-268 (ID#:12074),139.03
12375,110-ZM-T01,Pre-PQ Process,SO-621,DN-224,Zambia,PMO - US,From RDC,N/A - From RDC,N/A,Pre-PQ Process,N/A - From RDC,9-Jul-07,9-Jul-07,9-Jul-07,ARV,Pediatric,SCMS from RDC,"Abacavir 20mg/ml, oral solution, Bottle, 240 ml",Abacavir,Generic,20mg/ml,Oral solution,240,350,7525,21.5,0.09,"Aurobindo Unit III, India",Yes,124,874.57,12.04
12378,110-ZM-T01,Pre-PQ Process,SO-314,DN-270,Zambia,PMO - US,From RDC,N/A - From RDC,N/A,Pre-PQ Process,N/A - From RDC,7-Aug-07,7-Aug-07,7-Aug-07,ARV,Adult,SCMS from RDC,"Efavirenz 600mg, tablets, 30 Tabs",Efavirenz,Generic,600mg,Tablet,30,48348,786138.48,16.26,0.54,"Aurobindo Unit III, India",No,See DN-270 (ID#:10843),See DN-270 (ID#:10843),1257.82
12379,111-MZ-T01,Pre-PQ Process,SO-502,DN-282,Mozambique,PMO - US,From RDC,N/A - From RDC,Air,Pre-PQ Process,N/A - From RDC,10-Oct-07,10-Oct-07,10-Oct-07,ARV,Pediatric,SCMS from RDC,"Zidovudine 10mg/ml, oral solution, Bottle, 240 ml",Zidovudine,Generic,10mg/ml,Oral solution,240,7750,30612.5,3.95,0.02,"Aurobindo Unit III, India",No,See DN-282 (ID#:11144),See DN-282 (ID#:11144),48.98
12384,109-TZ-T01,Pre-PQ Process,SO-768,DN-239,Tanzania,PMO - US,From RDC,N/A - From RDC,Air,Pre-PQ Process,N/A - From RDC,30-Jul-07,30-Jul-07,30-Jul-07,ARV,Adult,SCMS from RDC,"Nevirapine 200mg, tablets, 60 Tabs",Nevirapine,Generic,200mg,Tablet,60,11807,42150.99,3.57,0.06,"Aurobindo Unit III, India",Yes,1050,3291,67.44
12388,104-CI-T01,Pre-PQ Process,SO-523,DN-260,Côte d'Ivoire,PMO - US,From RDC,N/A - From RDC,N/A,Pre-PQ Process,N/A - From RDC,3-Aug-07,3-Aug-07,3-Aug-07,ARV,Adult,SCMS from RDC,"Lamivudine/Nevirapine/Stavudine 150/200/30mg, tablets, 60 Tabs",Lamivudine/Nevirapine/Stavudine,Generic,150/200/30mg,Tablet - FDC,60,23472,176040,7.5,0.12,"Cipla, Goa, India",No,See DN-260 (ID#:11426),See DN-260 (ID#:11426),281.66
12391,104-CI-T01,Pre-PQ Process,SO-844,DN-315,Côte d'Ivoire,PMO - US,From RDC,N/A - From RDC,N/A,Pre-PQ Process,N/A - From RDC,24-Aug-07,24-Aug-07,24-Aug-07,ARV,Adult,SCMS from RDC,"Lamivudine/Stavudine 150/30mg, tablets, 30 Tabs",Lamivudine/Stavudine,Generic,150/30mg,Tablet - FDC,30,55032,110064,2,0.07,"Cipla, Goa, India",Yes,3673,12438,176.1
12393,109-TZ-T01,Pre-PQ Process,SO-455,DN-290,Tanzania,PMO - US,From RDC,N/A - From RDC,N/A,Pre-PQ Process,N/A - From RDC,10-Sep-07,10-Sep-07,10-Sep-07,ARV,Adult,SCMS from RDC,"Ritonavir 100mg [Norvir], capsules, cool, 4 x 84 Caps",Ritonavir,Norvir,100mg,Capsule,336,157,6022.52,38.36,0.11,ABBVIE (Abbott) Logis. UK,No,See DN-290 (ID#:10859),See DN-290 (ID#:10859),9.64
12395,111-MZ-T01,Pre-PQ Process,SO-298,DN-304,Mozambique,PMO - US,From RDC,N/A - From RDC,Air,Pre-PQ Process,N/A - From RDC,21-Sep-07,21-Sep-07,21-Sep-07,ARV,Pediatric,SCMS from RDC,"Lamivudine 10mg/ml, oral solution, Bottle, 240 ml",Lamivudine,Generic,10mg/ml,Oral solution,240,2744,6695.36,2.44,0.01,"Cipla, Goa, India",No,See DN-304 (ID#:10589),See DN-304 (ID#:10589),10.71
12396,111-MZ-T01,Pre-PQ Process,SO-298,DN-304,Mozambique,PMO - US,From RDC,N/A - From RDC,Air,Pre-PQ Process,N/A - From RDC,21-Sep-07,21-Sep-07,21-Sep-07,ARV,Pediatric,SCMS from RDC,"Zidovudine 10mg/ml, oral solution, Bottle, 240 ml",Zidovudine,Generic,10mg/ml,Oral solution,240,2185,8630.75,3.95,0.02,"Aurobindo Unit III, India",No,See DN-304 (ID#:10589),See DN-304 (ID#:10589),13.81
12397,104-CI-T01,Pre-PQ Process,SO-589,DN-314,Côte d'Ivoire,PMO - US,From RDC,N/A - From RDC,N/A,Pre-PQ Process,N/A - From RDC,24-Aug-07,24-Aug-07,24-Aug-07,ARV,Pediatric,SCMS from RDC,"Efavirenz 50mg [Stocrin/Sustiva], capsule, 30 Caps",Efavirenz,Stocrin/Sustiva,50mg,Capsule,30,738,2560.86,3.47,0.12,"MSD, Haarlem, NL",No,See DN-314 (ID#:11757),See DN-314 (ID#:11757),4.1
12399,111-MZ-T01,Pre-PQ Process,SO-944,DN-310,Mozambique,PMO - US,From RDC,N/A - From RDC,Air,Pre-PQ Process,N/A - From RDC,21-Sep-07,21-Sep-07,21-Sep-07,HRDT,HIV test,SCMS from RDC,"HIV 1/2, Uni-Gold HIV Kit, 20 Tests","HIV 1/2, Uni-Gold HIV Kit",Uni-Gold,N/A,Test kit,20,2500,80000,32,1.6,"Trinity Biotech, Plc",Yes,841,3818.4,128
12400,110-ZM-T01,Pre-PQ Process,SO-908,DN-319,Zambia,PMO - US,From RDC,N/A - From RDC,Air,Pre-PQ Process,N/A - From RDC,29-Aug-07,29-Aug-07,29-Aug-07,ARV,Adult,SCMS from RDC,"Lamivudine 150mg, tablets, 60 Tabs",Lamivudine,Generic,150mg,Tablet,60,30000,91200,3.04,0.05,"Aurobindo Unit III, India",No,See DN-319 (ID#:11765),See DN-319 (ID#:11765),145.92
12404,109-TZ-T01,Pre-PQ Process,SO-1075,DN-360,Tanzania,PMO - US,From RDC,N/A - From RDC,N/A,Pre-PQ Process,N/A - From RDC,11-Oct-07,11-Oct-07,11-Oct-07,ARV,Pediatric,SCMS from RDC,"Efavirenz 200mg [Stocrin/Sustiva], capsule, 90 Caps",Efavirenz,Stocrin/Sustiva,200mg,Capsule,90,1987,64418.54,32.42,0.36,MSD South Granville Australia,Yes,238,2465,103.07
12406,110-ZM-T01,Pre-PQ Process,SO-940,DN-366,Zambia,PMO - US,From RDC,N/A - From RDC,N/A,Pre-PQ Process,N/A - From RDC,27-Sep-07,27-Sep-07,27-Sep-07,ARV,Adult,SCMS from RDC,"Zidovudine 300mg, tablets, 60 Tabs",Zidovudine,Generic,300mg,Tablet,60,12420,101223,8.15,0.14,"Aurobindo Unit III, India",No,See DN-366 (ID#:11161),See DN-366 (ID#:11161),161.96
12407,110-ZM-T01,Pre-PQ Process,SO-1077,DN-367,Zambia,PMO - US,From RDC,N/A - From RDC,N/A,Pre-PQ Process,N/A - From RDC,28-Sep-07,28-Sep-07,28-Sep-07,ARV,Adult,SCMS from RDC,"Lamivudine/Nevirapine/Stavudine 150/200/30mg, tablets, 60 Tabs",Lamivudine/Nevirapine/Stavudine,Generic,150/200/30mg,Tablet - FDC,60,16974,125607.6,7.4,0.12,"Cipla, Goa, India",Yes,1732,7927.55,200.97
12408,110-ZM-T01,Pre-PQ Process,SO-1066,DN-368,Zambia,PMO - US,From RDC,N/A - From RDC,N/A,Pre-PQ Process,N/A - From RDC,2-Oct-07,2-Oct-07,2-Oct-07,ARV,Pediatric,SCMS from RDC,"Efavirenz 200mg, capsule, 90 Caps",Efavirenz,Generic,200mg,Capsule,90,604,9664,16,0.18,"Aurobindo Unit III, India",Yes,72,723.59,15.46
12411,104-CI-T01,Pre-PQ Process,SO-963,DN-323,Côte d'Ivoire,PMO - US,From RDC,N/A - From RDC,N/A,Pre-PQ Process,N/A - From RDC,14-Sep-07,14-Sep-07,14-Sep-07,ARV,Pediatric,SCMS from RDC,"Didanosine 100mg, chewable/dispersible tablets, 60 Tabs",Didanosine,Generic,100mg,Chewable/dispersible tablet,60,1696,13144,7.75,0.13,"Aurobindo Unit III, India",No,See DN-323 (ID#:10588),See DN-323 (ID#:10588),21.03
12413,113-ZW-T01,Pre-PQ Process,SO-891,DN-382,Zimbabwe,PMO - US,From RDC,N/A - From RDC,Truck,Pre-PQ Process,N/A - From RDC,5-Oct-07,5-Oct-07,5-Oct-07,HRDT,HIV test,SCMS from RDC,"HIV 1/2, Bioline 3.0 Kit, Lancets, Capillary pipets, Alcohol swabs included, 25 Tests","HIV 1/2, Bioline 3.0 Kit, Lancets, Capillary pipets, Alcohol swabs included",Bioline,N/A,Test kit,25,2492,49840,20,0.8,"Standard Diagnostics, Korea",Yes,738,3085.84,79.74
12416,104-CI-T01,Pre-PQ Process,SO-964,DN-379,Côte d'Ivoire,PMO - US,From RDC,N/A - From RDC,Air,Pre-PQ Process,N/A - From RDC,15-Oct-07,15-Oct-07,15-Oct-07,ARV,Adult,SCMS from RDC,"Zidovudine 300mg, tablets, 60 Tabs",Zidovudine,Generic,300mg,Tablet,60,5794,47221.1,8.15,0.14,"Ranbaxy, Paonta Shahib, India",No,See DN-379 (ID#:10890),See DN-379 (ID#:10890),75.55
12418,110-ZM-T01,Pre-PQ Process,SO-909,DN-400,Zambia,PMO - US,From RDC,N/A - From RDC,N/A,Pre-PQ Process,N/A - From RDC,2-Nov-07,2-Nov-07,2-Nov-07,ARV,Adult,SCMS from RDC,"Stavudine 20mg, capsules, 60 Caps",Stavudine,Generic,20mg,Capsule,60,1381,2416.75,1.75,0.03,"Aurobindo Unit III, India",Yes,232,1320.08,3.87
12421,110-ZM-T01,Pre-PQ Process,SO-572,DN-388,Zambia,PMO - US,From RDC,N/A - From RDC,N/A,Pre-PQ Process,N/A - From RDC,9-Nov-07,9-Nov-07,9-Nov-07,ARV,Adult,SCMS from RDC,"Efavirenz 600mg, tablets, 30 Tabs",Efavirenz,Generic,600mg,Tablet,30,11254,182990.04,16.26,0.54,"Aurobindo Unit III, India",No,See DN-388 (ID#:11188),See DN-388 (ID#:11188),292.78
12424,112-NG-T01,Pre-PQ Process,SO-1221,DN-409,Nigeria,PMO - US,From RDC,N/A - From RDC,Air,Pre-PQ Process,N/A - From RDC,16-Nov-07,16-Nov-07,16-Nov-07,ARV,Adult,SCMS from RDC,"Efavirenz 600mg, tablets, 30 Tabs",Efavirenz,Generic,600mg,Tablet,30,1200,14904,12.42,0.41,"Aurobindo Unit III, India",No,See DN-409 (ID#:10903),See DN-409 (ID#:10903),23.85
12425,111-MZ-T01,Pre-PQ Process,SO-1064,DN-415,Mozambique,PMO - US,From RDC,N/A - From RDC,Air,Pre-PQ Process,N/A - From RDC,30-Nov-07,30-Nov-07,30-Nov-07,HRDT,HIV test,SCMS from RDC,"HIV 1/2, Uni-Gold HIV Kit, 20 Tests","HIV 1/2, Uni-Gold HIV Kit",Uni-Gold,N/A,Test kit,20,5000,160000,32,1.6,"Trinity Biotech, Plc",No,See DN-415 (ID#:12120),See DN-415 (ID#:12120),256
12426,112-NG-T01,Pre-PQ Process,SO-1109,DN-422,Nigeria,PMO - US,From RDC,N/A - From RDC,Air,Pre-PQ Process,N/A - From RDC,9-Nov-07,9-Nov-07,9-Nov-07,ARV,Adult,SCMS from RDC,"Lamivudine/Nevirapine/Stavudine 150/200/30mg, tablets, 60 Tabs",Lamivudine/Nevirapine/Stavudine,Generic,150/200/30mg,Tablet - FDC,60,1246,9345,7.5,0.12,"Cipla, Goa, India",No,See DN-422 (ID#:10634),See DN-422 (ID#:10634),14.95
12428,104-CI-T01,Pre-PQ Process,SO-1245,DN-423,Côte d'Ivoire,PMO - US,From RDC,N/A - From RDC,Air,Pre-PQ Process,N/A - From RDC,13-Nov-07,13-Nov-07,13-Nov-07,ARV,Adult,SCMS from RDC,"Saquinavir 200mg [Invirase], capsules, 270 Caps",Saquinavir,Invirase,200mg,Capsule,270,23,1808.72,78.64,0.29,Roche Basel,No,See DN-423 (ID#:11194),See DN-423 (ID#:11194),2.89
12429,110-ZM-T01,Pre-PQ Process,SO-1653,DN-608,Zambia,PMO - US,From RDC,N/A - From RDC,Air,Pre-PQ Process,N/A - From RDC,10-Apr-08,10-Apr-08,10-Apr-08,ARV,Adult,SCMS from RDC,"Efavirenz 600mg, tablets, 30 Tabs",Efavirenz,Generic,600mg,Tablet,30,25338,314697.96,12.42,0.41,Mylan (formerly Matrix) Nashik,Yes,1974,7836.6,503.52
12431,111-MZ-T01,Pre-PQ Process,SO-1039,DN-603,Mozambique,PMO - US,From RDC,N/A - From RDC,Air,Pre-PQ Process,N/A - From RDC,8-Apr-08,8-Apr-08,8-Apr-08,ARV,Adult,SCMS from RDC,"Lamivudine/Zidovudine 150/300mg, tablets, 60 Tabs",Lamivudine/Zidovudine,Generic,150/300mg,Tablet - FDC,60,7128,67716,9.5,0.16,"Cipla, Goa, India",No,See DN-603 (ID#:11197),See DN-603 (ID#:11197),108.35
12432,104-CI-T01,Pre-PQ Process,SO-1101,DN-434,Côte d'Ivoire,PMO - US,From RDC,N/A - From RDC,Air,Pre-PQ Process,N/A - From RDC,22-Nov-07,22-Nov-07,22-Nov-07,ARV,Pediatric,SCMS from RDC,"Didanosine 200mg, chewable/dispersible tablets, 60 Tabs",Didanosine,Generic,200mg,Chewable/dispersible tablet,60,7744,297059.84,38.36,0.64,"Aurobindo Unit III, India",No,See DN-434 (ID#:11483),See DN-434 (ID#:11483),475.3
12433,104-CI-T01,Pre-PQ Process,SO-1101,DN-434,Côte d'Ivoire,PMO - US,From RDC,N/A - From RDC,Air,Pre-PQ Process,N/A - From RDC,22-Nov-07,22-Nov-07,22-Nov-07,ARV,Adult,SCMS from RDC,"Efavirenz 600mg, tablets, 30 Tabs",Efavirenz,Generic,600mg,Tablet,30,34020,422528.4,12.42,0.41,"Strides, Bangalore, India.",No,See DN-434 (ID#:11483),See DN-434 (ID#:11483),676.05
12434,117-ET-T01,Pre-PQ Process,SO-919,DN-389,Ethiopia,PMO - US,From RDC,N/A - From RDC,N/A,Pre-PQ Process,N/A - From RDC,31-Oct-07,31-Oct-07,31-Oct-07,ARV,Adult,SCMS from RDC,"Lamivudine 150mg, tablets, 60 Tabs",Lamivudine,Generic,150mg,Tablet,60,3145,9560.8,3.04,0.05,"Aurobindo Unit III, India",Yes,162,810.86,15.3
12435,114-UG-T01,Pre-PQ Process,SO-1300,DN-435,Uganda,PMO - US,From RDC,N/A - From RDC,Air,Pre-PQ Process,N/A - From RDC,10-Dec-07,10-Dec-07,10-Dec-07,ARV,Adult,SCMS from RDC,"Zidovudine 300mg, tablets, 60 Tabs",Zidovudine,Generic,300mg,Tablet,60,140,1141,8.15,0.14,"Aurobindo Unit III, India",No,See DN-435 (ID#:10908),See DN-435 (ID#:10908),1.83
12438,104-CI-T01,Pre-PQ Process,SO-1308,DN-448,Côte d'Ivoire,PMO - US,From RDC,N/A - From RDC,Air,Pre-PQ Process,N/A - From RDC,18-Dec-07,18-Dec-07,18-Dec-07,ARV,Adult,SCMS from RDC,"Stavudine 30mg, capsules, 60 Caps",Stavudine,Generic,30mg,Capsule,60,6200,10850,1.75,0.03,"Aurobindo Unit III, India",Yes,354,4147.9,17.36
12439,110-ZM-T01,Pre-PQ Process,SO-1031,DN-454,Zambia,PMO - US,From RDC,N/A - From RDC,Air,Pre-PQ Process,N/A - From RDC,6-Dec-07,6-Dec-07,6-Dec-07,ARV,Adult,SCMS from RDC,"Lopinavir/Ritonavir 200/50mg [Aluvia], tablets, 120 Tabs",Lopinavir/Ritonavir,Aluvia,200/50mg,Tablet,120,12240,503064,41.1,0.34,ABBVIE (Abbott) Logis. UK,Yes,2662,9736.5,804.9
12441,110-ZM-T01,Pre-PQ Process,SO-628,DN-493,Zambia,PMO - US,From RDC,N/A - From RDC,N/A,Pre-PQ Process,N/A - From RDC,28-Dec-07,28-Dec-07,28-Dec-07,ARV,Pediatric,SCMS from RDC,"Lopinavir/Ritonavir 80/20mg/ml [Kaletra], oral solution, cool, Bottle 5 x 60 ml",Lopinavir/Ritonavir,Kaletra,80/20mg/ml,Oral solution,300,746,30660.6,41.1,0.14,ABBVIE (Abbott) Logis. UK,Yes,88,1566.21,49.06
12443,106-HT-T01,Pre-PQ Process,SO-1289,DN-498,Haiti,PMO - US,From RDC,N/A - From RDC,Air,Pre-PQ Process,N/A - From RDC,31-Dec-07,31-Dec-07,31-Dec-07,ARV,Adult,SCMS from RDC,"Nevirapine 200mg, tablets, 60 Tabs",Nevirapine,Generic,200mg,Tablet,60,42000,142800,3.4,0.06,"Aurobindo Unit III, India",Yes,3957,32483.5,228.48
12446,110-ZM-T01,Pre-PQ Process,SO-1316,DN-506,Zambia,PMO - US,From RDC,N/A - From RDC,Truck,Pre-PQ Process,N/A - From RDC,19-Dec-07,19-Dec-07,19-Dec-07,ARV,Adult,SCMS from RDC,"Nevirapine 200mg, tablets, 60 Tabs",Nevirapine,Generic,200mg,Tablet,60,77724,264261.6,3.4,0.06,"Cipla, Goa, India",Yes,8554,24405,422.82
12447,117-ET-T01,Pre-PQ Process,SO-1530,DN-537,Ethiopia,PMO - US,From RDC,N/A - From RDC,Air,Pre-PQ Process,N/A - From RDC,20-Dec-07,25-Dec-07,25-Dec-07,ARV,Adult,SCMS from RDC,"Nevirapine 200mg, tablets, 60 Tabs",Nevirapine,Generic,200mg,Tablet,60,12745,43333,3.4,0.06,"Aurobindo Unit III, India",Yes,1197,8332,69.33
12451,112-NG-T01,Pre-PQ Process,SO-1430,DN-567,Nigeria,PMO - US,From RDC,N/A - From RDC,Air,Pre-PQ Process,N/A - From RDC,16-Jan-08,24-Jan-08,24-Jan-08,ARV,Adult,SCMS from RDC,"Lamivudine/Nevirapine/Zidovudine 150/200/300mg, tablets, 60 Tabs",Lamivudine/Nevirapine/Zidovudine,Generic,150/300/200mg,Tablet - FDC,60,4836,99138,20.5,0.34,"Aurobindo Unit III, India",Yes,531,3228,158.62
12452,104-CI-T01,Pre-PQ Process,SO-1657,DN-568,Côte d'Ivoire,PMO - US,From RDC,N/A - From RDC,Air,Pre-PQ Process,N/A - From RDC,25-Jan-08,25-Jan-08,25-Jan-08,ARV,Adult,SCMS from RDC,"Lopinavir/Ritonavir 200/50mg [Aluvia], tablets, 120 Tabs",Lopinavir/Ritonavir,Aluvia,200/50mg,Tablet,120,2121,87173.1,41.1,0.34,ABBVIE Ludwigshafen Germany,Yes,465,2206,139.48
12453,117-ET-T01,Pre-PQ Process,SO-1522,DN-519,Ethiopia,PMO - US,From RDC,N/A - From RDC,Air,Pre-PQ Process,N/A - From RDC,31-Jan-08,31-Jan-08,31-Jan-08,ARV,Adult,SCMS from RDC,"Efavirenz 600mg, tablets, 30 Tabs",Efavirenz,Generic,600mg,Tablet,30,67624,839890.08,12.42,0.41,"Aurobindo Unit III, India",Yes,5840,20222.4,1343.82
12454,111-MZ-T01,Pre-PQ Process,SO-1039,DN-601,Mozambique,PMO - US,From RDC,N/A - From RDC,Air,Pre-PQ Process,N/A - From RDC,8-Apr-08,5-Apr-08,5-Apr-08,ARV,Adult,SCMS from RDC,"Lamivudine/Nevirapine/Zidovudine 150/200/300mg, tablets, 60 Tabs",Lamivudine/Nevirapine/Zidovudine,Generic,150/300/200mg,Tablet - FDC,60,42700,576450,13.5,0.22,"Aurobindo Unit III, India",No,See DN-601 (ID#:10651),See DN-601 (ID#:10651),922.32
12455,107-RW-T01,Pre-PQ Process,SO-1534,DN-590,Rwanda,PMO - US,From RDC,N/A - From RDC,Air,Pre-PQ Process,N/A - From RDC,29-Feb-08,29-Feb-08,29-Feb-08,ARV,Pediatric,SCMS from RDC,"Lamivudine 10mg/ml, oral solution, Bottle, 240 ml",Lamivudine,Generic,10mg/ml,Oral solution,240,2000,3940,1.97,0.01,"Aurobindo Unit III, India",No,See DN-590 (ID#:11517),See DN-590 (ID#:11517),6.3
12456,110-ZM-T01,Pre-PQ Process,SO-1315,DN-508,Zambia,PMO - US,From RDC,N/A - From RDC,N/A,Pre-PQ Process,N/A - From RDC,28-Dec-07,28-Dec-07,28-Dec-07,ARV,Adult,SCMS from RDC,"Nevirapine 200mg, tablets, 60 Tabs",Nevirapine,Generic,200mg,Tablet,60,58680,199512,3.4,0.06,"Aurobindo Unit III, India",Yes,5557,15245.25,319.22
12459,110-ZM-T01,Pre-PQ Process,SO-1035,DN-555,Zambia,PMO - US,From RDC,N/A - From RDC,N/A,Pre-PQ Process,N/A - From RDC,25-Jan-08,25-Jan-08,25-Jan-08,ARV,Adult,SCMS from RDC,"Efavirenz 600mg, tablets, 30 Tabs",Efavirenz,Generic,600mg,Tablet,30,14465,179655.3,12.42,0.41,Mylan (formerly Matrix) Nashik,Yes,1135,4428.75,287.45
12460,104-CI-T01,Pre-PQ Process,SO-1104,DN-569,Côte d'Ivoire,PMO - US,From RDC,N/A - From RDC,Air,Pre-PQ Process,N/A - From RDC,29-Jan-08,29-Jan-08,29-Jan-08,ARV,Pediatric,SCMS from RDC,"Lamivudine 10mg/ml, oral solution, Bottle, 240 ml",Lamivudine,Generic,10mg/ml,Oral solution,240,15000,29550,1.97,0.01,"Aurobindo Unit III, India",No,See DN-569 (ID#:11224),See DN-569 (ID#:11224),47.28
12461,107-RW-T01,Pre-PQ Process,SO-1222,DN-571,Rwanda,PMO - US,From RDC,N/A - From RDC,Air,Pre-PQ Process,N/A - From RDC,28-Jan-08,28-Jan-08,28-Jan-08,HRDT,HIV test,SCMS from RDC,"HIV 1/2, Determine HIV Kit, without Lancets, 100 Tests","HIV 1/2, Determine HIV Kit, without Lancets",Determine,N/A,Test kit,100,2093,150675.07,71.99,0.72,Inverness Japan,No,See DN-571 (ID#:10660),See DN-571 (ID#:10660),241.08
12462,107-RW-T01,Pre-PQ Process,SO-1223,DN-572,Rwanda,PMO - US,From RDC,N/A - From RDC,Air,Pre-PQ Process,N/A - From RDC,28-Jan-08,28-Jan-08,28-Jan-08,HRDT,HIV test - Ancillary,SCMS from RDC,"HIV, Lancet, Safety, for HIV Test kits, 100 Pcs","HIV, Lancet, Safety, for HIV Test kits, 100 Pcs",Generic,N/A,Test kit - Ancillary,100,1250,12.5,0.01,0,Inverness Japan,No,See DN-572 (ID#:11840),See DN-572 (ID#:11840),0.02
12464,106-HT-T01,Pre-PQ Process,SO-1288,DN-445,Haiti,PMO - US,From RDC,N/A - From RDC,Air,Pre-PQ Process,N/A - From RDC,22-Jan-08,22-Jan-08,22-Jan-08,ARV,Adult,SCMS from RDC,"Stavudine 20mg, capsules, 60 Caps",Stavudine,Generic,20mg,Capsule,60,100,175,1.75,0.03,"Aurobindo Unit III, India",No,See DN-445 (ID#:10640),See DN-445 (ID#:10640),0.28
12465,112-NG-T01,Pre-PQ Process,SO-1430,DN-551,Nigeria,PMO - US,From RDC,N/A - From RDC,Air,Pre-PQ Process,N/A - From RDC,16-Jan-08,16-Jan-08,16-Jan-08,ARV,Pediatric,SCMS from RDC,"Lamivudine 10mg/ml, oral solution, Bottle, 240 ml",Lamivudine,Generic,10mg/ml,Oral solution,240,4,10.36,2.59,0.01,"Aurobindo Unit III, India",No,See DN-551 (ID#:11523),See DN-551 (ID#:11523),0.02
12470,117-ET-T01,Pre-PQ Process,SO-1529,DN-524,Ethiopia,PMO - US,From RDC,N/A - From RDC,Air,Pre-PQ Process,N/A - From RDC,4-Feb-08,4-Feb-08,4-Feb-08,ARV,Pediatric,SCMS from RDC,"Zidovudine 10mg/ml, oral solution, Bottle, 240 ml",Zidovudine,Generic,10mg/ml,Oral solution,240,3326,7150.9,2.15,0.01,"Aurobindo Unit III, India",Yes,1225,4485.25,11.44
12471,104-CI-T01,Pre-PQ Process,SO-1284,DN-610,Côte d'Ivoire,PMO - US,From RDC,N/A - From RDC,Air,Pre-PQ Process,N/A - From RDC,5-Feb-08,19-Feb-08,19-Feb-08,ARV,Adult,SCMS from RDC,"Lamivudine/Nevirapine/Stavudine 150/200/30mg, tablets, 60 Tabs",Lamivudine/Nevirapine/Stavudine,Generic,150/200/30mg,Tablet - FDC,60,35600,263440,7.4,0.12,"Cipla, Goa, India",Yes,3731,6778.91,421.5
12472,104-CI-T01,Pre-PQ Process,SO-1663,DN-611,Côte d'Ivoire,PMO - US,From RDC,N/A - From RDC,Air,Pre-PQ Process,N/A - From RDC,6-Mar-08,19-Feb-08,19-Feb-08,ARV,Adult,SCMS from RDC,"Lamivudine/Zidovudine 150/300mg, tablets, 60 Tabs",Lamivudine/Zidovudine,Generic,150/300mg,Tablet - FDC,60,371,3524.5,9.5,0.16,"Aurobindo Unit III, India",Yes,4689,8321.29,5.64
12473,113-ZW-T01,Pre-PQ Process,SO-1874,DN-803,Zimbabwe,PMO - US,From RDC,N/A - From RDC,Air,Pre-PQ Process,N/A - From RDC,1-Jul-08,1-Jul-08,1-Jul-08,HRDT,HIV test,SCMS from RDC,"HIV 1/2, Bioline 3.0 Kit, Lancets, Capillary pipets, Alcohol swabs included, 25 Tests","HIV 1/2, Bioline 3.0 Kit, Lancets, Capillary pipets, Alcohol swabs included",Bioline,N/A,Test kit,25,9700,194000,20,0.8,"Standard Diagnostics, Korea",Yes,2907,12781.58,310.4
12475,106-HT-T01,Pre-PQ Process,SO-2071,DN-693,Haiti,PMO - US,From RDC,N/A - From RDC,Air,Pre-PQ Process,N/A - From RDC,11-Apr-08,11-Apr-08,11-Apr-08,ARV,Pediatric,SCMS from RDC,"Efavirenz 30mg/ml [Stocrin/Sustiva], oral solution, Bottle, 180 ml",Efavirenz,Stocrin/Sustiva,30mg/ml,Oral solution,180,70,1187.2,16.96,0.09,"MSD, Haarlem, NL",Yes,30,933.09,1.9
12476,106-HT-T01,Pre-PQ Process,SO-2071,DN-693,Haiti,PMO - US,From RDC,N/A - From RDC,Air,Pre-PQ Process,N/A - From RDC,11-Apr-08,11-Apr-08,11-Apr-08,ARV,Pediatric,SCMS from RDC,"Efavirenz 30mg/ml [Stocrin/Sustiva], oral solution, Bottle, 180 ml",Efavirenz,Stocrin/Sustiva,30mg/ml,Oral solution,180,31,525.76,16.96,0.09,"MSD, Haarlem, NL",No,See DN-693 (ID#:12475),See DN-693 (ID#:12475),0.84
12477,112-NG-T01,Pre-PQ Process,SO-2351,DN-717,Nigeria,PMO - US,From RDC,N/A - From RDC,Air,Pre-PQ Process,N/A - From RDC,18-Apr-08,18-Apr-08,18-Apr-08,ARV,Adult,SCMS from RDC,"Stavudine 30mg, capsules, 60 Caps",Stavudine,Generic,30mg,Capsule,60,1521,2311.92,1.52,0.03,"Aurobindo Unit III, India",No,See DN-717 (ID#:11858),See DN-717 (ID#:11858),3.7
12478,112-NG-T01,Pre-PQ Process,SO-2351,DN-717,Nigeria,PMO - US,From RDC,N/A - From RDC,Air,Pre-PQ Process,N/A - From RDC,18-Apr-08,18-Apr-08,18-Apr-08,ARV,Adult,SCMS from RDC,"Stavudine 30mg, capsules, 60 Caps",Stavudine,Generic,30mg,Capsule,60,420,638.4,1.52,0.03,"Aurobindo Unit III, India",No,See DN-717 (ID#:11858),See DN-717 (ID#:11858),1.02
12479,112-NG-T01,Pre-PQ Process,SO-2351,DN-717,Nigeria,PMO - US,From RDC,N/A - From RDC,Air,Pre-PQ Process,N/A - From RDC,18-Apr-08,18-Apr-08,18-Apr-08,ARV,Adult,SCMS from RDC,"Efavirenz 600mg, tablets, 30 Tabs",Efavirenz,Generic,600mg,Tablet,30,3077,36954.77,12.01,0.4,"Aurobindo Unit III, India",No,See DN-717 (ID#:11858),See DN-717 (ID#:11858),59.13
12480,112-NG-T01,Pre-PQ Process,SO-2351,DN-717,Nigeria,PMO - US,From RDC,N/A - From RDC,Air,Pre-PQ Process,N/A - From RDC,18-Apr-08,18-Apr-08,18-Apr-08,ARV,Adult,SCMS from RDC,"Abacavir 300mg, tablets, 60 Tabs",Abacavir,Generic,300mg,Tablet,60,15,412.95,27.53,0.46,Mylan (formerly Matrix) Nashik,No,See DN-717 (ID#:11858),See DN-717 (ID#:11858),0.66
12481,109-TZ-T01,Pre-PQ Process,SO-2560,DN-826,Tanzania,PMO - US,From RDC,N/A - From RDC,Air,Pre-PQ Process,N/A - From RDC,29-Jul-08,29-Jul-08,29-Jul-08,ARV,Adult,SCMS from RDC,"Lamivudine/Zidovudine 150/300mg, tablets, 60 Tabs",Lamivudine/Zidovudine,Generic,150/300mg,Tablet - FDC,60,122590,1158475.5,9.45,0.16,"Aurobindo Unit III, India",No,See DN-826 (ID#:10674),See DN-826 (ID#:10674),1853.56
12482,113-ZW-T01,Pre-PQ Process,SO-2790,DN-798,Zimbabwe,PMO - US,From RDC,N/A - From RDC,Truck,Pre-PQ Process,N/A - From RDC,30-Jul-08,30-Jul-08,30-Jul-08,ARV,Adult,SCMS from RDC,"Lamivudine/Nevirapine/Stavudine 150/200/30mg, tablets, 60 Tabs",Lamivudine/Nevirapine/Stavudine,Generic,150/200/30mg,Tablet - FDC,60,9732,72016.8,7.4,0.12,"Cipla, Goa, India",Yes,911,2705.71,115.23
12483,106-HT-T01,Pre-PQ Process,SO-1916,DN-658,Haiti,PMO - US,From RDC,N/A - From RDC,Air,Pre-PQ Process,N/A - From RDC,19-Mar-08,19-Mar-08,19-Mar-08,HRDT,HIV test,SCMS from RDC,"HIV 1/2, Determine HIV Kit, without Lancets, 100 Tests","HIV 1/2, Determine HIV Kit, without Lancets",Determine,N/A,Test kit,100,345,23115,67,0.67,Inverness Japan,Yes,60,1328.2,36.98
12484,109-TZ-T01,Pre-PQ Process,SO-2556,DN-748,Tanzania,PMO - US,From RDC,N/A - From RDC,Truck,Pre-PQ Process,N/A - From RDC,30-Jun-08,30-Jun-08,30-Jun-08,ARV,Adult,SCMS from RDC,"Efavirenz 600mg, tablets, 30 Tabs",Efavirenz,Generic,600mg,Tablet,30,75000,900750,12.01,0.4,"Aurobindo Unit III, India",Yes,15566,9330,1441.2
12485,110-ZM-T01,Pre-PQ Process,SO-1992,DN-689,Zambia,PMO - US,From RDC,N/A - From RDC,Air,Pre-PQ Process,N/A - From RDC,3-Apr-08,3-Apr-08,3-Apr-08,ARV,Adult,SCMS from RDC,"Lamivudine/Zidovudine 150/300mg, tablets, 60 Tabs",Lamivudine/Zidovudine,Generic,150/300mg,Tablet - FDC,60,6597,62671.5,9.5,0.16,"Aurobindo Unit III, India",Yes,617,2891.6,100.27
12486,109-TZ-T01,Pre-PQ Process,SO-2559,DN-791,Tanzania,PMO - US,From RDC,N/A - From RDC,Air,Pre-PQ Process,N/A - From RDC,16-Sep-08,16-Sep-08,16-Sep-08,ARV,Adult,SCMS from RDC,"Lamivudine/Nevirapine/Stavudine 150/200/30mg, tablets, 60 Tabs",Lamivudine/Nevirapine/Stavudine,Generic,150/200/30mg,Tablet - FDC,60,155319,1149360.6,7.4,0.12,"Cipla, Goa, India",Yes,28334,80239.66,1838.98
12487,112-NG-T01,Pre-PQ Process,SO-1571,DN-620,Nigeria,PMO - US,From RDC,N/A - From RDC,Air,Pre-PQ Process,N/A - From RDC,14-Feb-08,14-Feb-08,14-Feb-08,ARV,Adult,SCMS from RDC,"Lamivudine/Nevirapine/Zidovudine 150/200/300mg, tablets, 60 Tabs",Lamivudine/Nevirapine/Zidovudine,Generic,150/300/200mg,Tablet - FDC,60,8940,120690,13.5,0.22,"Cipla, Goa, India",No,See DN-620 (ID#:12168),See DN-620 (ID#:12168),193.1
12488,111-MZ-T01,Pre-PQ Process,SO-2015,DN-665,Mozambique,PMO - US,From RDC,N/A - From RDC,Air,Pre-PQ Process,N/A - From RDC,5-Jun-08,5-Jun-08,5-Jun-08,ARV,Adult,SCMS from RDC,"Efavirenz 600mg, tablets, 30 Tabs",Efavirenz,Generic,600mg,Tablet,30,33787,419634.54,12.42,0.41,"Aurobindo Unit III, India",Yes,6081,3316.9,671.42
12490,106-HT-T01,Pre-PQ Process,SO-2053,DN-744,Haiti,PMO - US,From RDC,N/A - From RDC,Air,Pre-PQ Process,N/A - From RDC,2-Jun-08,2-Jun-08,2-Jun-08,ARV,Adult,SCMS from RDC,"Stavudine 20mg, capsules, 60 Caps",Stavudine,Generic,20mg,Capsule,60,39,68.25,1.75,0.03,"Aurobindo Unit III, India",No,See DN-744 (ID#:10684),See DN-744 (ID#:10684),0.11
12492,110-ZM-T01,Pre-PQ Process,SO-1806,DN-625,Zambia,PMO - US,From RDC,N/A - From RDC,N/A,Pre-PQ Process,N/A - From RDC,28-Mar-08,28-Mar-08,28-Mar-08,ARV,Adult,SCMS from RDC,"Nevirapine 200mg, tablets, 60 Tabs",Nevirapine,Generic,200mg,Tablet,60,40000,136000,3.4,0.06,Hetero Unit III Hyderabad IN,No,See DN-625 (ID#:10956),See DN-625 (ID#:10956),217.6
12493,114-UG-T01,Pre-PQ Process,SO-2341,DN-714,Uganda,PMO - US,From RDC,N/A - From RDC,Air,Pre-PQ Process,N/A - From RDC,19-May-08,19-May-08,19-May-08,ARV,Adult,SCMS from RDC,"Lamivudine/Zidovudine 150/300mg, tablets, 60 Tabs",Lamivudine/Zidovudine,Generic,150/300mg,Tablet - FDC,60,800,7560,9.45,0.16,"Aurobindo Unit III, India",Yes,75,935.8,12.1
12495,109-TZ-T01,Pre-PQ Process,SO-2558,DN-764,Tanzania,PMO - US,From RDC,N/A - From RDC,Truck,Pre-PQ Process,N/A - From RDC,30-Jun-08,30-Jun-08,30-Jun-08,ARV,Adult,SCMS from RDC,"Lamivudine/Zidovudine 150/300mg, tablets, 60 Tabs",Lamivudine/Zidovudine,Generic,150/300mg,Tablet - FDC,60,112191,1060204.95,9.45,0.16,"Aurobindo Unit III, India",Yes,10453,8831.92,1696.33
12496,123-NG-T01,Pre-PQ Process,SO-2553,DN-836,Nigeria,PMO - US,From RDC,N/A - From RDC,Air,Pre-PQ Process,N/A - From RDC,31-Jul-08,31-Jul-08,31-Jul-08,ARV,Pediatric,SCMS from RDC,"Efavirenz 200mg, capsule, 90 Caps",Efavirenz,Generic,200mg,Capsule,90,1132,18112,16,0.18,"Aurobindo Unit III, India",No,See DN-836 (ID#:11244),See DN-836 (ID#:11244),28.98
12497,104-CI-T01,Pre-PQ Process,SO-2043,DN-684,Côte d'Ivoire,PMO - US,From RDC,N/A - From RDC,Air,Pre-PQ Process,N/A - From RDC,8-Apr-08,8-Apr-08,8-Apr-08,ARV,Pediatric,SCMS from RDC,"Stavudine 1mg/ml, powder for oral solution, 200 ml",Stavudine,Generic,1mg/ml,Oral solution,200,1971,2759.4,1.4,0.01,"Aurobindo Unit III, India",No,See DN-684 (ID#:11884),See DN-684 (ID#:11884),4.42
12498,117-ET-T01,Pre-PQ Process,SO-2358,DN-720,Ethiopia,PMO - US,From RDC,N/A - From RDC,Air,Pre-PQ Process,N/A - From RDC,21-Apr-08,21-Apr-08,21-Apr-08,ARV,Pediatric,SCMS from RDC,"Stavudine 1mg/ml, powder for oral solution, 200 ml",Stavudine,Generic,1mg/ml,Oral solution,200,3000,4200,1.4,0.01,"Aurobindo Unit III, India",Yes,342,1850.7,6.72
12499,102-KE-T01,Pre-PQ Process,SO-1975,DN-675,Kenya,PMO - US,From RDC,N/A - From RDC,Truck,Pre-PQ Process,N/A - From RDC,5-Mar-08,5-Mar-08,5-Mar-08,HRDT,HIV test - Ancillary,SCMS from RDC,"HIV, Lancet, Safety, for HIV Test kits, 100 Pcs","HIV, Lancet, Safety, for HIV Test kits, 100 Pcs",Generic,N/A,Test kit - Ancillary,100,1550,15.5,0.01,0,Inverness Japan,No,See DN-675 (ID#:11247),See DN-675 (ID#:11247),0.02
12500,106-HT-T01,Pre-PQ Process,SO-2042,DN-682,Haiti,PMO - US,From RDC,N/A - From RDC,Air,Pre-PQ Process,N/A - From RDC,21-Mar-08,21-Mar-08,21-Mar-08,ARV,Adult,SCMS from RDC,"Stavudine 30mg, capsules, 60 Caps",Stavudine,Generic,30mg,Capsule,60,7770,11810.4,1.52,0.03,"Aurobindo Unit III, India",No,See DN-682 (ID#:10963),See DN-682 (ID#:10963),18.9
12501,104-CI-T01,Pre-PQ Process,SO-791,DN-641,Côte d'Ivoire,PMO - US,From RDC,N/A - From RDC,N/A,Pre-PQ Process,N/A - From RDC,3-Mar-08,3-Mar-08,3-Mar-08,HRDT,HIV test,SCMS from RDC,"HIV 1/2, Determine HIV Kit, without Lancets, 100 Tests","HIV 1/2, Determine HIV Kit, without Lancets",Determine,N/A,Test kit,100,1505,108344.95,71.99,0.72,Inverness Japan,No,See DN-641 (ID#:10695),See DN-641 (ID#:10695),173.35
12502,109-TZ-T01,Pre-PQ Process,SO-1652,DN-637,Tanzania,PMO - US,From RDC,N/A - From RDC,Air,Pre-PQ Process,N/A - From RDC,28-Mar-08,28-Mar-08,28-Mar-08,ARV,Adult,SCMS from RDC,"Lamivudine/Zidovudine 150/300mg, tablets, 60 Tabs",Lamivudine/Zidovudine,Generic,150/300mg,Tablet - FDC,60,48610,461795,9.5,0.16,"Aurobindo Unit III, India",No,See DN-637 (ID#:12195),See DN-637 (ID#:12195),738.87
12503,106-HT-T01,Pre-PQ Process,SO-2069,DN-704,Haiti,PMO - US,From RDC,N/A - From RDC,Air,Pre-PQ Process,N/A - From RDC,21-Apr-08,21-Apr-08,21-Apr-08,ARV,Adult,SCMS from RDC,"Zidovudine 300mg, tablets, 60 Tabs",Zidovudine,Generic,300mg,Tablet,60,3115,25387.25,8.15,0.14,"Aurobindo Unit III, India",Yes,178,2599,40.62
12504,109-TZ-T01,Pre-PQ Process,SO-2001,DN-757,Tanzania,PMO - US,From RDC,N/A - From RDC,Air,Pre-PQ Process,N/A - From RDC,30-Jun-08,30-Jun-08,30-Jun-08,ARV,Adult,SCMS from RDC,"Lamivudine/Zidovudine 150/300mg, tablets, 60 Tabs",Lamivudine/Zidovudine,Generic,150/300mg,Tablet - FDC,60,6722,63859,9.5,0.16,"Aurobindo Unit III, India",Yes,634,1108.08,102.17
12505,110-ZM-T01,Pre-PQ Process,SO-1894,DN-808,Zambia,PMO - US,From RDC,N/A - From RDC,Truck,Pre-PQ Process,N/A - From RDC,23-Jul-08,23-Jul-08,23-Jul-08,ARV,Adult,SCMS from RDC,"Efavirenz 600mg, tablets, 30 Tabs",Efavirenz,Generic,600mg,Tablet,30,55000,660550,12.01,0.4,Mylan (formerly Matrix) Nashik,Yes,3925,2196.18,1056.88
12506,104-CI-T01,Pre-PQ Process,SO-1307,DN-626,Côte d'Ivoire,PMO - US,From RDC,N/A - From RDC,Air,Pre-PQ Process,N/A - From RDC,27-Feb-08,27-Feb-08,27-Feb-08,ARV,Adult,SCMS from RDC,"Nevirapine 200mg, tablets, 60 Tabs",Nevirapine,Generic,200mg,Tablet,60,17621,59911.4,3.4,0.06,"Aurobindo Unit III, India",Yes,1650,3428.5,95.86
12507,104-CI-T01,Pre-PQ Process,SO-1838,DN-632,Côte d'Ivoire,PMO - US,From RDC,N/A - From RDC,Air,Pre-PQ Process,N/A - From RDC,13-Mar-08,13-Mar-08,13-Mar-08,HRDT,HIV test,SCMS from RDC,"HIV 1/2, Determine HIV Kit, without Lancets, 100 Tests","HIV 1/2, Determine HIV Kit, without Lancets",Determine,N/A,Test kit,100,250,17997.5,71.99,0.72,Inverness Japan,No,See DN-632 (ID#:11547),See DN-632 (ID#:11547),28.8
12508,113-ZW-T01,Pre-PQ Process,SO-1922,DN-644,Zimbabwe,PMO - US,From RDC,N/A - From RDC,Truck,Pre-PQ Process,N/A - From RDC,12-Mar-08,12-Mar-08,12-Mar-08,ARV,Adult,SCMS from RDC,"Zidovudine 300mg, tablets, 60 Tabs",Zidovudine,Generic,300mg,Tablet,60,6295,51304.25,8.15,0.14,"Aurobindo Unit III, India",No,See DN-644 (ID#:11894),See DN-644 (ID#:11894),82.09
12509,106-HT-T01,Pre-PQ Process,SO-2348,DN-745,Haiti,PMO - US,From RDC,N/A - From RDC,Air,Pre-PQ Process,N/A - From RDC,2-Jun-08,2-Jun-08,2-Jun-08,ARV,Adult,SCMS from RDC,"Zidovudine 300mg, tablets, 60 Tabs",Zidovudine,Generic,300mg,Tablet,60,1925,15688.75,8.15,0.14,"Aurobindo Unit III, India",Yes,111,1355.06,25.1
12510,102-KE-T01,Pre-PQ Process,SO-2692,DN-760,Kenya,PMO - US,From RDC,N/A - From RDC,Truck,Pre-PQ Process,N/A - From RDC,26-May-08,26-May-08,26-May-08,HRDT,HIV test - Ancillary,SCMS from RDC,"HIV, Lancet, Safety, for HIV Test kits, 100 Pcs","HIV, Lancet, Safety, for HIV Test kits, 100 Pcs",Generic,N/A,Test kit - Ancillary,100,1000,10,0.01,0,Inverness Japan,No,See DN-760 (ID#:12207),See DN-760 (ID#:12207),0.02
12511,106-HT-T01,Pre-PQ Process,SO-2055,DN-690,Haiti,PMO - US,From RDC,N/A - From RDC,Air,Pre-PQ Process,N/A - From RDC,14-Apr-08,14-Apr-08,14-Apr-08,ARV,Adult,SCMS from RDC,"Lopinavir/Ritonavir 200/50mg [Aluvia], tablets, 120 Tabs",Lopinavir/Ritonavir,Aluvia,200/50mg,Tablet,120,240,9864,41.1,0.34,ABBVIE Ludwigshafen Germany,No,See DN-690 (ID#:10706),See DN-690 (ID#:10706),15.78
12513,100-PK-T01,Pre-PQ Process,SO-2497,DN-741,Pakistan,PMO - US,From RDC,N/A - From RDC,Air,Pre-PQ Process,N/A - From RDC,20-May-08,20-May-08,20-May-08,HRDT,HIV test,SCMS from RDC,"HIV 1/2, Uni-Gold HIV Kit, 20 Tests","HIV 1/2, Uni-Gold HIV Kit",Uni-Gold,N/A,Test kit,20,10,320,32,1.6,"Trinity Biotech, Plc",Yes,3,400.75,0.51
12515,111-MZ-T01,Pre-PQ Process,SO-1882,DN-817,Mozambique,PMO - US,From RDC,N/A - From RDC,Air,Pre-PQ Process,N/A - From RDC,7-Aug-08,7-Aug-08,7-Aug-08,ARV,Adult,SCMS from RDC,"Lamivudine/Nevirapine/Stavudine 150/200/30mg, tablets, 60 Tabs",Lamivudine/Nevirapine/Stavudine,Generic,150/200/30mg,Tablet - FDC,60,138325,995940,7.2,0.12,"Strides, Bangalore, India.",No,See DN-817 (ID#:10981),See DN-817 (ID#:10981),1593.5
12516,109-TZ-T01,Pre-PQ Process,SO-2564,DN-751,Tanzania,PMO - US,From RDC,N/A - From RDC,Air,Pre-PQ Process,N/A - From RDC,1-Jul-08,1-Jul-08,1-Jul-08,ARV,Adult,SCMS from RDC,"Stavudine 30mg, capsules, 60 Caps",Stavudine,Generic,30mg,Capsule,60,75318,114483.36,1.52,0.03,"Aurobindo Unit III, India",Yes,5040,22965.4,183.17
12517,109-TZ-T01,Pre-PQ Process,SO-1696,DN-763,Tanzania,PMO - US,From RDC,N/A - From RDC,Air,Pre-PQ Process,N/A - From RDC,9-Jul-08,9-Jul-08,9-Jul-08,ARV,Adult,SCMS from RDC,"Efavirenz 600mg, tablets, 30 Tabs",Efavirenz,Generic,600mg,Tablet,30,101445,1259946.9,12.42,0.41,"Aurobindo Unit III, India",No,See DN-763 (ID#:10982),See DN-763 (ID#:10982),2015.92
12518,109-TZ-T01,Pre-PQ Process,SO-1696,DN-763,Tanzania,PMO - US,From RDC,N/A - From RDC,Air,Pre-PQ Process,N/A - From RDC,9-Jul-08,9-Jul-08,9-Jul-08,ARV,Adult,SCMS from RDC,"Lamivudine/Zidovudine 150/300mg, tablets, 60 Tabs",Lamivudine/Zidovudine,Generic,150/300mg,Tablet - FDC,60,58086,551817,9.5,0.16,"Aurobindo Unit III, India",No,See DN-763 (ID#:10982),See DN-763 (ID#:10982),882.91
12519,114-UG-T01,Pre-PQ Process,SO-2677,DN-789,Uganda,PMO - US,From RDC,N/A - From RDC,Air,Pre-PQ Process,N/A - From RDC,10-Jul-08,10-Jul-08,10-Jul-08,ARV,Adult,SCMS from RDC,"Stavudine 30mg, capsules, 60 Caps",Stavudine,Generic,30mg,Capsule,60,500,775,1.55,0.03,"Aurobindo Unit III, India",Yes,33,578.24,1.24
12521,111-MZ-T01,Pre-PQ Process,SO-15084,DN-1024,Mozambique,PMO - US,From RDC,N/A - From RDC,Air,Pre-PQ Process,N/A - From RDC,9-Feb-09,9-Feb-09,9-Feb-09,ARV,Pediatric,SCMS from RDC,"Efavirenz 200mg, capsule, 90 Caps",Efavirenz,Generic,200mg,Capsule,90,560,8545.6,15.26,0.17,"Aurobindo Unit III, India",No,See DN-1024 (ID#:10984),See DN-1024 (ID#:10984),16.75
12522,111-MZ-T01,Pre-PQ Process,SO-18330,DN-1002,Mozambique,PMO - US,From RDC,N/A - From RDC,Air,Pre-PQ Process,N/A - From RDC,27-Nov-08,27-Nov-08,27-Nov-08,ARV,Adult,SCMS from RDC,"Ritonavir 100mg [Norvir], capsules, cool, 4 x 84 Caps",Ritonavir,Norvir,100mg,Capsule,336,180,0,0,0,ABBVIE (Abbott) France,Yes,256,2765.64,0
12523,102-KE-T01,Pre-PQ Process,SO-11440,DN-965,Kenya,PMO - US,From RDC,N/A - From RDC,Truck,Pre-PQ Process,N/A - From RDC,23-Oct-08,23-Oct-08,23-Oct-08,HRDT,HIV test,SCMS from RDC,"HIV 1/2, Determine HIV Kit, without Lancets, 100 Tests","HIV 1/2, Determine HIV Kit, without Lancets",Determine,N/A,Test kit,100,5000,399950,79.99,0.8,Inverness Japan,No,See DN-965 (ID#:11563),See DN-965 (ID#:11563),783.9
12524,105-GY-T01,Pre-PQ Process,SO-18470,DN-1017,Guyana,PMO - US,From RDC,N/A - From RDC,Air,Pre-PQ Process,N/A - From RDC,21-Nov-08,21-Nov-08,21-Nov-08,ARV,Adult,SCMS from RDC,"Lamivudine 150mg, tablets, 60 Tabs",Lamivudine,Generic,150mg,Tablet,60,420,1218,2.9,0.05,"Aurobindo Unit III, India",No,See DN-1017 (ID#:11564),See DN-1017 (ID#:11564),2.39
12525,110-ZM-T01,Pre-PQ Process,SO-2494,DN-1005,Zambia,PMO - US,From RDC,N/A - From RDC,Truck,Pre-PQ Process,N/A - From RDC,1-Dec-08,1-Dec-08,1-Dec-08,ARV,Adult,SCMS from RDC,"Nevirapine 200mg, tablets, 60 Tabs",Nevirapine,Generic,200mg,Tablet,60,50000,170000,3.4,0.06,Hetero Unit III Hyderabad IN,Yes,2809,3629.37,333.2
12526,110-ZM-T01,Pre-PQ Process,SO-15290,DN-999,Zambia,PMO - US,From RDC,N/A - From RDC,Air,Pre-PQ Process,N/A - From RDC,14-Nov-08,14-Nov-08,14-Nov-08,ARV,Pediatric,SCMS from RDC,"Zidovudine 10mg/ml, oral solution, Bottle, 240 ml",Zidovudine,Generic,10mg/ml,Oral solution,240,1800,3780,2.1,0.01,"Aurobindo Unit III, India",Yes,671,5110.76,7.41
12527,112-NG-T01,Pre-PQ Process,SO-11020,DN-1013,Nigeria,PMO - US,From RDC,N/A - From RDC,Air,Pre-PQ Process,N/A - From RDC,20-Nov-08,20-Nov-08,20-Nov-08,ARV,Pediatric,SCMS from RDC,"Stavudine 1mg/ml, powder for oral solution, 200 ml",Stavudine,Generic,1mg/ml,Oral solution,200,36,50.4,1.4,0.01,"Aurobindo Unit III, India",Yes,4,857.17,0.1
12530,100-PK-T01,Pre-PQ Process,SO-14930,DN-1004,Pakistan,PMO - US,From RDC,N/A - From RDC,Air,Pre-PQ Process,N/A - From RDC,17-Nov-08,17-Nov-08,17-Nov-08,HRDT,HIV test,SCMS from RDC,"HIV 1/2, Bioline 3.0 Kit, Lancets, Capillary pipets, Alcohol swabs included, 25 Tests","HIV 1/2, Bioline 3.0 Kit, Lancets, Capillary pipets, Alcohol swabs included",Bioline,N/A,Test kit,25,16,320,20,0.8,"Standard Diagnostics, Korea",No,See DN-1004 (ID#:11280),See DN-1004 (ID#:11280),0.63
12531,132-NG-T01,Pre-PQ Process,SO-2681,DN-843,Nigeria,PMO - US,From RDC,N/A - From RDC,Air,Pre-PQ Process,N/A - From RDC,28-Jul-08,28-Jul-08,28-Jul-08,ARV,Adult,SCMS from RDC,"Emtricitabine/Tenofovir Disoproxil Fumarate 200/300mg [Truvada], tablets, 30 Tabs",Emtricitabine/Tenofovir Disoproxil Fumarate,Truvada,300/200mg,Tablet - FDC,30,15000,393750,26.25,0.88,"Aspen-OSD, Port Elizabeth, SA",Yes,1309,7463.74,630
12532,110-ZM-T01,Pre-PQ Process,SO-2482,DN-938,Zambia,PMO - US,From RDC,N/A - From RDC,Truck,Pre-PQ Process,N/A - From RDC,6-Oct-08,6-Oct-08,6-Oct-08,ARV,Adult,SCMS from RDC,"Efavirenz 600mg, tablets, 30 Tabs",Efavirenz,Generic,600mg,Tablet,30,50000,600500,12.01,0.4,Mylan (formerly Matrix) Nashik,Yes,3817,4579.42,960.8
12533,110-ZM-T01,Pre-PQ Process,SO-16670,DN-993,Zambia,PMO - US,From RDC,N/A - From RDC,Truck,Pre-PQ Process,N/A - From RDC,1-Dec-08,1-Dec-08,1-Dec-08,ARV,Adult,SCMS from RDC,"Nevirapine 200mg, tablets, 60 Tabs",Nevirapine,Generic,200mg,Tablet,60,138,469.2,3.4,0.06,Hetero Unit III Hyderabad IN,No,See DN-993 (ID#:11919),See DN-993 (ID#:11919),0.92
12534,102-KE-T01,Pre-PQ Process,SO-11480,DN-994,Kenya,PMO - US,From RDC,N/A - From RDC,Truck,Pre-PQ Process,N/A - From RDC,31-Oct-08,31-Oct-08,31-Oct-08,HRDT,HIV test,SCMS from RDC,"HIV 1/2, Uni-Gold HIV Kit, 20 Tests","HIV 1/2, Uni-Gold HIV Kit",Uni-Gold,N/A,Test kit,20,1250,40000,32,1.6,"Trinity Biotech, Plc",Yes,393,157.5,78.4
12535,123-NG-T01,Pre-PQ Process,SO-11231,DN-862,Nigeria,PMO - US,From RDC,N/A - From RDC,Air,Pre-PQ Process,N/A - From RDC,31-Jul-08,31-Jul-08,31-Jul-08,ARV,Adult,SCMS from RDC,"Emtricitabine/Tenofovir Disoproxil Fumarate 200/300mg [Truvada], tablets, 30 Tabs",Emtricitabine/Tenofovir Disoproxil Fumarate,Truvada,300/200mg,Tablet - FDC,30,20000,525000,26.25,0.88,"Aspen-OSD, Port Elizabeth, SA",Yes,1741,10665.71,840
12536,114-UG-T01,Pre-PQ Process,SO-17450,DN-970,Uganda,PMO - US,From RDC,N/A - From RDC,Ocean,Pre-PQ Process,N/A - From RDC,2-Feb-09,2-Feb-09,2-Feb-09,ARV,Adult,SCMS from RDC,"Lamivudine/Stavudine 150/30mg, tablets, 30 Tabs",Lamivudine/Stavudine,Generic,150/30mg,Tablet - FDC,30,1166,2332,2,0.07,"Cipla, Goa, India",Yes,71,1240,4.57
12537,111-MZ-T01,Pre-PQ Process,SO-2424,DN-850,Mozambique,PMO - US,From RDC,N/A - From RDC,Air,Pre-PQ Process,N/A - From RDC,5-Sep-08,5-Sep-08,5-Sep-08,ARV,Adult,SCMS from RDC,"Efavirenz 600mg, tablets, 30 Tabs",Efavirenz,Generic,600mg,Tablet,30,9650,115896.5,12.01,0.4,"Aurobindo Unit III, India",No,See DN-850 (ID#:10733),See DN-850 (ID#:10733),185.43
12538,111-MZ-T01,Pre-PQ Process,SO-2424,DN-850,Mozambique,PMO - US,From RDC,N/A - From RDC,Air,Pre-PQ Process,N/A - From RDC,5-Sep-08,5-Sep-08,5-Sep-08,ARV,Adult,SCMS from RDC,"Lamivudine/Nevirapine/Zidovudine 150/200/300mg, tablets, 60 Tabs",Lamivudine/Nevirapine/Zidovudine,Generic,150/300/200mg,Tablet - FDC,60,16990,229365,13.5,0.22,"Aurobindo Unit III, India",No,See DN-850 (ID#:10733),See DN-850 (ID#:10733),366.98
12539,111-MZ-T01,Pre-PQ Process,SO-2424,DN-850,Mozambique,PMO - US,From RDC,N/A - From RDC,Air,Pre-PQ Process,N/A - From RDC,5-Sep-08,5-Sep-08,5-Sep-08,ARV,Adult,SCMS from RDC,"Lamivudine 150mg, tablets, 60 Tabs",Lamivudine,Generic,150mg,Tablet,60,120,349.2,2.91,0.05,Hetero Unit III Hyderabad IN,No,See DN-850 (ID#:10733),See DN-850 (ID#:10733),0.56
12541,104-CI-T01,Pre-PQ Process,SO-21870,DN-1087,Côte d'Ivoire,PMO - US,From RDC,N/A - From RDC,Air,Pre-PQ Process,N/A - From RDC,2-Mar-09,2-Mar-09,2-Mar-09,ARV,Adult,SCMS from RDC,"Nevirapine 200mg, tablets, 60 Tabs",Nevirapine,Generic,200mg,Tablet,60,22566,67698,3,0.05,"Aurobindo Unit III, India",Yes,2113,5574.06,132.69
12542,114-UG-T01,Pre-PQ Process,SO-17752,DN-1093,Uganda,PMO - US,From RDC,N/A - From RDC,Air,Pre-PQ Process,N/A - From RDC,3-Mar-09,3-Mar-09,3-Mar-09,ARV,Adult,SCMS from RDC,"Lamivudine/Nevirapine/Zidovudine 150/200/300mg, tablets, 60 Tabs",Lamivudine/Nevirapine/Zidovudine,Generic,150/300/200mg,Tablet - FDC,60,88,1038.4,11.8,0.2,"Aurobindo Unit III, India",Yes,10,1002.2,2.04
12543,114-UG-T01,Pre-PQ Process,SO-17911,DN-1094,Uganda,PMO - US,From RDC,N/A - From RDC,Air,Pre-PQ Process,N/A - From RDC,19-Mar-09,19-Mar-09,19-Mar-09,ARV,Adult,SCMS from RDC,"Efavirenz 600mg, tablets, 30 Tabs",Efavirenz,Generic,600mg,Tablet,30,9,99,11,0.37,"Aurobindo Unit III, India",Yes,1,966.37,0.19
12544,114-UG-T01,Pre-PQ Process,SO-17700,DN-992,Uganda,PMO - US,From RDC,N/A - From RDC,Air,Pre-PQ Process,N/A - From RDC,9-Jan-09,9-Jan-09,9-Jan-09,ARV,Adult,SCMS from RDC,"Lamivudine/Nevirapine/Stavudine 150/200/30mg, tablets, 60 Tabs",Lamivudine/Nevirapine/Stavudine,Generic,150/200/30mg,Tablet - FDC,60,965,6948,7.2,0.12,"Strides, Bangalore, India.",No,See DN-992 (ID#:11602),See DN-992 (ID#:11602),13.62
12545,123-NG-T01,Pre-PQ Process,SO-23040,DN-1106,Nigeria,PMO - US,From RDC,N/A - From RDC,Air,Pre-PQ Process,N/A - From RDC,26-Feb-09,26-Feb-09,26-Feb-09,ARV,Adult,SCMS from RDC,"Stavudine 30mg, capsules, 60 Caps",Stavudine,Generic,30mg,Capsule,60,11142,17270.1,1.55,0.03,"Aurobindo Unit III, India",Yes,739,6315.3,33.85
12546,104-CI-T01,Pre-PQ Process,SO-21842,DN-1097,Côte d'Ivoire,PMO - US,From RDC,N/A - From RDC,Air,Pre-PQ Process,N/A - From RDC,18-Mar-09,18-Mar-09,18-Mar-09,ARV,Pediatric,SCMS from RDC,"Zidovudine 10mg/ml, oral solution, Bottle, 240 ml",Zidovudine,Generic,10mg/ml,Oral solution,240,1643,3450.3,2.1,0.01,"Aurobindo Unit III, India",Yes,483,7293.9,6.76
12547,114-UG-T01,Pre-PQ Process,SO-17754,DN-1125,Uganda,PMO - US,From RDC,N/A - From RDC,Air,Pre-PQ Process,N/A - From RDC,8-Apr-09,8-Apr-09,8-Apr-09,ARV,Adult,SCMS from RDC,"Emtricitabine/Tenofovir Disoproxil Fumarate 200/300mg [Truvada], tablets, 30 Tabs",Emtricitabine/Tenofovir Disoproxil Fumarate,Truvada,300/200mg,Tablet - FDC,30,328,8610,26.25,0.88,"Aspen-OSD, Port Elizabeth, SA",No,See DN-1125 (ID#:11298),See DN-1125 (ID#:11298),16.88
12548,112-NG-T01,Pre-PQ Process,SO-2728,DN-917,Nigeria,PMO - US,From RDC,N/A - From RDC,Air,Pre-PQ Process,N/A - From RDC,24-Sep-08,24-Sep-08,24-Sep-08,ARV,Adult,SCMS from RDC,"Efavirenz 600mg, tablets, 30 Tabs",Efavirenz,Generic,600mg,Tablet,30,1957,22936.04,11.72,0.39,"Aurobindo Unit III, India",No,See DN-917 (ID#:10745),See DN-917 (ID#:10745),36.7
12549,106-HT-T01,Pre-PQ Process,SO-15930,DN-944,Haiti,PMO - US,From RDC,N/A - From RDC,Air,Pre-PQ Process,N/A - From RDC,4-Nov-08,4-Nov-08,4-Nov-08,ARV,Adult,SCMS from RDC,"Efavirenz 600mg, tablets, 30 Tabs",Efavirenz,Generic,600mg,Tablet,30,24599,270589,11,0.37,"Aurobindo Unit III, India",No,See DN-944 (ID#:11012),See DN-944 (ID#:11012),530.35
12550,131-NG-T01,Pre-PQ Process,SO-15051,DN-1057,Nigeria,PMO - US,From RDC,N/A - From RDC,Air,Pre-PQ Process,N/A - From RDC,19-Jan-09,19-Jan-09,19-Jan-09,ARV,Adult,SCMS from RDC,"Efavirenz 600mg, tablets, 30 Tabs",Efavirenz,Generic,600mg,Tablet,30,14000,154000,11,0.37,"Aurobindo Unit III, India",Yes,1169,13538.35,301.84
12551,130-NG-T01,Pre-PQ Process,SO-10540,DN-844,Nigeria,PMO - US,From RDC,N/A - From RDC,Air,Pre-PQ Process,N/A - From RDC,24-Jul-08,24-Jul-08,24-Jul-08,ARV,Adult,SCMS from RDC,"Nevirapine 200mg, tablets, 60 Tabs",Nevirapine,Generic,200mg,Tablet,60,1672,5684.8,3.4,0.06,"Aurobindo Unit III, India",No,See DN-844 (ID#:12249),See DN-844 (ID#:12249),9.1
12552,114-UG-T01,Pre-PQ Process,SO-17900,DN-987,Uganda,PMO - US,From RDC,N/A - From RDC,Air,Pre-PQ Process,N/A - From RDC,6-Jan-09,6-Jan-09,6-Jan-09,ARV,Adult,SCMS from RDC,"Lamivudine/Stavudine 150/30mg, tablets, 30 Tabs",Lamivudine/Stavudine,Generic,150/30mg,Tablet - FDC,30,938,1876,2,0.07,"Cipla, Goa, India",No,See DN-987 (ID#:12252),See DN-987 (ID#:12252),3.68
12553,117-ET-T01,Pre-PQ Process,SO-22000,DN-1060,Ethiopia,PMO - US,From RDC,N/A - From RDC,Air,Pre-PQ Process,N/A - From RDC,18-Feb-09,18-Feb-09,18-Feb-09,ARV,Adult,SCMS from RDC,"Tenofovir Disoproxil Fumarate 300mg, tablets, 30 Tabs",Tenofovir Disoproxil Fumarate,Generic,300mg,Tablet,30,3100,41168,13.28,0.44,Mylan (formerly Matrix) Nashik,No,See DN-1060 (ID#:11618),See DN-1060 (ID#:11618),80.69
12554,117-ET-T01,Pre-PQ Process,SO-22010,DN-1061,Ethiopia,PMO - US,From RDC,N/A - From RDC,Air,Pre-PQ Process,N/A - From RDC,29-Jan-09,29-Jan-09,29-Jan-09,ARV,Adult,SCMS from RDC,"Lamivudine/Nevirapine/Stavudine 150/200/30mg, tablets, 60 Tabs",Lamivudine/Nevirapine/Stavudine,Generic,150/200/30mg,Tablet - FDC,60,17103,121773.36,7.12,0.12,"Cipla, Goa, India",No,See DN-1061 (ID#:11019),See DN-1061 (ID#:11019),238.68
12555,123-NG-T01,Pre-PQ Process,SO-2554,DN-960,Nigeria,PMO - US,From RDC,N/A - From RDC,Air,Pre-PQ Process,N/A - From RDC,30-Oct-08,30-Oct-08,30-Oct-08,ARV,Adult,SCMS from RDC,"Lamivudine/Zidovudine 150/300mg, tablets, 60 Tabs",Lamivudine/Zidovudine,Generic,150/300mg,Tablet - FDC,60,2708,25590.6,9.45,0.16,Mylan (formerly Matrix) Nashik,No,See DN-960 (ID#:11945),See DN-960 (ID#:11945),50.16
12556,104-CI-T01,Pre-PQ Process,SO-21840,DN-1120,Côte d'Ivoire,PMO - US,From RDC,N/A - From RDC,Air,Pre-PQ Process,N/A - From RDC,26-May-09,26-May-09,26-May-09,ARV,Adult,SCMS from RDC,"Efavirenz 600mg, tablets, 30 Tabs",Efavirenz,Generic,600mg,Tablet,30,36391,386472.42,10.62,0.35,"Aurobindo Unit III, India",Yes,4156,11180.32,757.49
12557,104-CI-T01,Pre-PQ Process,SO-21840,DN-1120,Côte d'Ivoire,PMO - US,From RDC,N/A - From RDC,Air,Pre-PQ Process,N/A - From RDC,26-May-09,26-May-09,26-May-09,ARV,Pediatric,SCMS from RDC,"Lamivudine 10mg/ml, oral solution, Bottle, 240 ml",Lamivudine,Generic,10mg/ml,Oral solution,240,3060,5814,1.9,0.01,"Aurobindo Unit III, India",No,See DN-1120 (ID#:12556),See DN-1120 (ID#:12556),11.4
12558,151-NG-T01,Pre-PQ Process,SO-21801,DN-1135,Nigeria,PMO - US,From RDC,N/A - From RDC,Air Charter,Pre-PQ Process,N/A - From RDC,19-Mar-09,19-Mar-09,19-Mar-09,ARV,Adult,SCMS from RDC,"Lamivudine/Nevirapine/Zidovudine 150/200/300mg, tablets, 60 Tabs",Lamivudine/Nevirapine/Zidovudine,Generic,150/300/200mg,Tablet - FDC,60,15944,181761.6,11.4,0.19,"Aurobindo Unit III, India",Yes,1793,11492.86,356.25
12560,104-CI-T01,Pre-PQ Process,SO-27030,DN-1161,Côte d'Ivoire,PMO - US,From RDC,N/A - From RDC,Air,Pre-PQ Process,N/A - From RDC,20-Mar-09,20-Mar-09,20-Mar-09,ARV,Pediatric,SCMS from RDC,"Lopinavir/Ritonavir 80/20mg/ml [Kaletra], oral solution, cool, Bottle 5 x 60 ml",Lopinavir/Ritonavir,Kaletra,80/20mg/ml,Oral solution,300,896,36825.6,41.1,0.14,ABBVIE (Abbott) Logis. UK,Yes,Weight Captured Separately,Invoiced Separately,72.18
12561,110-ZM-T01,Pre-PQ Process,SO-2478,DN-981,Zambia,PMO - US,From RDC,N/A - From RDC,Truck,Pre-PQ Process,N/A - From RDC,7-Nov-08,7-Nov-08,7-Nov-08,ARV,Pediatric,SCMS from RDC,"Didanosine 100mg, chewable/dispersible tablets, 60 Tabs",Didanosine,Generic,100mg,Chewable/dispersible tablet,60,4200,32550,7.75,0.13,"Aurobindo Unit III, India",Yes,867,2938.92,63.8
12563,104-CI-T01,Pre-PQ Process,SO-970,DN-1163,Côte d'Ivoire,PMO - US,From RDC,N/A - From RDC,Air,Pre-PQ Process,N/A - From RDC,23-Mar-09,23-Mar-09,23-Mar-09,ARV,Pediatric,SCMS from RDC,"Lopinavir/Ritonavir 80/20mg/ml [Kaletra], oral solution, cool, Bottle 5 x 60 ml",Lopinavir/Ritonavir,Kaletra,80/20mg/ml,Oral solution,300,405,16645.5,41.1,0.14,ABBVIE (Abbott) Logis. UK,No,See DN-1163 (ID#:11030),See DN-1163 (ID#:11030),32.63
12564,104-CI-T01,Pre-PQ Process,SO-21871,DN-1170,Côte d'Ivoire,PMO - US,From RDC,N/A - From RDC,Air,Pre-PQ Process,N/A - From RDC,19-Jun-09,19-Jun-09,19-Jun-09,ARV,Adult,SCMS from RDC,"Nevirapine 200mg, tablets, 60 Tabs",Nevirapine,Generic,200mg,Tablet,60,5259,15777,3,0.05,Hetero Unit III Hyderabad IN,Yes,294,5432.93,30.92
12565,110-ZM-T01,Pre-PQ Process,SO-17610,DN-1178,Zambia,PMO - US,From RDC,N/A - From RDC,Truck,Pre-PQ Process,N/A - From RDC,27-Apr-09,27-Apr-09,27-Apr-09,ARV,Adult,SCMS from RDC,"Efavirenz 600mg, tablets, 30 Tabs",Efavirenz,Generic,600mg,Tablet,30,60000,660000,11,0.37,"Aurobindo Unit III, India",Yes,5144,13853.29,1293.6
12567,111-MZ-T01,Pre-PQ Process,SO-27870,DN-1195,Mozambique,PMO - US,From RDC,N/A - From RDC,Air,Pre-PQ Process,N/A - From RDC,16-Jun-09,16-Jun-09,16-Jun-09,ARV,Adult,SCMS from RDC,"Lamivudine/Nevirapine/Zidovudine 150/200/300mg, tablets, 60 Tabs",Lamivudine/Nevirapine/Zidovudine,Generic,150/300/200mg,Tablet - FDC,60,26292,310245.6,11.8,0.2,Mylan (formerly Matrix) Nashik,Yes,3218,15990.35,608.08
12568,151-NG-T01,Pre-PQ Process,SO-22521,DN-1196,Nigeria,PMO - US,From RDC,N/A - From RDC,Air Charter,Pre-PQ Process,N/A - From RDC,8-May-09,8-May-09,8-May-09,ARV,Adult,SCMS from RDC,"Lamivudine/Nevirapine/Zidovudine 150/200/300mg, tablets, 60 Tabs",Lamivudine/Nevirapine/Zidovudine,Generic,150/300/200mg,Tablet - FDC,60,71422,814210.8,11.4,0.19,"Aurobindo Unit III, India",Yes,8016,15128.37,1595.85
12569,114-UG-T01,Pre-PQ Process,SO-26180,DN-1197,Uganda,PMO - US,From RDC,N/A - From RDC,Air,Pre-PQ Process,N/A - From RDC,24-Apr-09,24-Apr-09,24-Apr-09,ARV,Adult,SCMS from RDC,"Lopinavir/Ritonavir 200/50mg [Aluvia], tablets, 120 Tabs",Lopinavir/Ritonavir,Aluvia,200/50mg,Tablet,120,80,3288,41.1,0.34,ABBVIE Ludwigshafen Germany,Yes,19,1381.64,6.44
12570,151-NG-T01,Pre-PQ Process,SO-22523,DN-1202,Nigeria,PMO - US,From RDC,N/A - From RDC,Air,Pre-PQ Process,N/A - From RDC,29-Apr-09,29-Apr-09,29-Apr-09,ARV,Adult,SCMS from RDC,"Emtricitabine/Tenofovir Disoproxil Fumarate 200/300mg [Truvada], tablets, 30 Tabs",Emtricitabine/Tenofovir Disoproxil Fumarate,Truvada,300/200mg,Tablet - FDC,30,17933,470741.25,26.25,0.88,"Aspen-OSD, Port Elizabeth, SA",Yes,1564,16864.58,922.65
12571,123-NG-T01,Pre-PQ Process,SO-23431,DN-1203,Nigeria,PMO - US,From RDC,N/A - From RDC,Air Charter,Pre-PQ Process,N/A - From RDC,8-May-09,8-May-09,8-May-09,ARV,Adult,SCMS from RDC,"Lamivudine/Zidovudine 150/300mg, tablets, 60 Tabs",Lamivudine/Zidovudine,Generic,150/300mg,Tablet - FDC,60,10000,93500,9.35,0.16,"Aurobindo Unit III, India",Yes,905,15128.37,183.26
12572,106-HT-T01,Pre-PQ Process,SO-24830,DN-1205,Haiti,PMO - US,From RDC,N/A - From RDC,Air,Pre-PQ Process,N/A - From RDC,19-May-09,19-May-09,19-May-09,ARV,Pediatric,SCMS from RDC,"Abacavir 20mg/ml, oral solution, Bottle, 240 ml",Abacavir,Generic,20mg/ml,Oral solution,240,398,5970,15,0.06,"Aurobindo Unit III, India",No,See DN-1205 (ID#:11314),See DN-1205 (ID#:11314),11.7
12573,126-NG-T01,Pre-PQ Process,SO-26250,DN-1212,Nigeria,PMO - US,From RDC,N/A - From RDC,Air Charter,Pre-PQ Process,N/A - From RDC,8-May-09,8-May-09,8-May-09,ARV,Adult,SCMS from RDC,"Lamivudine/Tenofovir Disoproxil Fumarate 300/300mg, tablets, 30 Tabs",Lamivudine/Tenofovir Disoproxil Fumarate,Generic,300/300mg,Tablet - FDC,30,23991,275896.5,11.5,0.38,Mylan (formerly Matrix) Nashik,Yes,2096,15128.37,540.76
12574,106-HT-T01,Pre-PQ Process,SO-24870,DN-1218,Haiti,PMO - US,From RDC,N/A - From RDC,Air,Pre-PQ Process,N/A - From RDC,22-May-09,22-May-09,22-May-09,ARV,Pediatric,SCMS from RDC,"Efavirenz 30mg/ml [Stocrin/Sustiva], oral solution, Bottle, 180 ml",Efavirenz,Stocrin/Sustiva,30mg/ml,Oral solution,180,98,1662.08,16.96,0.09,"MSD, Haarlem, NL",Yes,28,988.24,3.26
12575,104-CI-T01,Pre-PQ Process,SO-21883,DN-1220,Côte d'Ivoire,PMO - US,From RDC,N/A - From RDC,Air,Pre-PQ Process,N/A - From RDC,20-May-09,20-May-09,20-May-09,ARV,Adult,SCMS from RDC,"Lamivudine/Zidovudine 150/300mg, tablets, 60 Tabs",Lamivudine/Zidovudine,Generic,150/300mg,Tablet - FDC,60,6476,56729.76,8.76,0.15,Mylan (formerly Matrix) Nashik,Yes,540,4881.06,111.19
12576,151-NG-T01,Pre-PQ Process,SO-22525,DN-1206,Nigeria,PMO - US,From RDC,N/A - From RDC,Ocean,Pre-PQ Process,N/A - From RDC,30-Apr-09,30-Apr-09,30-Apr-09,ARV,Adult,SCMS from RDC,"Lamivudine/Nevirapine/Zidovudine 150/200/300mg, tablets, 60 Tabs",Lamivudine/Nevirapine/Zidovudine,Generic,150/300/200mg,Tablet - FDC,60,13334,152007.6,11.4,0.19,Mylan (formerly Matrix) Nashik,Yes,1626,17096.24,297.93
12577,106-HT-T01,Pre-PQ Process,SO-24840,DN-1221,Haiti,PMO - US,From RDC,N/A - From RDC,Air,Pre-PQ Process,N/A - From RDC,22-May-09,22-May-09,22-May-09,ARV,Pediatric,SCMS from RDC,"Zidovudine 100mg, capsules, 100 Caps",Zidovudine,Generic,100mg,Capsule,100,504,2766.96,5.49,0.05,"Aurobindo Unit III, India",No,See DN-1221 (ID#:11636),See DN-1221 (ID#:11636),5.42
12578,114-UG-T01,Pre-PQ Process,SO-26140,DN-1222,Uganda,PMO - US,From RDC,N/A - From RDC,Air,Pre-PQ Process,N/A - From RDC,24-Jun-09,24-Jun-09,24-Jun-09,ARV,Adult,SCMS from RDC,"Nevirapine 200mg, tablets, 60 Tabs",Nevirapine,Generic,200mg,Tablet,60,107,342.4,3.2,0.05,"Aurobindo Unit III, India",No,See DN-1222 (ID#:11317),See DN-1222 (ID#:11317),0.67
12579,104-CI-T01,Pre-PQ Process,SO-27520,DN-1234,Côte d'Ivoire,PMO - US,From RDC,N/A - From RDC,Air,Pre-PQ Process,N/A - From RDC,11-Jun-09,11-Jun-09,11-Jun-09,ARV,Adult,SCMS from RDC,"Lamivudine 150mg, tablets, 60 Tabs",Lamivudine,Generic,150mg,Tablet,60,17100,41724,2.44,0.04,"Aurobindo Unit III, India",No,See DN-1234 (ID#:11970),See DN-1234 (ID#:11970),81.78
12580,104-CI-T01,Pre-PQ Process,SO-27520,DN-1234,Côte d'Ivoire,PMO - US,From RDC,N/A - From RDC,Air,Pre-PQ Process,N/A - From RDC,11-Jun-09,11-Jun-09,11-Jun-09,ARV,Adult,SCMS from RDC,"Stavudine 15mg, capsules, 60 Caps",Stavudine,Generic,15mg,Capsule,60,560,840,1.5,0.02,"Aurobindo Unit III, India",No,See DN-1234 (ID#:11970),See DN-1234 (ID#:11970),1.65
12581,100-GH-T01,Pre-PQ Process,SO-30710,DN-1236,Ghana,PMO - US,From RDC,N/A - From RDC,Truck,Date Not Captured,N/A - From RDC,12-Aug-09,12-Aug-09,12-Aug-09,ARV,Pediatric,SCMS from RDC,"Lopinavir/Ritonavir 80/20mg/ml [Kaletra], oral solution, cool, Bottle 5 x 60 ml",Lopinavir/Ritonavir,Kaletra,80/20mg/ml,Oral solution,300,1059,10.59,0.01,0,ABBVIE (Abbott) Logis. UK,Yes,Weight Captured Separately,Invoiced Separately,0.02
12585,123-NG-T01,Pre-PQ Process,SO-22840,DN-1245,Nigeria,PMO - US,From RDC,N/A - From RDC,Air Charter,Pre-PQ Process,N/A - From RDC,16-Jun-09,16-Jun-09,16-Jun-09,ARV,Adult,SCMS from RDC,"Stavudine 30mg, capsules, 60 Caps",Stavudine,Generic,30mg,Capsule,60,12000,17880,1.49,0.02,"Aurobindo Unit III, India",Yes,789,7329.83,35.04
12586,119-NA-T01,Pre-PQ Process,SO-30460,DN-1251,Namibia,PMO - US,From RDC,N/A - From RDC,Air,Pre-PQ Process,N/A - From RDC,15-Jun-09,15-Jun-09,15-Jun-09,ARV,Adult,SCMS from RDC,"Lamivudine/Tenofovir Disoproxil Fumarate 300/300mg, tablets, 30 Tabs",Lamivudine/Tenofovir Disoproxil Fumarate,Generic,300/300mg,Tablet - FDC,30,5000,50000,10,0.33,Mylan (formerly Matrix) Nashik,Yes,419,2317.2,98
12587,114-UG-T01,Pre-PQ Process,SO-30110,DN-1256,Uganda,PMO - US,From RDC,N/A - From RDC,Air,Pre-PQ Process,N/A - From RDC,24-Jun-09,24-Jun-09,24-Jun-09,ARV,Adult,SCMS from RDC,"Lamivudine/Nevirapine/Zidovudine 150/200/300mg, tablets, 60 Tabs",Lamivudine/Nevirapine/Zidovudine,Generic,150/300/200mg,Tablet - FDC,60,1155,13109.25,11.35,0.19,Mylan (formerly Matrix) Nashik,Yes,147,1848.59,25.69
12591,114-UG-T01,Pre-PQ Process,SO-31430,DN-1281,Uganda,PMO - US,From RDC,N/A - From RDC,Air,Pre-PQ Process,N/A - From RDC,26-Jun-09,26-Jun-09,26-Jun-09,ARV,Adult,SCMS from RDC,"Lopinavir/Ritonavir 200/50mg [Aluvia], tablets, 120 Tabs",Lopinavir/Ritonavir,Aluvia,200/50mg,Tablet,120,220,9042,41.1,0.34,ABBVIE Ludwigshafen Germany,Yes,50,1359.4,17.72
12592,110-ZM-T01,Pre-PQ Process,SO-29060,DN-1285,Zambia,PMO - US,From RDC,N/A - From RDC,Truck,Date Not Captured,N/A - From RDC,2-Jul-09,2-Jul-09,2-Jul-09,ARV,Adult,SCMS from RDC,"Lamivudine/Tenofovir Disoproxil Fumarate 300/300mg, tablets, 30 Tabs",Lamivudine/Tenofovir Disoproxil Fumarate,Generic,300/300mg,Tablet - FDC,30,92000,1058000,11.5,0.38,Mylan (formerly Matrix) Nashik,Yes,7101,16702.26,2073.68
12593,110-ZM-T01,Pre-PQ Process,SO-31900,DN-1286,Zambia,PMO - US,From RDC,N/A - From RDC,Air,Date Not Captured,N/A - From RDC,2-Jul-09,2-Jul-09,2-Jul-09,ARV,Pediatric,SCMS from RDC,"Efavirenz 200mg, capsule, 90 Caps",Efavirenz,Generic,200mg,Capsule,90,4000,61040,15.26,0.17,"Aurobindo Unit III, India",Yes,481,2951.12,119.64
12594,104-CI-T01,Pre-PQ Process,SO-31960,DN-1297,Côte d'Ivoire,PMO - US,From RDC,N/A - From RDC,Air,Pre-PQ Process,N/A - From RDC,30-Jun-09,30-Jun-09,30-Jun-09,ARV,Adult,SCMS from RDC,"Emtricitabine/Tenofovir Disoproxil Fumarate 200/300mg [Truvada], tablets, 30 Tabs",Emtricitabine/Tenofovir Disoproxil Fumarate,Truvada,300/200mg,Tablet - FDC,30,2160,56700,26.25,0.88,"Aspen-OSD, Port Elizabeth, SA",Yes,186,1660.07,111.13
12597,106-HT-T01,Pre-PQ Process,SO-30170,DN-1309,Haiti,PMO - US,From RDC,N/A - From RDC,Air,Pre-PQ Process,N/A - From RDC,24-Jun-09,24-Jun-09,24-Jun-09,ARV,Adult,SCMS from RDC,"Lamivudine/Zidovudine 150/300mg, tablets, 60 Tabs",Lamivudine/Zidovudine,Generic,150/300mg,Tablet - FDC,60,25824,226218.24,8.76,0.15,"Aurobindo Unit III, India",Yes,2359,26714.63,443.39
12598,110-ZM-T01,Pre-PQ Process,SO-32510,DN-1329,Zambia,PMO - US,From RDC,N/A - From RDC,Truck,Date Not Captured,N/A - From RDC,4-Sep-09,4-Sep-09,4-Sep-09,ARV,Adult,SCMS from RDC,"Lamivudine/Nevirapine/Stavudine 150/200/30mg, tablets, 60 Tabs",Lamivudine/Nevirapine/Stavudine,Generic,150/200/30mg,Tablet - FDC,60,35000,249200,7.12,0.12,"Strides, Bangalore, India.",Yes,2604,2448.71,488.43
12599,151-NG-T01,Pre-PQ Process,SO-32640,DN-1342,Nigeria,PMO - US,From RDC,N/A - From RDC,Air Charter,Date Not Captured,N/A - From RDC,4-Aug-09,4-Aug-09,4-Aug-09,ARV,Adult,SCMS from RDC,"Lamivudine/Nevirapine/Zidovudine 150/200/300mg, tablets, 60 Tabs",Lamivudine/Nevirapine/Zidovudine,Generic,150/300/200mg,Tablet - FDC,60,23670,269838,11.4,0.19,"Aurobindo Unit III, India",Yes,2666,7445.8,528.88
12600,151-NG-T01,Pre-PQ Process,SO-27815,DN-1351,Nigeria,PMO - US,From RDC,N/A - From RDC,Air Charter,Date Not Captured,N/A - From RDC,4-Aug-09,4-Aug-09,4-Aug-09,ARV,Adult,SCMS from RDC,"Emtricitabine/Tenofovir Disoproxil Fumarate 200/300mg [Truvada], tablets, 30 Tabs",Emtricitabine/Tenofovir Disoproxil Fumarate,Truvada,300/200mg,Tablet - FDC,30,671,17613.75,26.25,0.88,"Aspen-OSD, Port Elizabeth, SA",Yes,59,7445.8,34.52
12601,110-ZM-T01,Pre-PQ Process,SO-31951,DN-1362,Zambia,PMO - US,From RDC,N/A - From RDC,Truck,Date Not Captured,N/A - From RDC,15-Sep-09,15-Sep-09,15-Sep-09,ARV,Adult,SCMS from RDC,"Zidovudine 300mg, tablets, 60 Tabs",Zidovudine,Generic,300mg,Tablet,60,12294,94786.74,7.71,0.13,Hetero Unit III Hyderabad IN,Yes,629,8281.69,185.78
12602,114-UG-T01,Pre-PQ Process,SO-31460,DN-1300,Uganda,PMO - US,From RDC,N/A - From RDC,Air,Date Not Captured,N/A - From RDC,15-Sep-09,15-Sep-09,15-Sep-09,ARV,Adult,SCMS from RDC,"Nevirapine 200mg, tablets, 60 Tabs",Nevirapine,Generic,200mg,Tablet,60,2250,6525,2.9,0.05,"Aurobindo Unit III, India",No,See DN-1300 (ID#:11669),See DN-1300 (ID#:11669),12.79
12603,114-UG-T01,Pre-PQ Process,SO-30120,DN-1369,Uganda,PMO - US,From RDC,N/A - From RDC,Air,Date Not Captured,N/A - From RDC,10-Aug-09,10-Aug-09,10-Aug-09,ARV,Adult,SCMS from RDC,"Lamivudine/Zidovudine 150/300mg, tablets, 60 Tabs",Lamivudine/Zidovudine,Generic,150/300mg,Tablet - FDC,60,2420,21199.2,8.76,0.15,Mylan (formerly Matrix) Nashik,Yes,202,1534.1,41.55
12604,111-MZ-T01,Pre-PQ Process,SO-32530,DN-1380,Mozambique,PMO - US,From RDC,N/A - From RDC,Truck,Date Not Captured,N/A - From RDC,17-Sep-09,17-Sep-09,17-Sep-09,ARV,Adult,SCMS from RDC,"Lamivudine/Nevirapine/Stavudine 150/200/30mg, tablets, 60 Tabs",Lamivudine/Nevirapine/Stavudine,Generic,150/200/30mg,Tablet - FDC,60,42000,299040,7.12,0.12,"Strides, Bangalore, India.",No,See DN-1380 (ID#:12000),See DN-1380 (ID#:12000),586.12
12608,111-MZ-T01,Pre-PQ Process,SO-32570,DN-1396,Mozambique,PMO - US,From RDC,N/A - From RDC,Truck,Date Not Captured,N/A - From RDC,7-Oct-09,7-Oct-09,7-Oct-09,ARV,Adult,SCMS from RDC,"Lamivudine/Stavudine 150/30mg, tablets, 60 Tabs",Lamivudine/Stavudine,Generic,150/30mg,Tablet - FDC,60,17500,68250,3.9,0.06,Mylan (formerly Matrix) Nashik,Yes,1292,1588.05,133.77
12609,110-ZM-T01,Pre-PQ Process,SO-17660,DN-1403,Zambia,PMO - US,From RDC,N/A - From RDC,Truck,Date Not Captured,N/A - From RDC,22-Sep-09,22-Sep-09,22-Sep-09,ARV,Adult,SCMS from RDC,"Efavirenz 600mg, tablets, 30 Tabs",Efavirenz,Generic,600mg,Tablet,30,88000,968000,11,0.37,"Aurobindo Unit III, India",Yes,7579,6759.28,1897.28
12610,109-TZ-T01,Pre-PQ Process,SO-18750,DN-1431,Tanzania,PMO - US,From RDC,N/A - From RDC,Truck,Date Not Captured,N/A - From RDC,25-Sep-09,25-Sep-09,25-Sep-09,ARV,Adult,SCMS from RDC,"Tenofovir Disoproxil Fumarate 300mg [Viread], tablets, 30 Tabs",Tenofovir Disoproxil Fumarate,Viread,300mg,Tablet,30,536,9112,17,0.57,"Aspen-OSD, Port Elizabeth, SA",Yes,41,2233.61,17.86
12611,110-ZM-T01,Pre-PQ Process,SO-32850,DN-1432,Zambia,PMO - US,From RDC,N/A - From RDC,Truck,Date Not Captured,N/A - From RDC,2-Oct-09,2-Oct-09,2-Oct-09,ARV,Adult,SCMS from RDC,"Lamivudine/Zidovudine 150/300mg, tablets, 60 Tabs",Lamivudine/Zidovudine,Generic,150/300mg,Tablet - FDC,60,111538,977072.88,8.76,0.15,"Aurobindo Unit III, India",No,See DN-1432 (ID#:12320),See DN-1432 (ID#:12320),1915.06
12612,111-MZ-T01,Pre-PQ Process,SO-26421,DN-1413,Mozambique,PMO - US,From RDC,N/A - From RDC,Air,Date Not Captured,N/A - From RDC,27-Aug-09,27-Aug-09,27-Aug-09,ARV,Adult,SCMS from RDC,"Lamivudine/Nevirapine/Stavudine 150/200/30mg, tablets, 60 Tabs",Lamivudine/Nevirapine/Stavudine,Generic,150/200/30mg,Tablet - FDC,60,98396,700579.52,7.12,0.12,"Strides, Bangalore, India.",Yes,7426,2400.25,1373.14
12613,151-NG-T01,Pre-PQ Process,SO-27820,DN-1440,Nigeria,PMO - US,From RDC,N/A - From RDC,Air Charter,Date Not Captured,N/A - From RDC,20-Oct-09,20-Oct-09,20-Oct-09,ARV,Adult,SCMS from RDC,"Emtricitabine/Tenofovir Disoproxil Fumarate 200/300mg, tablets, 30 Tabs",Emtricitabine/Tenofovir Disoproxil Fumarate,Generic,200/300mg,Tablet - FDC,30,121280,1425040,11.75,0.39,Mylan (formerly Matrix) Nashik,Yes,9813,9341.49,2793.08
12614,109-TZ-T01,Pre-PQ Process,SO-31282,DN-1459,Tanzania,PMO - US,From RDC,N/A - From RDC,Truck,Date Not Captured,N/A - From RDC,26-Oct-09,26-Oct-09,26-Oct-09,ARV,Adult,SCMS from RDC,"Abacavir 300mg, tablets, 60 Tabs",Abacavir,Generic,300mg,Tablet,60,15900,404655,25.45,0.42,Mylan (formerly Matrix) Nashik,Yes,1630,2217.5,793.12
12616,117-ET-T01,Pre-PQ Process,SO-33630,DN-1471,Ethiopia,PMO - US,From RDC,N/A - From RDC,Air,Date Not Captured,N/A - From RDC,6-Oct-09,6-Oct-09,6-Oct-09,ARV,Adult,SCMS from RDC,"Lamivudine 150mg, tablets, 60 Tabs",Lamivudine,Generic,150mg,Tablet,60,4275,10431,2.44,0.04,"Aurobindo Unit III, India",No,See DN-1471 (ID#:12015),See DN-1471 (ID#:12015),20.44
12617,106-HT-T01,Pre-PQ Process,SO-32770,DN-1465,Haiti,PMO - US,From RDC,N/A - From RDC,Air,Date Not Captured,N/A - From RDC,13-Oct-09,13-Oct-09,13-Oct-09,ARV,Adult,SCMS from RDC,"Efavirenz 600mg, tablets, 30 Tabs",Efavirenz,Generic,600mg,Tablet,30,36456,226756.32,6.22,0.21,"Aurobindo Unit III, India",Yes,3160,32104.3,444.44
12618,111-MZ-T01,Pre-PQ Process,SO-33340,DN-1485,Mozambique,PMO - US,From RDC,N/A - From RDC,Air,Date Not Captured,N/A - From RDC,13-Nov-09,13-Nov-09,13-Nov-09,ARV,Adult,SCMS from RDC,"Stavudine 30mg, capsules, 60 Caps",Stavudine,Generic,30mg,Capsule,60,945,1408.05,1.49,0.02,"Aurobindo Unit III, India",Yes,62,1074.8,3.04
12619,104-CI-T01,Pre-PQ Process,SO-34060,DN-1518,Côte d'Ivoire,PMO - US,From RDC,N/A - From RDC,Air,Date Not Captured,N/A - From RDC,16-Nov-09,16-Nov-09,16-Nov-09,ARV,Adult,SCMS from RDC,"Emtricitabine/Tenofovir Disoproxil Fumarate 200/300mg [Truvada], tablets, 30 Tabs",Emtricitabine/Tenofovir Disoproxil Fumarate,Truvada,300/200mg,Tablet - FDC,30,576,15120,26.25,0.88,"Aspen-OSD, Port Elizabeth, SA",Yes,Weight Captured Separately,Invoiced Separately,32.6
12620,111-MZ-T01,Pre-PQ Process,SO-15520,DN-1549,Mozambique,PMO - US,From RDC,N/A - From RDC,Air,Date Not Captured,N/A - From RDC,6-Jan-10,6-Jan-10,6-Jan-10,ARV,Adult,SCMS from RDC,"Stavudine 30mg, capsules, 60 Caps",Stavudine,Generic,30mg,Capsule,60,735,1073.1,1.46,0.02,"Aurobindo Unit III, India",Yes,47,955.36,2.31
12622,111-MZ-T01,Pre-PQ Process,SO-325,DN-18,Mozambique,PMO - US,From RDC,N/A - From RDC,Air,Pre-PQ Process,N/A - From RDC,29-Mar-07,29-Mar-07,29-Mar-07,ARV,Pediatric,SCMS from RDC,"Lamivudine 10mg/ml, oral solution, Bottle, 240 ml",Lamivudine,Generic,10mg/ml,Oral solution,240,7707,18805.08,2.44,0.01,"Cipla, Goa, India",Yes,Weight Captured Separately,2123.04,
12625,102-NG-T01,Pre-PQ Process,SO-131,DN-1,Nigeria,PMO - US,From RDC,N/A - From RDC,N/A,Pre-PQ Process,N/A - From RDC,20-Sep-06,13-Jul-06,13-Jul-06,HRDT,HIV test,SCMS from RDC,"HIV 1/2, Stat-Pak HIV, Kit, 20 Tests","HIV 1/2, Stat-Pak HIV, Kit",Stat-Pak,N/A,Test kit,20,50000,67500,1.35,0.07,Chembio Diagnostics Sys. Inc.,Yes,712,Freight Included in Commodity Cost,
12628,110-ZM-T01,Pre-PQ Process,SO-203,DN-39,Zambia,PMO - US,From RDC,N/A - From RDC,N/A,Pre-PQ Process,N/A - From RDC,28-Mar-07,28-Mar-07,28-Mar-07,ARV,Adult,SCMS from RDC,"Efavirenz 600mg, tablets, 30 Tabs",Efavirenz,Generic,600mg,Tablet,30,16033,260536.25,16.25,0.54,"Aurobindo Unit III, India",Yes,536,3807.29,
12630,111-MZ-T01,Pre-PQ Process,SO-380,DN-88,Mozambique,PMO - US,From RDC,N/A - From RDC,Air,Pre-PQ Process,N/A - From RDC,4-May-07,4-May-07,4-May-07,ARV,Pediatric,SCMS from RDC,"Efavirenz 50mg [Stocrin/Sustiva], capsule, 30 Caps",Efavirenz,Stocrin/Sustiva,50mg,Capsule,30,3756,12845.52,3.42,0.11,"MSD Manati, Puerto Rico, (USA)",Yes,Weight Captured Separately,679.6,
12631,110-ZM-T01,Pre-PQ Process,SO-232,DN-89,Zambia,PMO - US,From RDC,N/A - From RDC,N/A,Pre-PQ Process,N/A - From RDC,4-May-07,4-May-07,4-May-07,HRDT,HIV test,SCMS from RDC,"HIV 1/2, Determine Complete HIV Kit, 100 Tests","HIV 1/2, Determine Complete HIV Kit",Determine,N/A,Test kit,100,600,48000,80,0.8,ABBVIE GmbH & Co.KG Wiesbaden,No,See DN-89 (ID#:10813),See DN-89 (ID#:10813),
12632,110-ZM-T01,Pre-PQ Process,SO-309,DN-98,Zambia,PMO - US,From RDC,N/A - From RDC,N/A,Pre-PQ Process,N/A - From RDC,27-Apr-07,27-Apr-07,27-Apr-07,ARV,Adult,SCMS from RDC,"Nevirapine 200mg, tablets, 60 Tabs",Nevirapine,Generic,200mg,Tablet,60,43470,155187.9,3.57,0.06,"Ranbaxy, Paonta Shahib, India",Yes,4398,18137.64,
12633,110-ZM-T01,Pre-PQ Process,SO-478,DN-99,Zambia,PMO - US,From RDC,N/A - From RDC,N/A,Pre-PQ Process,N/A - From RDC,26-Apr-07,26-Apr-07,26-Apr-07,ARV,Pediatric,SCMS from RDC,"Efavirenz 50mg [Stocrin/Sustiva], capsule, 30 Caps",Efavirenz,Stocrin/Sustiva,50mg,Capsule,30,1030,3574.1,3.47,0.12,"MSD Manati, Puerto Rico, (USA)",Yes,48,574.56,
12635,110-ZM-T01,Pre-PQ Process,SO-205,DN-120,Zambia,PMO - US,From RDC,N/A - From RDC,N/A,Pre-PQ Process,N/A - From RDC,16-May-07,16-May-07,16-May-07,ARV,Adult,SCMS from RDC,"Tenofovir Disoproxil Fumarate 300mg [Viread], tablets, 30 Tabs",Tenofovir Disoproxil Fumarate,Viread,300mg,Tablet,30,4165,70805,17,0.57,Gilead(Nycomed) Oranienburg DE,Yes,265,1483.3,
12637,107-RW-T01,Pre-PQ Process,SO-490,DN-110,Rwanda,PMO - US,From RDC,N/A - From RDC,Air,Pre-PQ Process,N/A - From RDC,19-Apr-07,19-Apr-07,19-Apr-07,ARV,Adult,SCMS from RDC,"Lamivudine/Zidovudine 150/300mg, tablets, 60 Tabs",Lamivudine/Zidovudine,Generic,150/300mg,Tablet - FDC,60,38463,383860.74,9.98,0.17,"Cipla, Goa, India",Yes,3450,20896.5,
12638,110-ZM-T01,Pre-PQ Process,SO-311,DN-129,Zambia,PMO - US,From RDC,N/A - From RDC,N/A,Pre-PQ Process,N/A - From RDC,15-May-07,15-May-07,15-May-07,ARV,Adult,SCMS from RDC,"Nelfinavir (as mesilate) 250mg [Viracept], tablets, 270 Tabs",Nelfinavir (as mesilate),Viracept,250mg,Tablet,270,864,70346.88,81.42,0.3,Roche Madrid,No,See DN-129 (ID#:10818),See DN-129 (ID#:10818),
12639,102-NG-T01,Pre-PQ Process,SO-474,DN-138,Nigeria,PMO - US,From RDC,N/A - From RDC,N/A,Pre-PQ Process,N/A - From RDC,24-May-07,24-May-07,24-May-07,HRDT,HIV test,SCMS from RDC,"HIV 1/2, Stat-Pak HIV, Kit, 20 Tests","HIV 1/2, Stat-Pak HIV, Kit",Stat-Pak,N/A,Test kit,20,6000,162000,27,1.35,Chembio Diagnostics Sys. Inc.,Yes,1833,9666,
12641,110-ZM-T01,Pre-PQ Process,SO-374,DN-56,Zambia,PMO - US,From RDC,N/A - From RDC,N/A,Pre-PQ Process,N/A - From RDC,26-Mar-07,26-Mar-07,26-Mar-07,ARV,Adult,SCMS from RDC,"Lamivudine 150mg, tablets, 60 Tabs",Lamivudine,Generic,150mg,Tablet,60,3334,11035.54,3.31,0.06,"Ranbaxy, Paonta Shahib, India",Yes,179,1170.16,
12644,109-TZ-T01,Pre-PQ Process,SO-395,DN-66,Tanzania,PMO - US,From RDC,N/A - From RDC,Air,Pre-PQ Process,N/A - From RDC,13-Apr-07,13-Apr-07,13-Apr-07,HRDT,HIV test,SCMS from RDC,"HIV 1/2, Uni-Gold HIV Kit, 20 Tests","HIV 1/2, Uni-Gold HIV Kit",Uni-Gold,N/A,Test kit,20,100,3200,32,1.6,"Trinity Biotech, Plc",Yes,66,1004.6,
12646,111-MZ-T01,Pre-PQ Process,SO-260,DN-68,Mozambique,PMO - US,From RDC,N/A - From RDC,Air,Pre-PQ Process,N/A - From RDC,4-May-07,4-May-07,4-May-07,ARV,Adult,SCMS from RDC,"Nelfinavir (as mesilate) 250mg [Viracept], tablets, 270 Tabs",Nelfinavir (as mesilate),Viracept,250mg,Tablet,270,2579,205288.4,79.6,0.29,Roche Madrid,Yes,663,1824.11,
12648,100-CI-T01,Pre-PQ Process,SO-433,DN-77,Côte d'Ivoire,PMO - US,From RDC,N/A - From RDC,N/A,Pre-PQ Process,N/A - From RDC,30-Apr-07,30-Apr-07,30-Apr-07,ARV,Adult,SCMS from RDC,"Efavirenz 600mg, tablets, 30 Tabs",Efavirenz,Generic,600mg,Tablet,30,8148,132405,16.25,0.54,"Aurobindo Unit III, India",Yes,743,2660,
12649,100-CI-T01,Pre-PQ Process,SO-432,DN-82,Côte d'Ivoire,PMO - US,From RDC,N/A - From RDC,N/A,Pre-PQ Process,N/A - From RDC,30-Apr-07,30-Apr-07,30-Apr-07,ARV,Adult,SCMS from RDC,"Lamivudine/Nevirapine/Stavudine 150/200/30mg, tablets, 60 Tabs",Lamivudine/Nevirapine/Stavudine,Generic,150/200/30mg,Tablet - FDC,60,9000,67500,7.5,0.12,"Cipla, Goa, India",Yes,974,3166,
12654,109-TZ-T01,Pre-PQ Process,SO-306,DN-144,Tanzania,PMO - US,From RDC,N/A - From RDC,Air,Pre-PQ Process,N/A - From RDC,6-Jul-07,6-Jul-07,6-Jul-07,HRDT,HIV test,SCMS from RDC,"HIV 1/2, Bioline 3.0 Kit, Lancets, Capillary pipets, Alcohol swabs included, 25 Tests","HIV 1/2, Bioline 3.0 Kit, Lancets, Capillary pipets, Alcohol swabs included",Bioline,N/A,Test kit,25,1539,30780,20,0.8,"Standard Diagnostics, Korea",No,See DN-144 (ID#:12058),See DN-144 (ID#:12058),
12656,104-CI-T01,Pre-PQ Process,SO-517,DN-160,Côte d'Ivoire,PMO - US,From RDC,N/A - From RDC,N/A,Pre-PQ Process,N/A - From RDC,15-Jun-07,15-Jun-07,15-Jun-07,ARV,Adult,SCMS from RDC,"Nelfinavir (as mesilate) 250mg [Viracept], tablets, 270 Tabs",Nelfinavir (as mesilate),Viracept,250mg,Tablet,270,460,37453.2,81.42,0.3,Roche Madrid,No,See DN-160 (ID#:11397),See DN-160 (ID#:11397),
12658,111-MZ-T01,Pre-PQ Process,SO-671,DN-189,Mozambique,PMO - US,From RDC,N/A - From RDC,Air,Pre-PQ Process,N/A - From RDC,20-Jun-07,20-Jun-07,20-Jun-07,ARV,Adult,SCMS from RDC,"Lamivudine/Nevirapine/Stavudine 150/200/30mg, tablets, 60 Tabs",Lamivudine/Nevirapine/Stavudine,Generic,150/200/30mg,Tablet - FDC,60,62000,458800,7.4,0.12,"Cipla, Goa, India",Yes,5778,20299,734.08
12659,104-CI-T01,Pre-PQ Process,SO-518,DN-149,Côte d'Ivoire,PMO - US,From RDC,N/A - From RDC,N/A,Pre-PQ Process,N/A - From RDC,18-May-07,18-May-07,18-May-07,HRDT,HIV test,SCMS from RDC,"#108853** HIV, Genie II HIV-1/HIV-2 Kit, 40 Tests","HIV, Genie II HIV-1/HIV-2 Kit",Genie,N/A,Test kit,40,160,12160,76,1.9,Bio-Rad Laboratories,Yes,173,1754,
12661,104-CI-T01,Pre-PQ Process,SO-640,DN-173,Côte d'Ivoire,PMO - US,From RDC,N/A - From RDC,N/A,Pre-PQ Process,N/A - From RDC,21-Jun-07,21-Jun-07,21-Jun-07,ARV,Adult,SCMS from RDC,"Lamivudine/Zidovudine 150/300mg, tablets, 60 Tabs",Lamivudine/Zidovudine,Generic,150/300mg,Tablet - FDC,60,35074,374590.32,10.68,0.18,"Aurobindo Unit III, India",Yes,3116,1478,
12662,104-CI-T01,Pre-PQ Process,SO-641,DN-174,Côte d'Ivoire,PMO - US,From RDC,N/A - From RDC,N/A,Pre-PQ Process,N/A - From RDC,8-Jun-07,8-Jun-07,8-Jun-07,ARV,Adult,SCMS from RDC,"Tenofovir Disoproxil Fumarate 300mg [Viread], tablets, 30 Tabs",Tenofovir Disoproxil Fumarate,Viread,300mg,Tablet,30,621,10557,17,0.57,Gilead(Nycomed) Oranienburg DE,Yes,40,1388,
12663,109-TZ-T01,Pre-PQ Process,SO-758,DN-234,Tanzania,PMO - US,From RDC,N/A - From RDC,Air,Pre-PQ Process,N/A - From RDC,13-Jul-07,13-Jul-07,13-Jul-07,HRDT,HIV test,SCMS from RDC,"HIV 1/2, Capillus HIV Kit, 100 Tests","HIV 1/2, Capillus HIV Kit",Capillus,N/A,Test kit,100,2000,278000,139,1.39,"Trinity Biotech, Plc",Yes,1415,4458,444.8
12664,109-TZ-T01,Pre-PQ Process,SO-441,DN-246,Tanzania,PMO - US,From RDC,N/A - From RDC,Air,Pre-PQ Process,N/A - From RDC,13-Aug-07,13-Aug-07,13-Aug-07,ARV,Adult,SCMS from RDC,"Efavirenz 600mg, tablets, 30 Tabs",Efavirenz,Generic,600mg,Tablet,30,3149,51202.74,16.26,0.54,"Aurobindo Unit III, India",No,See DN-246 (ID#:11138),See DN-246 (ID#:11138),81.92
12665,107-RW-T01,Pre-PQ Process,SO-489,DN-248,Rwanda,PMO - US,From RDC,N/A - From RDC,Air,Pre-PQ Process,N/A - From RDC,26-Jul-07,26-Jul-07,26-Jul-07,ARV,Pediatric,SCMS from RDC,"Lopinavir/Ritonavir 80/20mg/ml [Kaletra], oral solution, cool, Bottle 5 x 60 ml",Lopinavir/Ritonavir,Kaletra,80/20mg/ml,Oral solution,300,50,2055,41.1,0.14,ABBVIE (Abbott) Logis. UK,Yes,50,661.06,3.29
12666,104-CI-T01,Pre-PQ Process,SO-733,DN-267,Côte d'Ivoire,PMO - US,From RDC,N/A - From RDC,N/A,Pre-PQ Process,N/A - From RDC,3-Aug-07,3-Aug-07,3-Aug-07,ARV,Adult,SCMS from RDC,"Lopinavir/Ritonavir 200/50mg [Aluvia], tablets, 120 Tabs",Lopinavir/Ritonavir,Aluvia,200/50mg,Tablet,120,3090,127122.6,41.14,0.34,ABBVIE Ludwigshafen Germany,Yes,650,2457,203.4
12667,104-CI-T01,Pre-PQ Process,SO-524,DN-268,Côte d'Ivoire,PMO - US,From RDC,N/A - From RDC,N/A,Pre-PQ Process,N/A - From RDC,14-Aug-07,14-Aug-07,14-Aug-07,ARV,Pediatric,SCMS from RDC,"Zidovudine 10mg/ml, oral solution, Bottle, 240 ml",Zidovudine,Generic,10mg/ml,Oral solution,240,5076,20050.2,3.95,0.02,"Aurobindo Unit III, India",No,See DN-268 (ID#:12074),See DN-268 (ID#:12074),32.08
12669,104-CI-T01,Pre-PQ Process,SO-410,DN-219,Côte d'Ivoire,PMO - US,From RDC,N/A - From RDC,N/A,Pre-PQ Process,N/A - From RDC,10-Jul-07,10-Jul-07,10-Jul-07,HRDT,HIV test - Ancillary,SCMS from RDC,"HIV, Pepti-LAV 1|2 (HIV-1|2 Ab differenciation, Immuno-Blot)","HIV, Pepti-LAV 1|2 (HIV-1|2 Ab differenciation, Immuno-Blot)",Pepti-LAV,N/A,Test kit - Ancillary,1,2,477.3,238.65,238.65,Bio-Rad Laboratories,Yes,6,1356,0.76
12670,104-CI-T01,Pre-PQ Process,SO-774,DN-242,Côte d'Ivoire,PMO - US,From RDC,N/A - From RDC,Air,Pre-PQ Process,N/A - From RDC,21-Aug-07,21-Aug-07,21-Aug-07,ARV,Adult,SCMS from RDC,"Abacavir 300mg, tablets, 60 Tabs",Abacavir,Generic,300mg,Tablet,60,3200,114560,35.8,0.6,"Aurobindo Unit III, India",No,See DN-242 (ID#:12077),See DN-242 (ID#:12077),183.3
12671,104-CI-T01,Pre-PQ Process,SO-815,DN-262,Côte d'Ivoire,PMO - US,From RDC,N/A - From RDC,N/A,Pre-PQ Process,N/A - From RDC,3-Aug-07,3-Aug-07,3-Aug-07,ARV,Adult,SCMS from RDC,"Lamivudine 150mg, tablets, 60 Tabs",Lamivudine,Generic,150mg,Tablet,60,22047,67022.88,3.04,0.05,"Ranbaxy, Paonta Shahib, India",Yes,1057,3348,107.24
12672,107-RW-T01,Pre-PQ Process,SO-824,DN-266,Rwanda,PMO - US,From RDC,N/A - From RDC,Air,Pre-PQ Process,N/A - From RDC,2-Aug-07,2-Aug-07,2-Aug-07,HRDT,HIV test,SCMS from RDC,"HIV 1/2/O, First Response HIV 1-2.0, v.3.0 Cards Kit, 30 Tests","HIV 1/2/O, First Response HIV 1-2.0, v.3.0 Cards Kit",First Response,N/A,Test kit,30,2034,33561,16.5,0.55,Premier Med. Corp Ltd. India,Yes,768,4465.1,53.7
12673,111-MZ-T01,Pre-PQ Process,SO-502,DN-282,Mozambique,PMO - US,From RDC,N/A - From RDC,Air,Pre-PQ Process,N/A - From RDC,10-Oct-07,10-Oct-07,10-Oct-07,ARV,Pediatric,SCMS from RDC,"Abacavir 20mg/ml, oral solution, Bottle, 240 ml",Abacavir,Generic,20mg/ml,Oral solution,240,1020,21930,21.5,0.09,"Aurobindo Unit III, India",No,See DN-282 (ID#:11144),See DN-282 (ID#:11144),35.09
12675,104-CI-T01,Pre-PQ Process,SO-590,DN-220,Côte d'Ivoire,PMO - US,From RDC,N/A - From RDC,N/A,Pre-PQ Process,N/A - From RDC,18-Jul-07,18-Jul-07,18-Jul-07,ARV,Adult,SCMS from RDC,"Saquinavir 200mg [Invirase], capsules, 270 Caps",Saquinavir,Invirase,200mg,Capsule,270,36,2831.04,78.64,0.29,Roche Basel,No,See DN-220 (ID#:10585),See DN-220 (ID#:10585),4.53
12676,104-CI-T01,Pre-PQ Process,SO-543,DN-227,Côte d'Ivoire,PMO - US,From RDC,N/A - From RDC,N/A,Pre-PQ Process,N/A - From RDC,18-Jul-07,18-Jul-07,18-Jul-07,HRDT,HIV test,SCMS from RDC,"HIV 1/2, Bioline 3.0 Kit, (no accessories), 30 Tests","HIV 1/2, Bioline 3.0 Kit (no accessories)",Bioline,N/A,Test kit,30,167,3340,20,0.67,"Standard Diagnostics, Korea",Yes,67,1439,5.34
12680,119-NA-T01,Pre-PQ Process,SO-884,DN-322,Namibia,PMO - US,From RDC,N/A - From RDC,N/A,Pre-PQ Process,N/A - From RDC,7-Sep-07,7-Sep-07,7-Sep-07,HRDT,HIV test,SCMS from RDC,"HIV 1/2, Determine Complete HIV Kit, 100 Tests","HIV 1/2, Determine Complete HIV Kit",Determine,N/A,Test kit,100,300,24000,80,0.8,ABBVIE GmbH & Co.KG Wiesbaden,No,See DN-322 (ID#:10587),See DN-322 (ID#:10587),38.4
12682,109-TZ-T01,Pre-PQ Process,SO-455,DN-290,Tanzania,PMO - US,From RDC,N/A - From RDC,N/A,Pre-PQ Process,N/A - From RDC,10-Sep-07,10-Sep-07,10-Sep-07,ARV,Adult,SCMS from RDC,"Efavirenz 600mg, tablets, 30 Tabs",Efavirenz,Generic,600mg,Tablet,30,8000,130080,16.26,0.54,"Aurobindo Unit III, India",No,See DN-290 (ID#:10859),See DN-290 (ID#:10859),208.13
12683,109-TZ-T01,Pre-PQ Process,SO-455,DN-290,Tanzania,PMO - US,From RDC,N/A - From RDC,N/A,Pre-PQ Process,N/A - From RDC,10-Sep-07,10-Sep-07,10-Sep-07,ARV,Adult,SCMS from RDC,"Lopinavir/Ritonavir 200/50mg [Aluvia], tablets, 120 Tabs",Lopinavir/Ritonavir,Aluvia,200/50mg,Tablet,120,4155,170770.5,41.1,0.34,ABBVIE Ludwigshafen Germany,No,See DN-290 (ID#:10859),See DN-290 (ID#:10859),273.23
12684,109-TZ-T01,Pre-PQ Process,SO-455,DN-290,Tanzania,PMO - US,From RDC,N/A - From RDC,N/A,Pre-PQ Process,N/A - From RDC,10-Sep-07,10-Sep-07,10-Sep-07,ARV,Pediatric,SCMS from RDC,"Lopinavir/Ritonavir 80/20mg/ml [Kaletra], oral solution, cool, Bottle 5 x 60 ml",Lopinavir/Ritonavir,Kaletra,80/20mg/ml,Oral solution,300,147,6041.7,41.1,0.14,ABBVIE (Abbott) Logis. UK,No,See DN-290 (ID#:10859),See DN-290 (ID#:10859),9.67
12685,111-MZ-T01,Pre-PQ Process,SO-298,DN-304,Mozambique,PMO - US,From RDC,N/A - From RDC,Air,Pre-PQ Process,N/A - From RDC,21-Sep-07,21-Sep-07,21-Sep-07,ARV,Adult,SCMS from RDC,"Efavirenz 600mg, tablets, 30 Tabs",Efavirenz,Generic,600mg,Tablet,30,2933,49127.75,16.75,0.56,"Aurobindo Unit III, India",No,See DN-304 (ID#:10589),See DN-304 (ID#:10589),78.6
12686,111-MZ-T01,Pre-PQ Process,SO-298,DN-304,Mozambique,PMO - US,From RDC,N/A - From RDC,Air,Pre-PQ Process,N/A - From RDC,21-Sep-07,21-Sep-07,21-Sep-07,ARV,Pediatric,SCMS from RDC,"Abacavir 20mg/ml, oral solution, Bottle, 240 ml",Abacavir,Generic,20mg/ml,Oral solution,240,59,1241.95,21.05,0.09,"Aurobindo Unit III, India",No,See DN-304 (ID#:10589),See DN-304 (ID#:10589),1.99
12688,104-CI-T01,Pre-PQ Process,SO-959,DN-320,Côte d'Ivoire,PMO - US,From RDC,N/A - From RDC,N/A,Pre-PQ Process,N/A - From RDC,30-Aug-07,30-Aug-07,30-Aug-07,ARV,Adult,SCMS from RDC,"Abacavir 300mg, tablets, 60 Tabs",Abacavir,Generic,300mg,Tablet,60,6000,165180,27.53,0.46,"Cipla, Patalganga, India",No,See DN-320 (ID#:10593),See DN-320 (ID#:10593),264.29
12690,100-ZW-T01,Pre-PQ Process,SO-898,DN-357,Zimbabwe,PMO - US,From RDC,N/A - From RDC,Truck,Pre-PQ Process,N/A - From RDC,18-Sep-07,18-Sep-07,18-Sep-07,ARV,Adult,SCMS from RDC,"Lamivudine/Zidovudine 150/300mg, tablets, 60 Tabs",Lamivudine/Zidovudine,Generic,150/300mg,Tablet - FDC,60,1560,14820,9.5,0.16,"Aurobindo Unit III, India",Yes,90,1106,23.71
12691,100-ZW-T01,Pre-PQ Process,SO-1074,DN-354,Zimbabwe,PMO - US,From RDC,N/A - From RDC,Truck,Pre-PQ Process,N/A - From RDC,18-Sep-07,18-Sep-07,18-Sep-07,ARV,Adult,SCMS from RDC,"Lamivudine/Stavudine 150/30mg, tablets, 30 Tabs",Lamivudine/Stavudine,Generic,150/30mg,Tablet - FDC,30,1600,3200,2,0.07,"Cipla, Goa, India",No,See DN-354 (ID#:10597),See DN-354 (ID#:10597),5.12
12694,114-UG-T01,Pre-PQ Process,SO-1081,DN-363,Uganda,PMO - US,From RDC,N/A - From RDC,N/A,Pre-PQ Process,N/A - From RDC,16-Oct-07,16-Oct-07,16-Oct-07,ARV,Adult,SCMS from RDC,"Lamivudine/Zidovudine 150/300mg, tablets, 60 Tabs",Lamivudine/Zidovudine,Generic,150/300mg,Tablet - FDC,60,1350,12825,9.5,0.16,"Aurobindo Unit III, India",Yes,80,739,20.52
12710,104-CI-T01,Pre-PQ Process,SO-963,DN-323,Côte d'Ivoire,PMO - US,From RDC,N/A - From RDC,N/A,Pre-PQ Process,N/A - From RDC,14-Sep-07,14-Sep-07,14-Sep-07,ARV,Pediatric,SCMS from RDC,"Abacavir 20mg/ml, oral solution, Bottle, 240 ml",Abacavir,Generic,20mg/ml,Oral solution,240,1500,24750,16.5,0.07,"Aurobindo Unit III, India",No,See DN-323 (ID#:10588),See DN-323 (ID#:10588),39.6
12711,117-ET-T01,Pre-PQ Process,SO-914,DN-332,Ethiopia,PMO - US,From RDC,N/A - From RDC,N/A,Pre-PQ Process,N/A - From RDC,4-Sep-07,4-Sep-07,4-Sep-07,ARV,Pediatric,SCMS from RDC,"Nevirapine 10mg/ml, oral suspension, Bottle, 240 ml",Nevirapine,Generic,10mg/ml,Oral suspension,240,10336,64083.2,6.2,0.03,"Aurobindo Unit III, India",No,See DN-332 (ID#:10613),See DN-332 (ID#:10613),102.53
12712,117-ET-T01,Pre-PQ Process,SO-914,DN-332,Ethiopia,PMO - US,From RDC,N/A - From RDC,N/A,Pre-PQ Process,N/A - From RDC,4-Sep-07,4-Sep-07,4-Sep-07,ARV,Pediatric,SCMS from RDC,"Nevirapine 10mg/ml, oral suspension, Bottle, 240 ml",Nevirapine,Generic,10mg/ml,Oral suspension,240,12512,77574.4,6.2,0.03,"Aurobindo Unit III, India",No,See DN-332 (ID#:10613),See DN-332 (ID#:10613),124.12
12714,110-ZM-T01,Pre-PQ Process,SO-626,DN-329,Zambia,PMO - US,From RDC,N/A - From RDC,N/A,Pre-PQ Process,N/A - From RDC,31-Aug-07,31-Aug-07,31-Aug-07,ARV,Adult,SCMS from RDC,"Lopinavir/Ritonavir 200/50mg [Aluvia], tablets, 120 Tabs",Lopinavir/Ritonavir,Aluvia,200/50mg,Tablet,120,4078,167605.8,41.1,0.34,ABBVIE Ludwigshafen Germany,Yes,885,4119.6,268.17
12715,104-CI-T01,Pre-PQ Process,SO-999,DN-349,Côte d'Ivoire,PMO - US,From RDC,N/A - From RDC,N/A,Pre-PQ Process,N/A - From RDC,12-Sep-07,12-Sep-07,12-Sep-07,ARV,Adult,SCMS from RDC,"Saquinavir 200mg [Invirase], capsules, 270 Caps",Saquinavir,Invirase,200mg,Capsule,270,7,550.48,78.64,0.29,Roche Basel,No,See DN-349 (ID#:10885),See DN-349 (ID#:10885),0.88
12716,110-ZM-T01,Pre-PQ Process,SO-977,DN-396,Zambia,PMO - US,From RDC,N/A - From RDC,N/A,Pre-PQ Process,N/A - From RDC,12-Nov-07,12-Nov-07,12-Nov-07,ARV,Pediatric,SCMS from RDC,"Nevirapine 10mg/ml, oral suspension, Bottle, 240 ml",Nevirapine,Generic,10mg/ml,Oral suspension,240,10996,68175.2,6.2,0.03,"Aurobindo Unit III, India",Yes,3967,13094.92,109.08
12718,106-HT-T01,Pre-PQ Process,SO-1099,DN-372,Haiti,PMO - US,From RDC,N/A - From RDC,N/A,Pre-PQ Process,N/A - From RDC,6-Oct-07,6-Oct-07,6-Oct-07,HRDT,HIV test,SCMS from RDC,"HIV 1/2, Determine Complete HIV Kit, 100 Tests","HIV 1/2, Determine Complete HIV Kit",Determine,N/A,Test kit,100,600,43200,72,0.72,ABBVIE GmbH & Co.KG Wiesbaden,Yes,137,1732.74,69.12
12723,110-ZM-T01,Pre-PQ Process,SO-535,DN-380,Zambia,PMO - US,From RDC,N/A - From RDC,N/A,Pre-PQ Process,N/A - From RDC,17-Oct-07,17-Oct-07,17-Oct-07,HRDT,HIV test - Ancillary,SCMS from RDC,"HIV, Lancet, Safety, for HIV Test kits, 100 Pcs","HIV, Lancet, Safety, for HIV Test kits, 100 Pcs",Generic,N/A,Test kit - Ancillary,100,872,8.72,0.01,0,Inverness Japan,No,See DN-380 (ID#:10622),See DN-380 (ID#:10622),0.01
12724,112-NG-T01,Pre-PQ Process,SO-565,DN-373,Nigeria,PMO - US,From RDC,N/A - From RDC,Air,Pre-PQ Process,N/A - From RDC,20-Sep-07,20-Sep-07,20-Sep-07,ARV,Pediatric,SCMS from RDC,"Nevirapine 10mg/ml, oral suspension, Bottle, 240 ml",Nevirapine,Generic,10mg/ml,Oral suspension,240,1622,10056.4,6.2,0.03,"Aurobindo Unit III, India",No,See DN-373 (ID#:10623),See DN-373 (ID#:10623),16.09
12729,111-MZ-T01,Pre-PQ Process,SO-1038,DN-426,Mozambique,PMO - US,From RDC,N/A - From RDC,Air,Pre-PQ Process,N/A - From RDC,29-Nov-07,29-Nov-07,29-Nov-07,ARV,Adult,SCMS from RDC,"Efavirenz 600mg, tablets, 30 Tabs",Efavirenz,Generic,600mg,Tablet,30,37300,463266,12.42,0.41,"Cipla, Goa, India",No,See DN-426 (ID#:10633),See DN-426 (ID#:10633),741.23
12734,104-CI-T01,Pre-PQ Process,SO-1245,DN-423,Côte d'Ivoire,PMO - US,From RDC,N/A - From RDC,Air,Pre-PQ Process,N/A - From RDC,13-Nov-07,13-Nov-07,13-Nov-07,ARV,Adult,SCMS from RDC,"Zidovudine 300mg, tablets, 60 Tabs",Zidovudine,Generic,300mg,Tablet,60,6,48.9,8.15,0.14,"Aurobindo Unit III, India",No,See DN-423 (ID#:11194),See DN-423 (ID#:11194),0.08
12735,100-ZW-T01,Pre-PQ Process,SO-1150,DN-425,Zimbabwe,PMO - US,From RDC,N/A - From RDC,Air,Pre-PQ Process,N/A - From RDC,16-Nov-07,16-Nov-07,16-Nov-07,ARV,Adult,SCMS from RDC,"Lamivudine/Nevirapine/Stavudine 150/200/30mg, tablets, 60 Tabs",Lamivudine/Nevirapine/Stavudine,Generic,150/200/30mg,Tablet - FDC,60,22,162.8,7.4,0.12,"Cipla, Goa, India",No,See DN-425 (ID#:11810),See DN-425 (ID#:11810),0.26
12736,104-CI-T01,Pre-PQ Process,SO-1546,DN-609,Côte d'Ivoire,PMO - US,From RDC,N/A - From RDC,Air,Pre-PQ Process,N/A - From RDC,19-Feb-08,19-Feb-08,19-Feb-08,ARV,Adult,SCMS from RDC,"Lamivudine/Stavudine 150/30mg, tablets, 30 Tabs",Lamivudine/Stavudine,Generic,150/30mg,Tablet - FDC,30,44000,88000,2,0.07,"Cipla, Goa, India",No,See DN-609 (ID#:11480),See DN-609 (ID#:11480),140.8
12737,104-CI-T01,Pre-PQ Process,SO-1663,DN-611,Côte d'Ivoire,PMO - US,From RDC,N/A - From RDC,Air,Pre-PQ Process,N/A - From RDC,6-Mar-08,19-Feb-08,19-Feb-08,ARV,Adult,SCMS from RDC,"Lamivudine/Nevirapine/Stavudine 150/200/30mg, tablets, 60 Tabs",Lamivudine/Nevirapine/Stavudine,Generic,150/200/30mg,Tablet - FDC,60,44400,328560,7.4,0.12,"Cipla, Goa, India",No,See DN-611 (ID#:12472),See DN-611 (ID#:12472),525.7
12738,105-GY-T01,Pre-PQ Process,SO-1233,DN-416,Guyana,PMO - US,From RDC,N/A - From RDC,Air,Pre-PQ Process,N/A - From RDC,7-Nov-07,7-Nov-07,7-Nov-07,ARV,Adult,SCMS from RDC,"Lopinavir/Ritonavir 200/50mg [Aluvia], tablets, 120 Tabs",Lopinavir/Ritonavir,Aluvia,200/50mg,Tablet,120,986,81049.2,82.2,0.68,ABBVIE Ludwigshafen Germany,No,See DN-416 (ID#:12125),See DN-416 (ID#:12125),129.68
12739,104-CI-T01,Pre-PQ Process,SO-1101,DN-434,Côte d'Ivoire,PMO - US,From RDC,N/A - From RDC,Air,Pre-PQ Process,N/A - From RDC,22-Nov-07,22-Nov-07,22-Nov-07,ARV,Pediatric,SCMS from RDC,"Abacavir 20mg/ml, oral solution, Bottle, 240 ml",Abacavir,Generic,20mg/ml,Oral solution,240,96,2400,25,0.1,"Aurobindo Unit III, India",No,See DN-434 (ID#:11483),See DN-434 (ID#:11483),3.84
12740,110-ZM-T01,Pre-PQ Process,SO-1078,DN-438,Zambia,PMO - US,From RDC,N/A - From RDC,N/A,Pre-PQ Process,N/A - From RDC,21-Nov-07,21-Nov-07,21-Nov-07,ARV,Adult,SCMS from RDC,"Lamivudine/Nevirapine/Stavudine 150/200/30mg, tablets, 60 Tabs",Lamivudine/Nevirapine/Stavudine,Generic,150/200/30mg,Tablet - FDC,60,18974,140407.6,7.4,0.12,"Cipla, Goa, India",Yes,1928,7194.3,224.65
12741,106-HT-T01,Pre-PQ Process,SO-1286,DN-458,Haiti,PMO - US,From RDC,N/A - From RDC,Air,Pre-PQ Process,N/A - From RDC,5-Dec-07,5-Dec-07,5-Dec-07,ARV,Pediatric,SCMS from RDC,"Efavirenz 200mg, capsule, 90 Caps",Efavirenz,Generic,200mg,Capsule,90,500,8000,16,0.18,"Aurobindo Unit III, India",No,See DN-458 (ID#:11814),See DN-458 (ID#:11814),12.8
12742,106-HT-T01,Pre-PQ Process,SO-1286,DN-458,Haiti,PMO - US,From RDC,N/A - From RDC,Air,Pre-PQ Process,N/A - From RDC,5-Dec-07,5-Dec-07,5-Dec-07,ARV,Pediatric,SCMS from RDC,"Zidovudine 100mg, capsules, 100 Caps",Zidovudine,Generic,100mg,Capsule,100,480,2635.2,5.49,0.05,"Aurobindo Unit III, India",No,See DN-458 (ID#:11814),See DN-458 (ID#:11814),4.22
12748,104-CI-T01,Pre-PQ Process,SO-604,DN-446,Côte d'Ivoire,PMO - US,From RDC,N/A - From RDC,Air,Pre-PQ Process,N/A - From RDC,30-Nov-07,30-Nov-07,30-Nov-07,ARV,Adult,SCMS from RDC,"Abacavir/Lamivudine/Zidovudine 300/150/300mg [Trizivir], tablets, 60 Tabs",Abacavir/Lamivudine/Zidovudine,Trizivir,300/150/300mg,Tablet - FDC,60,488,34160,70,1.17,GSK Ware (UK),No,See DN-446 (ID#:11204),See DN-446 (ID#:11204),54.66
12749,104-CI-T01,Pre-PQ Process,SO-1297,DN-449,Côte d'Ivoire,PMO - US,From RDC,N/A - From RDC,Air,Pre-PQ Process,N/A - From RDC,18-Dec-07,18-Dec-07,18-Dec-07,ARV,Adult,SCMS from RDC,"Lopinavir/Ritonavir 200/50mg [Aluvia], tablets, 120 Tabs",Lopinavir/Ritonavir,Aluvia,200/50mg,Tablet,120,403,16563.3,41.1,0.34,ABBVIE Ludwigshafen Germany,Yes,88,1603.44,26.5
12751,112-NG-T01,Pre-PQ Process,SO-567,DN-475,Nigeria,PMO - US,From RDC,N/A - From RDC,Air,Pre-PQ Process,N/A - From RDC,3-Dec-07,3-Dec-07,3-Dec-07,ARV,Adult,SCMS from RDC,"Lamivudine 150mg, tablets, 60 Tabs",Lamivudine,Generic,150mg,Tablet,60,645,2134.95,3.31,0.06,"Aurobindo Unit III, India",No,See DN-475 (ID#:10642),See DN-475 (ID#:10642),3.42
12752,112-NG-T01,Pre-PQ Process,SO-567,DN-475,Nigeria,PMO - US,From RDC,N/A - From RDC,Air,Pre-PQ Process,N/A - From RDC,3-Dec-07,3-Dec-07,3-Dec-07,ARV,Adult,SCMS from RDC,"Lamivudine/Nevirapine/Stavudine 150/200/30mg, tablets, 60 Tabs",Lamivudine/Nevirapine/Stavudine,Generic,150/200/30mg,Tablet - FDC,60,1542,11565,7.5,0.12,"Cipla, Goa, India",No,See DN-475 (ID#:10642),See DN-475 (ID#:10642),18.5
12753,111-MZ-T01,Pre-PQ Process,SO-1040,DN-487,Mozambique,PMO - US,From RDC,N/A - From RDC,Air,Pre-PQ Process,N/A - From RDC,8-Feb-08,8-Feb-08,8-Feb-08,ARV,Adult,SCMS from RDC,"Ritonavir 100mg [Norvir], capsules, cool, 84 Caps",Ritonavir,Norvir,100mg,Capsule,84,210,8055.6,38.36,0.46,ABBVIE (Abbott) Logis. UK,Yes,63,740.16,12.89
12754,104-CI-T01,Pre-PQ Process,SO-1483,DN-501,Côte d'Ivoire,PMO - US,From RDC,N/A - From RDC,Air,Pre-PQ Process,N/A - From RDC,14-Dec-07,14-Dec-07,14-Dec-07,ARV,Adult,SCMS from RDC,"Lamivudine/Nevirapine/Stavudine 150/200/30mg, tablets, 60 Tabs",Lamivudine/Nevirapine/Stavudine,Generic,150/200/30mg,Tablet - FDC,60,40000,296000,7.4,0.12,"Cipla, Goa, India",Yes,4026,13325,473.6
12755,102-NG-T01,Pre-PQ Process,SO-1504,DN-515,Nigeria,PMO - US,From RDC,N/A - From RDC,Air,Pre-PQ Process,N/A - From RDC,9-Jan-08,9-Jan-08,9-Jan-08,HRDT,HIV test,SCMS from RDC,"#108853** HIV, Genie II HIV-1/HIV-2 Kit, 40 Tests","HIV, Genie II HIV-1/HIV-2 Kit",Genie,N/A,Test kit,40,375,28500,76,1.9,Bio-Rad Laboratories,Yes,411,3147,45.6
12756,112-NG-T01,Pre-PQ Process,SO-1570,DN-535,Nigeria,PMO - US,From RDC,N/A - From RDC,Air,Pre-PQ Process,N/A - From RDC,9-Jan-08,9-Jan-08,9-Jan-08,ARV,Adult,SCMS from RDC,"Zidovudine 300mg, tablets, 60 Tabs",Zidovudine,Generic,300mg,Tablet,60,125,1018.75,8.15,0.14,"Aurobindo Unit III, India",No,See DN-535 (ID#:10658),See DN-535 (ID#:10658),1.63
12759,117-ET-T01,Pre-PQ Process,SO-1523,DN-520,Ethiopia,PMO - US,From RDC,N/A - From RDC,Air,Pre-PQ Process,N/A - From RDC,20-Dec-07,20-Dec-07,20-Dec-07,ARV,Adult,SCMS from RDC,"Lamivudine/Zidovudine 150/300mg, tablets, 60 Tabs",Lamivudine/Zidovudine,Generic,150/300mg,Tablet - FDC,60,9691,92064.5,9.5,0.16,"Aurobindo Unit III, India",Yes,899,6483,147.3
12760,111-MZ-T01,Pre-PQ Process,SO-1039,DN-601,Mozambique,PMO - US,From RDC,N/A - From RDC,Air,Pre-PQ Process,N/A - From RDC,8-Apr-08,5-Apr-08,5-Apr-08,ARV,Adult,SCMS from RDC,"Abacavir/Lamivudine/Zidovudine 300/150/300mg [Trizivir], tablets, 60 Tabs",Abacavir/Lamivudine/Zidovudine,Trizivir,300/150/300mg,Tablet - FDC,60,2067,144690,70,1.17,GSK Ware (UK),No,See DN-601 (ID#:10651),See DN-601 (ID#:10651),231.5
12761,114-UG-T01,Pre-PQ Process,SO-1820,DN-622,Uganda,PMO - US,From RDC,N/A - From RDC,N/A,Pre-PQ Process,N/A - From RDC,11-Mar-08,11-Mar-08,11-Mar-08,ARV,Adult,SCMS from RDC,"Lamivudine/Nevirapine/Stavudine 150/200/30mg, tablets, 60 Tabs",Lamivudine/Nevirapine/Stavudine,Generic,150/200/30mg,Tablet - FDC,60,1860,13764,7.4,0.12,"Cipla, Goa, India",Yes,192,1617.52,22.02
12762,100-ZW-T01,Pre-PQ Process,SO-710,DN-488,Zimbabwe,PMO - US,From RDC,N/A - From RDC,Air,Pre-PQ Process,N/A - From RDC,14-Jan-08,14-Jan-08,14-Jan-08,ARV,Adult,SCMS from RDC,"Lamivudine/Stavudine 150/30mg, tablets, 30 Tabs",Lamivudine/Stavudine,Generic,150/30mg,Tablet - FDC,30,1600,3200,2,0.07,"Cipla, Goa, India",No,See DN-488 (ID#:10652),See DN-488 (ID#:10652),5.12
12763,106-HT-T01,Pre-PQ Process,SO-1285,DN-627,Haiti,PMO - US,From RDC,N/A - From RDC,Air,Pre-PQ Process,N/A - From RDC,8-Mar-08,8-Mar-08,8-Mar-08,ARV,Adult,SCMS from RDC,"Zidovudine 300mg, tablets, 60 Tabs",Zidovudine,Generic,300mg,Tablet,60,3000,24450,8.15,0.14,"Aurobindo Unit III, India",No,See DN-627 (ID#:10926),See DN-627 (ID#:10926),39.12
12764,111-MZ-T01,Pre-PQ Process,SO-1039,DN-628,Mozambique,PMO - US,From RDC,N/A - From RDC,Air,Pre-PQ Process,N/A - From RDC,8-Apr-08,5-Apr-08,5-Apr-08,ARV,Adult,SCMS from RDC,"Efavirenz 600mg, tablets, 30 Tabs",Efavirenz,Generic,600mg,Tablet,30,12663,157274.46,12.42,0.41,"Aurobindo Unit III, India",No,See DN-628 (ID#:10654),See DN-628 (ID#:10654),251.64
12766,106-HT-T01,Pre-PQ Process,SO-1287,DN-614,Haiti,PMO - US,From RDC,N/A - From RDC,Air,Pre-PQ Process,N/A - From RDC,4-Mar-08,21-Feb-08,21-Feb-08,ARV,Adult,SCMS from RDC,"Lamivudine 150mg, tablets, 60 Tabs",Lamivudine,Generic,150mg,Tablet,60,32129,97672.16,3.04,0.05,"Ranbaxy, Paonta Shahib, India",No,See DN-614 (ID#:11219),See DN-614 (ID#:11219),156.28
12770,117-ET-T01,Pre-PQ Process,SO-1542,DN-541,Ethiopia,PMO - US,From RDC,N/A - From RDC,Air,Pre-PQ Process,N/A - From RDC,20-Dec-07,9-Jan-08,9-Jan-08,ARV,Adult,SCMS from RDC,"Lamivudine 150mg, tablets, 60 Tabs",Lamivudine,Generic,150mg,Tablet,60,29500,89680,3.04,0.05,"Ranbaxy, Paonta Shahib, India",Yes,1640,11273,143.49
12771,114-UG-T01,Pre-PQ Process,SO-1299,DN-534,Uganda,PMO - US,From RDC,N/A - From RDC,Air,Pre-PQ Process,N/A - From RDC,15-Feb-08,15-Feb-08,15-Feb-08,ARV,Adult,SCMS from RDC,"Lamivudine/Nevirapine/Stavudine 150/200/30mg, tablets, 60 Tabs",Lamivudine/Nevirapine/Stavudine,Generic,150/200/30mg,Tablet - FDC,60,6500,48100,7.4,0.12,"Cipla, Goa, India",Yes,667,3609.2,76.96
12772,104-CI-T01,Pre-PQ Process,SO-1679,DN-581,Côte d'Ivoire,PMO - US,From RDC,N/A - From RDC,Air,Pre-PQ Process,N/A - From RDC,5-Feb-08,5-Feb-08,5-Feb-08,ARV,Adult,SCMS from RDC,"Abacavir 300mg, tablets, 60 Tabs",Abacavir,Generic,300mg,Tablet,60,5836,160665.08,27.53,0.46,"Aurobindo Unit III, India",No,See DN-581 (ID#:10667),See DN-581 (ID#:10667),257.06
12773,104-CI-T01,Pre-PQ Process,SO-1112,DN-582,Côte d'Ivoire,PMO - US,From RDC,N/A - From RDC,Air,Pre-PQ Process,N/A - From RDC,1-Feb-08,1-Feb-08,1-Feb-08,ARV,Pediatric,SCMS from RDC,"Stavudine 1mg/ml, powder for oral solution, 200 ml",Stavudine,Generic,1mg/ml,Oral solution,200,2326,3535.52,1.52,0.01,"Aurobindo Unit III, India",Yes,232,1704.79,5.66
12774,114-UG-T01,Pre-PQ Process,SO-1082,DN-589,Uganda,PMO - US,From RDC,N/A - From RDC,N/A,Pre-PQ Process,N/A - From RDC,28-Feb-08,28-Feb-08,28-Feb-08,ARV,Adult,SCMS from RDC,"Nevirapine 200mg, tablets, 60 Tabs",Nevirapine,Generic,200mg,Tablet,60,328,1115.2,3.4,0.06,"Ranbaxy, Paonta Shahib, India",No,See DN-589 (ID#:10670),See DN-589 (ID#:10670),1.78
12776,100-ZW-T01,Pre-PQ Process,SO-714,DN-709,Zimbabwe,PMO - US,From RDC,N/A - From RDC,Air,Pre-PQ Process,N/A - From RDC,21-Apr-08,21-Apr-08,21-Apr-08,ARV,Adult,SCMS from RDC,"Efavirenz 600mg, tablets, 30 Tabs",Efavirenz,Generic,600mg,Tablet,30,1860,23101.2,12.42,0.41,Mylan (formerly Matrix) Nashik,No,See DN-709 (ID#:10945),See DN-709 (ID#:10945),36.96
12777,106-HT-T01,Pre-PQ Process,SO-2594,DN-802,Haiti,PMO - US,From RDC,N/A - From RDC,Air,Pre-PQ Process,N/A - From RDC,4-Jul-08,4-Jul-08,4-Jul-08,ARV,Adult,SCMS from RDC,"Lamivudine/Zidovudine 150/300mg, tablets, 60 Tabs",Lamivudine/Zidovudine,Generic,150/300mg,Tablet - FDC,60,14995,141702.75,9.45,0.16,"Cipla, Goa, India",Yes,1586,17289,226.72
12778,112-NG-T01,Pre-PQ Process,SO-2351,DN-717,Nigeria,PMO - US,From RDC,N/A - From RDC,Air,Pre-PQ Process,N/A - From RDC,18-Apr-08,18-Apr-08,18-Apr-08,ARV,Adult,SCMS from RDC,"Emtricitabine/Tenofovir Disoproxil Fumarate 200/300mg [Truvada], tablets, 30 Tabs",Emtricitabine/Tenofovir Disoproxil Fumarate,Truvada,300/200mg,Tablet - FDC,30,16,420,26.25,0.88,"Aspen-OSD, Port Elizabeth, SA",No,See DN-717 (ID#:11858),See DN-717 (ID#:11858),0.67
12779,104-CI-T01,Pre-PQ Process,SO-1901,DN-735,Côte d'Ivoire,PMO - US,From RDC,N/A - From RDC,Air,Pre-PQ Process,N/A - From RDC,14-May-08,14-May-08,14-May-08,ARV,Adult,SCMS from RDC,"Lamivudine/Nevirapine/Stavudine 150/200/30mg, tablets, 60 Tabs",Lamivudine/Nevirapine/Stavudine,Generic,150/200/30mg,Tablet - FDC,60,3847,28467.8,7.4,0.12,"Cipla, Goa, India",Yes,408,1514.68,45.55
12780,131-NG-T01,Pre-PQ Process,SO-2575,DN-737,Nigeria,PMO - US,From RDC,N/A - From RDC,Air,Pre-PQ Process,N/A - From RDC,14-May-08,14-May-08,14-May-08,ARV,Adult,SCMS from RDC,"Lamivudine/Nevirapine/Zidovudine 150/200/300mg, tablets, 60 Tabs",Lamivudine/Nevirapine/Zidovudine,Generic,150/300/200mg,Tablet - FDC,60,16610,220580.8,13.28,0.22,"Cipla, Goa, India",No,See DN-737 (ID#:11533),See DN-737 (ID#:11533),352.93
12781,109-TZ-T01,Pre-PQ Process,SO-2556,DN-748,Tanzania,PMO - US,From RDC,N/A - From RDC,Truck,Pre-PQ Process,N/A - From RDC,30-Jun-08,30-Jun-08,30-Jun-08,ARV,Adult,SCMS from RDC,"Lamivudine 150mg, tablets, 60 Tabs",Lamivudine,Generic,150mg,Tablet,60,8805,25622.55,2.91,0.05,"Ranbaxy, Paonta Shahib, India",No,See DN-748 (ID#:12484),See DN-748 (ID#:12484),41
12782,109-TZ-T01,Pre-PQ Process,SO-2556,DN-748,Tanzania,PMO - US,From RDC,N/A - From RDC,Truck,Pre-PQ Process,N/A - From RDC,30-Jun-08,30-Jun-08,30-Jun-08,ARV,Adult,SCMS from RDC,"Nevirapine 200mg, tablets, 60 Tabs",Nevirapine,Generic,200mg,Tablet,60,87768,298411.2,3.4,0.06,"Ranbaxy, Paonta Shahib, India",No,See DN-748 (ID#:12484),See DN-748 (ID#:12484),477.46
12783,104-CI-T01,Pre-PQ Process,SO-2045,DN-761,Côte d'Ivoire,PMO - US,From RDC,N/A - From RDC,Air,Pre-PQ Process,N/A - From RDC,2-Jun-08,2-Jun-08,2-Jun-08,ARV,Pediatric,SCMS from RDC,"Nevirapine 10mg/ml, oral suspension, Bottle, 240 ml",Nevirapine,Generic,10mg/ml,Oral suspension,240,5536,10629.12,1.92,0.01,"Aurobindo Unit III, India",No,See DN-761 (ID#:10951),See DN-761 (ID#:10951),17.01
12784,111-MZ-T01,Pre-PQ Process,SO-2670,DN-768,Mozambique,PMO - US,From RDC,N/A - From RDC,Truck,Pre-PQ Process,N/A - From RDC,18-Jul-08,18-Jul-08,18-Jul-08,ARV,Adult,SCMS from RDC,"Ritonavir 100mg [Norvir], capsules, cool, 84 Caps",Ritonavir,Norvir,100mg,Capsule,84,1358,13023.22,9.59,0.11,ABBVIE (Abbott) Logis. UK,Yes,387,2107.14,20.84
12785,110-ZM-T01,Pre-PQ Process,SO-2485,DN-828,Zambia,PMO - US,From RDC,N/A - From RDC,Truck,Pre-PQ Process,N/A - From RDC,29-Jul-08,29-Jul-08,29-Jul-08,ARV,Adult,SCMS from RDC,"Lamivudine/Zidovudine 150/300mg, tablets, 60 Tabs",Lamivudine/Zidovudine,Generic,150/300mg,Tablet - FDC,60,9474,89529.3,9.45,0.16,"Aurobindo Unit III, India",No,See DN-828 (ID#:10678),See DN-828 (ID#:10678),143.25
12786,109-TZ-T01,Pre-PQ Process,SO-10970,DN-831,Tanzania,PMO - US,From RDC,N/A - From RDC,Air,Pre-PQ Process,N/A - From RDC,21-Aug-08,21-Aug-08,21-Aug-08,ARV,Adult,SCMS from RDC,"Lamivudine/Nevirapine/Stavudine 150/200/30mg, tablets, 60 Tabs",Lamivudine/Nevirapine/Stavudine,Generic,150/200/30mg,Tablet - FDC,60,40000,296000,7.4,0.12,"Cipla, Goa, India",Yes,4289,24594.29,473.6
12788,106-HT-T01,Pre-PQ Process,SO-2053,DN-744,Haiti,PMO - US,From RDC,N/A - From RDC,Air,Pre-PQ Process,N/A - From RDC,2-Jun-08,2-Jun-08,2-Jun-08,ARV,Pediatric,SCMS from RDC,"Abacavir 20mg/ml, oral solution, Bottle, 240 ml",Abacavir,Generic,20mg/ml,Oral solution,240,224,3696,16.5,0.07,"Aurobindo Unit III, India",No,See DN-744 (ID#:10684),See DN-744 (ID#:10684),5.91
12789,117-ET-T01,Pre-PQ Process,SO-1950,DN-669,Ethiopia,PMO - US,From RDC,N/A - From RDC,N/A,Pre-PQ Process,N/A - From RDC,27-Mar-08,27-Mar-08,27-Mar-08,ARV,Adult,SCMS from RDC,"Stavudine 30mg, capsules, 60 Caps",Stavudine,Generic,30mg,Capsule,60,78460,119259.2,1.52,0.03,"Aurobindo Unit III, India",Yes,5184,17910,190.81
12790,106-HT-T01,Pre-PQ Process,SO-2050,DN-736,Haiti,PMO - US,From RDC,N/A - From RDC,Air,Pre-PQ Process,N/A - From RDC,29-May-08,29-May-08,29-May-08,ARV,Adult,SCMS from RDC,"Abacavir 300mg, tablets, 60 Tabs",Abacavir,Generic,300mg,Tablet,60,270,7433.1,27.53,0.46,Mylan (formerly Matrix) Nashik,Yes,862,9711.2,11.89
12791,106-HT-T01,Pre-PQ Process,SO-2050,DN-736,Haiti,PMO - US,From RDC,N/A - From RDC,Air,Pre-PQ Process,N/A - From RDC,29-May-08,29-May-08,29-May-08,ARV,Pediatric,SCMS from RDC,"Lamivudine 10mg/ml, oral solution, Bottle, 240 ml",Lamivudine,Generic,10mg/ml,Oral solution,240,2415,4757.55,1.97,0.01,"Aurobindo Unit III, India",No,See DN-736 (ID#:12790),See DN-736 (ID#:12790),7.61
12792,100-ZW-T01,Pre-PQ Process,SO-716,DN-770,Zimbabwe,PMO - US,From RDC,N/A - From RDC,Air,Pre-PQ Process,N/A - From RDC,9-Jun-08,9-Jun-08,9-Jun-08,ARV,Adult,SCMS from RDC,"Efavirenz 600mg, tablets, 30 Tabs",Efavirenz,Generic,600mg,Tablet,30,1860,23101.2,12.42,0.41,"Aurobindo Unit III, India",No,See DN-770 (ID#:10959),See DN-770 (ID#:10959),36.96
12793,136-RW-T01,Pre-PQ Process,SO-11520,DN-842,Cameroon,PMO - US,From RDC,N/A - From RDC,Air,Pre-PQ Process,N/A - From RDC,20-Aug-08,20-Aug-08,20-Aug-08,HRDT,HIV test,SCMS from RDC,"HIV 1/2, Uni-Gold HIV Kit, 20 Tests","HIV 1/2, Uni-Gold HIV Kit",Uni-Gold,N/A,Test kit,20,2000,64000,32,1.6,"Trinity Biotech, Plc",Yes,643,7805.33,102.4
12794,113-ZW-T01,Pre-PQ Process,SO-1052,DN-838,Zimbabwe,PMO - US,From RDC,N/A - From RDC,Truck,Pre-PQ Process,N/A - From RDC,26-Jul-08,26-Jul-08,26-Jul-08,HRDT,HIV test,SCMS from RDC,"HIV 1/2, Bioline 3.0 Kit, Lancets, Capillary pipets, Alcohol swabs included, 25 Tests","HIV 1/2, Bioline 3.0 Kit, Lancets, Capillary pipets, Alcohol swabs included",Bioline,N/A,Test kit,25,4342,86840,20,0.8,"Standard Diagnostics, Korea",No,See DN-838 (ID#:10718),See DN-838 (ID#:10718),138.94
12795,125-HT-T01,Pre-PQ Process,SO-1291,DN-686,Haiti,PMO - US,From RDC,N/A - From RDC,Air,Pre-PQ Process,N/A - From RDC,3-Apr-08,3-Apr-08,3-Apr-08,HRDT,HIV test,SCMS from RDC,"HIV 1/2, Determine HIV Kit, without Lancets, 100 Tests","HIV 1/2, Determine HIV Kit, without Lancets",Determine,N/A,Test kit,100,15,1080,72,0.72,Inverness Japan,No,See DN-686 (ID#:10691),See DN-686 (ID#:10691),1.73
12796,110-ZM-T01,Pre-PQ Process,SO-2545,DN-779,Zambia,PMO - US,From RDC,N/A - From RDC,Air,Pre-PQ Process,N/A - From RDC,19-Jun-08,19-Jun-08,19-Jun-08,ARV,Adult,SCMS from RDC,"Lamivudine/Stavudine 150/30mg, tablets, 30 Tabs",Lamivudine/Stavudine,Generic,150/30mg,Tablet - FDC,30,81198,162396,2,0.07,"Cipla, Goa, India",Yes,4678,30610.2,259.83
12797,106-HT-T01,Pre-PQ Process,SO-2042,DN-682,Haiti,PMO - US,From RDC,N/A - From RDC,Air,Pre-PQ Process,N/A - From RDC,21-Mar-08,21-Mar-08,21-Mar-08,ARV,Pediatric,SCMS from RDC,"Abacavir 20mg/ml, oral solution, Bottle, 240 ml",Abacavir,Generic,20mg/ml,Oral solution,240,128,2112,16.5,0.07,"Aurobindo Unit III, India",No,See DN-682 (ID#:10963),See DN-682 (ID#:10963),3.38
12798,112-NG-T01,Pre-PQ Process,SO-2356,DN-801,Nigeria,PMO - US,From RDC,N/A - From RDC,Air,Pre-PQ Process,N/A - From RDC,30-Jun-08,30-Jun-08,30-Jun-08,ARV,Adult,SCMS from RDC,"Tenofovir Disoproxil Fumarate 300mg [Viread], tablets, 30 Tabs",Tenofovir Disoproxil Fumarate,Viread,300mg,Tablet,30,48,816,17,0.57,"Aspen-OSD, Port Elizabeth, SA",Yes,4,213.75,1.31
12800,111-MZ-T01,Pre-PQ Process,SO-1615,DN-698,Mozambique,PMO - US,From RDC,N/A - From RDC,Air,Pre-PQ Process,N/A - From RDC,23-Jun-08,23-Jun-08,23-Jun-08,ARV,Adult,SCMS from RDC,"Efavirenz 600mg, tablets, 30 Tabs",Efavirenz,Generic,600mg,Tablet,30,2500,31050,12.42,0.41,"Aurobindo Unit III, India",No,See DN-698 (ID#:10970),See DN-698 (ID#:10970),49.68
12801,111-MZ-T01,Pre-PQ Process,SO-1615,DN-698,Mozambique,PMO - US,From RDC,N/A - From RDC,Air,Pre-PQ Process,N/A - From RDC,23-Jun-08,23-Jun-08,23-Jun-08,ARV,Adult,SCMS from RDC,"Lamivudine/Zidovudine 150/300mg, tablets, 60 Tabs",Lamivudine/Zidovudine,Generic,150/300mg,Tablet - FDC,60,1728,16416,9.5,0.16,"Cipla, Goa, India",No,See DN-698 (ID#:10970),See DN-698 (ID#:10970),26.27
12803,113-ZW-T01,Pre-PQ Process,SO-1921,DN-645,Zimbabwe,PMO - US,From RDC,N/A - From RDC,Truck,Pre-PQ Process,N/A - From RDC,7-Mar-08,7-Mar-08,7-Mar-08,ARV,Adult,SCMS from RDC,"Zidovudine 300mg, tablets, 60 Tabs",Zidovudine,Generic,300mg,Tablet,60,3180,25917,8.15,0.14,"Aurobindo Unit III, India",Yes,182,1593.48,41.47
12805,102-KE-T01,Pre-PQ Process,SO-1973,DN-697,Kenya,PMO - US,From RDC,N/A - From RDC,Truck,Pre-PQ Process,N/A - From RDC,31-Mar-08,31-Mar-08,31-Mar-08,HRDT,HIV test - Ancillary,SCMS from RDC,"HIV, Lancet, Safety, for HIV Test kits, 100 Pcs","HIV, Lancet, Safety, for HIV Test kits, 100 Pcs",Generic,N/A,Test kit - Ancillary,100,2000,20,0.01,0,Inverness Japan,No,See DN-697 (ID#:12202),See DN-697 (ID#:12202),0.03
12806,111-MZ-T01,Pre-PQ Process,SO-2217,DN-699,Mozambique,PMO - US,From RDC,N/A - From RDC,Air,Pre-PQ Process,N/A - From RDC,21-Apr-08,21-Apr-08,21-Apr-08,ARV,Adult,SCMS from RDC,"Nevirapine 200mg, tablets, 60 Tabs",Nevirapine,Generic,200mg,Tablet,60,3000,10200,3.4,0.06,Hetero Unit III Hyderabad IN,Yes,168,1074.95,16.32
12808,114-UG-T01,Pre-PQ Process,SO-1995,DN-683,Uganda,PMO - US,From RDC,N/A - From RDC,Air,Pre-PQ Process,N/A - From RDC,17-Apr-08,17-Apr-08,17-Apr-08,ARV,Pediatric,SCMS from RDC,"Nevirapine 10mg/ml, oral suspension, Bottle, 240 ml",Nevirapine,Generic,10mg/ml,Oral suspension,240,127,243.84,1.92,0.01,"Aurobindo Unit III, India",Yes,46,740.34,0.39
12809,117-ET-T01,Pre-PQ Process,SO-1536,DN-630,Ethiopia,PMO - US,From RDC,N/A - From RDC,Air,Pre-PQ Process,N/A - From RDC,1-Feb-08,6-Mar-08,6-Mar-08,ARV,Adult,SCMS from RDC,"Lamivudine 150mg, tablets, 60 Tabs",Lamivudine,Generic,150mg,Tablet,60,30874,93856.96,3.04,0.05,"Ranbaxy, Paonta Shahib, India",Yes,1822,9742,150.17
12810,113-ZW-T01,Pre-PQ Process,SO-1873,DN-773,Zimbabwe,PMO - US,From RDC,N/A - From RDC,Air,Pre-PQ Process,N/A - From RDC,17-Jun-08,17-Jun-08,17-Jun-08,HRDT,HIV test - Ancillary,SCMS from RDC,"HIV, Lancet, Safety, for HIV Test kits, 100 Pcs","HIV, Lancet, Safety, for HIV Test kits, 100 Pcs",Generic,N/A,Test kit - Ancillary,100,550,5.5,0.01,0,Inverness Japan,No,See DN-773 (ID#:11267),See DN-773 (ID#:11267),0.01
12811,113-ZW-T01,Pre-PQ Process,SO-1053,DN-774,Zimbabwe,PMO - US,From RDC,N/A - From RDC,Truck,Pre-PQ Process,N/A - From RDC,17-Jun-08,17-Jun-08,17-Jun-08,HRDT,HIV test,SCMS from RDC,"HIV 1/2, Determine HIV Kit, without Lancets, 100 Tests","HIV 1/2, Determine HIV Kit, without Lancets",Determine,N/A,Test kit,100,1800,129582,71.99,0.72,Inverness Japan,No,See DN-774 (ID#:11268),See DN-774 (ID#:11268),207.33
12812,114-UG-T01,Pre-PQ Process,SO-2621,DN-812,Uganda,PMO - US,From RDC,N/A - From RDC,Air,Pre-PQ Process,N/A - From RDC,21-Aug-08,21-Aug-08,21-Aug-08,ARV,Adult,SCMS from RDC,"Lamivudine/Nevirapine/Zidovudine 150/200/300mg, tablets, 60 Tabs",Lamivudine/Nevirapine/Zidovudine,Generic,150/300/200mg,Tablet - FDC,60,1400,18900,13.5,0.22,"Aurobindo Unit III, India",Yes,156,1282.6,30.24
12813,110-ZM-T01,Pre-PQ Process,SO-2484,DN-976,Zambia,PMO - US,From RDC,N/A - From RDC,Truck,Pre-PQ Process,N/A - From RDC,7-Nov-08,7-Nov-08,7-Nov-08,ARV,Adult,SCMS from RDC,"Efavirenz 600mg, tablets, 30 Tabs",Efavirenz,Generic,600mg,Tablet,30,35000,420350,12.01,0.4,Mylan (formerly Matrix) Nashik,Yes,2641,2938.92,823.89
12814,110-ZM-T01,Pre-PQ Process,SO-2487,DN-977,Zambia,PMO - US,From RDC,N/A - From RDC,Truck,Pre-PQ Process,N/A - From RDC,7-Nov-08,7-Nov-08,7-Nov-08,ARV,Adult,SCMS from RDC,"Lamivudine/Zidovudine 150/300mg, tablets, 60 Tabs",Lamivudine/Zidovudine,Generic,150/300mg,Tablet - FDC,60,50000,472500,9.45,0.16,"Aurobindo Unit III, India",Yes,4585,2938.92,926.1
12817,104-CI-T01,Pre-PQ Process,SO-16210,DN-1047,Côte d'Ivoire,PMO - US,From RDC,N/A - From RDC,Air,Pre-PQ Process,N/A - From RDC,19-Jan-09,19-Jan-09,19-Jan-09,ARV,Adult,SCMS from RDC,"Nevirapine 200mg, tablets, 60 Tabs",Nevirapine,Generic,200mg,Tablet,60,4100,13120,3.2,0.05,"Aurobindo Unit III, India",No,See DN-1047 (ID#:12215),See DN-1047 (ID#:12215),25.72
12818,102-KE-T01,Pre-PQ Process,SO-11460,DN-963,Kenya,PMO - US,From RDC,N/A - From RDC,Truck,Pre-PQ Process,N/A - From RDC,16-Oct-08,16-Oct-08,16-Oct-08,HRDT,HIV test,SCMS from RDC,"HIV 1/2, Bioline 3.0 Kit, Lancets, Capillary pipets, Alcohol swabs included, 25 Tests","HIV 1/2, Bioline 3.0 Kit, Lancets, Capillary pipets, Alcohol swabs included",Bioline,N/A,Test kit,25,19999,399980,20,0.8,"Standard Diagnostics, Korea",Yes,6074,1250,783.96
12819,109-TZ-T01,Pre-PQ Process,SO-2561,DN-845,Tanzania,PMO - US,From RDC,N/A - From RDC,Truck,Pre-PQ Process,N/A - From RDC,22-Aug-08,22-Aug-08,22-Aug-08,ARV,Adult,SCMS from RDC,"Lamivudine 150mg, tablets, 60 Tabs",Lamivudine,Generic,150mg,Tablet,60,32544,94703.04,2.91,0.05,"Aurobindo Unit III, India",Yes,1608,1700.32,151.52
12820,106-HT-T01,Pre-PQ Process,SO-12140,DN-860,Haiti,PMO - US,From RDC,N/A - From RDC,Air,Pre-PQ Process,N/A - From RDC,11-Aug-08,11-Aug-08,11-Aug-08,ARV,Pediatric,SCMS from RDC,"Stavudine 1mg/ml, powder for oral solution, 200 ml",Stavudine,Generic,1mg/ml,Oral solution,200,1500,2100,1.4,0.01,"Aurobindo Unit III, India",Yes,235,3022.74,3.36
12821,106-HT-T01,Pre-PQ Process,SO-12140,DN-860,Haiti,PMO - US,From RDC,N/A - From RDC,Air,Pre-PQ Process,N/A - From RDC,11-Aug-08,11-Aug-08,11-Aug-08,ARV,Pediatric,SCMS from RDC,"Efavirenz 50mg, capsule, 30 Caps",Efavirenz,Generic,50mg,Capsule,30,1500,3360,2.24,0.07,"Aurobindo Unit III, India",No,See DN-860 (ID#:12820),See DN-860 (ID#:12820),5.38
12822,112-NG-T01,Pre-PQ Process,SO-2729,DN-1008,Nigeria,PMO - US,From RDC,N/A - From RDC,Air,Pre-PQ Process,N/A - From RDC,17-Nov-08,17-Nov-08,17-Nov-08,ARV,Adult,SCMS from RDC,"Ritonavir 100mg [Norvir], capsules, cool, 4 x 84 Caps",Ritonavir,Norvir,100mg,Capsule,336,2,76.72,38.36,0.11,ABBVIE (Abbott) France,No,See DN-1008 (ID#:11570),See DN-1008 (ID#:11570),0.15
12823,130-NG-T01,Pre-PQ Process,SO-10660,DN-1011,Nigeria,PMO - US,From RDC,N/A - From RDC,Air,Pre-PQ Process,N/A - From RDC,20-Nov-08,20-Nov-08,20-Nov-08,ARV,Adult,SCMS from RDC,"Lamivudine/Stavudine 150/30mg, tablets, 60 Tabs",Lamivudine/Stavudine,Generic,150/30mg,Tablet - FDC,60,1152,4492.8,3.9,0.06,Mylan (formerly Matrix) Nashik,Yes,85,1266.05,8.81
12824,112-NG-T01,Pre-PQ Process,SO-2727,DN-888,Nigeria,PMO - US,From RDC,N/A - From RDC,Air,Pre-PQ Process,N/A - From RDC,31-Aug-08,31-Aug-08,31-Aug-08,ARV,Adult,SCMS from RDC,"Emtricitabine/Tenofovir Disoproxil Fumarate 200/300mg [Truvada], tablets, 30 Tabs",Emtricitabine/Tenofovir Disoproxil Fumarate,Truvada,300/200mg,Tablet - FDC,30,4,105,26.25,0.88,"Aspen-OSD, Port Elizabeth, SA",No,See DN-888 (ID#:11910),See DN-888 (ID#:11910),0.17
12825,130-NG-T01,Pre-PQ Process,SO-10550,DN-889,Nigeria,PMO - US,From RDC,N/A - From RDC,Air,Pre-PQ Process,N/A - From RDC,16-Sep-08,16-Sep-08,16-Sep-08,ARV,Adult,SCMS from RDC,"Lamivudine/Stavudine 150/30mg, tablets, 60 Tabs",Lamivudine/Stavudine,Generic,150/30mg,Tablet - FDC,60,784,3057.6,3.9,0.06,Mylan (formerly Matrix) Nashik,Yes,58,1102.98,4.89
12826,100-PK-T01,Pre-PQ Process,SO-14930,DN-1004,Pakistan,PMO - US,From RDC,N/A - From RDC,Air,Pre-PQ Process,N/A - From RDC,17-Nov-08,17-Nov-08,17-Nov-08,HRDT,HIV test - Ancillary,SCMS from RDC,"HIV, Lancet, Safety, for HIV Test kits, 100 Pcs","HIV, Lancet, Safety, for HIV Test kits, 100 Pcs",Generic,N/A,Test kit - Ancillary,100,12,0.12,0.01,0,Inverness Japan,No,See DN-1004 (ID#:11280),See DN-1004 (ID#:11280),0
12827,112-NG-T01,Pre-PQ Process,SO-11032,DN-920,Nigeria,PMO - US,From RDC,N/A - From RDC,Air,Pre-PQ Process,N/A - From RDC,26-Sep-08,26-Sep-08,26-Sep-08,ARV,Adult,SCMS from RDC,"Lopinavir/Ritonavir 200/50mg [Aluvia], tablets, 120 Tabs",Lopinavir/Ritonavir,Aluvia,200/50mg,Tablet,120,94,3863.4,41.1,0.34,ABBVIE Ludwigshafen Germany,Yes,27,1058,6.18
12828,102-KE-T01,Pre-PQ Process,SO-11450,DN-937,Kenya,PMO - US,From RDC,N/A - From RDC,Truck,Pre-PQ Process,N/A - From RDC,25-Sep-08,25-Sep-08,25-Sep-08,HRDT,HIV test,SCMS from RDC,"HIV 1/2, Bioline 3.0 Kit, Lancets, Capillary pipets, Alcohol swabs included, 25 Tests","HIV 1/2, Bioline 3.0 Kit, Lancets, Capillary pipets, Alcohol swabs included",Bioline,N/A,Test kit,25,20000,400000,20,0.8,"Standard Diagnostics, Korea",Yes,6067,1250,640
12829,110-ZM-T01,Pre-PQ Process,SO-2486,DN-912,Zambia,PMO - US,From RDC,N/A - From RDC,Truck,Pre-PQ Process,N/A - From RDC,23-Sep-08,23-Sep-08,23-Sep-08,ARV,Adult,SCMS from RDC,"Lamivudine/Zidovudine 150/300mg, tablets, 60 Tabs",Lamivudine/Zidovudine,Generic,150/300mg,Tablet - FDC,60,50000,472500,9.45,0.16,"Aurobindo Unit III, India",No,See DN-912 (ID#:11577),See DN-912 (ID#:11577),756
12830,127-KE-T01,Pre-PQ Process,SO-21980,DN-1049,Kenya,PMO - US,From RDC,N/A - From RDC,Air,Pre-PQ Process,N/A - From RDC,15-Jan-09,15-Jan-09,15-Jan-09,ARV,Adult,SCMS from RDC,"Efavirenz 600mg, tablets, 30 Tabs",Efavirenz,Generic,600mg,Tablet,30,3770,37.7,0.01,0,"Aurobindo Unit III, India",Yes,Weight Captured Separately,Invoiced Separately,0.07
12835,109-TZ-T01,Pre-PQ Process,SO-1697,DN-893,Tanzania,PMO - US,From RDC,N/A - From RDC,N/A,Pre-PQ Process,N/A - From RDC,15-Sep-08,15-Sep-08,15-Sep-08,ARV,Adult,SCMS from RDC,"Abacavir 300mg, tablets, 60 Tabs",Abacavir,Generic,300mg,Tablet,60,5730,157746.9,27.53,0.46,"Aurobindo Unit III, India",No,See DN-893 (ID#:11596),See DN-893 (ID#:11596),252.4
12836,111-MZ-T01,Pre-PQ Process,SO-15080,DN-1034,Mozambique,PMO - US,From RDC,N/A - From RDC,Air,Pre-PQ Process,N/A - From RDC,21-Feb-09,21-Feb-09,21-Feb-09,ARV,Adult,SCMS from RDC,"Indinavir 400mg [Crixivan], capsules, 180 Caps",Indinavir,Crixivan,400mg,Capsule,180,252,12600,50,0.28,"MSD, Haarlem, NL",No,See DN-1034 (ID#:10732),See DN-1034 (ID#:10732),24.7
12837,113-ZW-T01,Pre-PQ Process,SO-14000,DN-1044,Zimbabwe,PMO - US,From RDC,N/A - From RDC,Truck,Pre-PQ Process,N/A - From RDC,16-Feb-09,16-Feb-09,16-Feb-09,ARV,Adult,SCMS from RDC,"Efavirenz 600mg, tablets, 30 Tabs",Efavirenz,Generic,600mg,Tablet,30,4000,48040,12.01,0.4,"Aurobindo Unit III, India",No,See DN-1044 (ID#:10996),See DN-1044 (ID#:10996),94.16
12838,111-MZ-T01,Pre-PQ Process,SO-2424,DN-850,Mozambique,PMO - US,From RDC,N/A - From RDC,Air,Pre-PQ Process,N/A - From RDC,5-Sep-08,5-Sep-08,5-Sep-08,ARV,Adult,SCMS from RDC,"Lamivudine/Stavudine 150/30mg, tablets, 60 Tabs",Lamivudine/Stavudine,Generic,150/30mg,Tablet - FDC,60,11980,46722,3.9,0.06,Mylan (formerly Matrix) Nashik,No,See DN-850 (ID#:10733),See DN-850 (ID#:10733),74.76
12839,117-ET-T01,Pre-PQ Process,SO-14230,DN-907,Ethiopia,PMO - US,From RDC,N/A - From RDC,Truck,Pre-PQ Process,N/A - From RDC,16-Sep-08,16-Sep-08,16-Sep-08,ARV,Adult,SCMS from RDC,"Ritonavir 100mg [Norvir], capsules, cool, 4 x 84 Caps",Ritonavir,Norvir,100mg,Capsule,336,14,537.04,38.36,0.11,ABBVIE (Abbott) Logis. UK,Yes,25,505,0.86
12840,117-ET-T01,Pre-PQ Process,SO-14230,DN-907,Ethiopia,PMO - US,From RDC,N/A - From RDC,Truck,Pre-PQ Process,N/A - From RDC,16-Sep-08,16-Sep-08,16-Sep-08,ARV,Adult,SCMS from RDC,"Indinavir 400mg [Crixivan], capsules, 180 Caps",Indinavir,Crixivan,400mg,Capsule,180,50,2500,50,0.28,"MSD, Haarlem, NL",No,See DN-907 (ID#:12839),See DN-907 (ID#:12839),4
12841,117-ET-T01,Pre-PQ Process,SO-21350,DN-1037,Ethiopia,PMO - US,From RDC,N/A - From RDC,Air,Pre-PQ Process,N/A - From RDC,19-Dec-08,19-Dec-08,19-Dec-08,ARV,Pediatric,SCMS from RDC,"Lamivudine 10mg/ml, oral solution, Bottle, 240 ml",Lamivudine,Generic,10mg/ml,Oral solution,240,2005,3809.5,1.9,0.01,"Aurobindo Unit III, India",Yes,692,4983.22,7.47
12842,114-UG-T01,Pre-PQ Process,SO-17751,DN-1077,Uganda,PMO - US,From RDC,N/A - From RDC,Air,Pre-PQ Process,N/A - From RDC,19-Feb-09,19-Feb-09,19-Feb-09,ARV,Adult,SCMS from RDC,"Lamivudine/Nevirapine/Zidovudine 150/200/300mg, tablets, 60 Tabs",Lamivudine/Nevirapine/Zidovudine,Generic,150/300/200mg,Tablet - FDC,60,14600,172280,11.8,0.2,"Aurobindo Unit III, India",Yes,1657,9995.55,337.67
12843,104-CI-T01,Pre-PQ Process,SO-21841,DN-1098,Côte d'Ivoire,PMO - US,From RDC,N/A - From RDC,Air,Pre-PQ Process,N/A - From RDC,27-Feb-09,27-Feb-09,27-Feb-09,ARV,Pediatric,SCMS from RDC,"Zidovudine 10mg/ml, oral solution, Bottle, 240 ml",Zidovudine,Generic,10mg/ml,Oral solution,240,2800,5880,2.1,0.01,"Aurobindo Unit III, India",No,See DN-1098 (ID#:12242),See DN-1098 (ID#:12242),11.52
12844,113-ZW-T01,Pre-PQ Process,SO-18100,DN-1115,Zimbabwe,PMO - US,From RDC,N/A - From RDC,Truck,Pre-PQ Process,N/A - From RDC,6-Apr-09,6-Apr-09,6-Apr-09,ARV,Adult,SCMS from RDC,"Efavirenz 600mg, tablets, 30 Tabs",Efavirenz,Generic,600mg,Tablet,30,4000,48040,12.01,0.4,"Aurobindo Unit III, India",No,See DN-1115 (ID#:11008),See DN-1115 (ID#:11008),94.16
12845,100-PK-T01,Pre-PQ Process,SO-22440,DN-1147,Pakistan,PMO - US,From RDC,N/A - From RDC,Air,Pre-PQ Process,N/A - From RDC,1-Apr-09,1-Apr-09,1-Apr-09,HRDT,HIV test,SCMS from RDC,"HIV 1/2, Determine Complete HIV Kit, 100 Tests","HIV 1/2, Determine Complete HIV Kit",Determine,N/A,Test kit,100,28,2800,100,1,Inverness Japan,No,See DN-1147 (ID#:11610),See DN-1147 (ID#:11610),5.49
12846,100-PK-T01,Pre-PQ Process,SO-22440,DN-1147,Pakistan,PMO - US,From RDC,N/A - From RDC,Air,Pre-PQ Process,N/A - From RDC,1-Apr-09,1-Apr-09,1-Apr-09,HRDT,HIV test,SCMS from RDC,"HIV 1/2, Bioline 3.0 Kit, Lancets, Capillary pipets, Alcohol swabs included, 25 Tests","HIV 1/2, Bioline 3.0 Kit, Lancets, Capillary pipets, Alcohol swabs included",Bioline,N/A,Test kit,25,12,240,20,0.8,"Standard Diagnostics, Korea",No,See DN-1147 (ID#:11610),See DN-1147 (ID#:11610),0.47
12849,113-ZW-T01,Pre-PQ Process,SO-18100,DN-1115,Zimbabwe,PMO - US,From RDC,N/A - From RDC,Truck,Pre-PQ Process,N/A - From RDC,6-Apr-09,6-Apr-09,6-Apr-09,ARV,Adult,SCMS from RDC,"Lamivudine/Stavudine 150/30mg, tablets, 30 Tabs",Lamivudine/Stavudine,Generic,150/30mg,Tablet - FDC,30,8000,16000,2,0.07,"Cipla, Goa, India",No,See DN-1115 (ID#:11008),See DN-1115 (ID#:11008),31.36
12850,104-CI-T01,Pre-PQ Process,SO-21880,DN-1152,Côte d'Ivoire,PMO - US,From RDC,N/A - From RDC,Air,Pre-PQ Process,N/A - From RDC,30-Apr-09,30-Apr-09,30-Apr-09,ARV,Adult,SCMS from RDC,"Nevirapine 200mg, tablets, 60 Tabs",Nevirapine,Generic,200mg,Tablet,60,9599,28797,3,0.05,"Aurobindo Unit III, India",No,See DN-1152 (ID#:11010),See DN-1152 (ID#:11010),56.44
12851,104-CI-T01,Pre-PQ Process,SO-21880,DN-1152,Côte d'Ivoire,PMO - US,From RDC,N/A - From RDC,Air,Pre-PQ Process,N/A - From RDC,30-Apr-09,30-Apr-09,30-Apr-09,ARV,Adult,SCMS from RDC,"Tenofovir Disoproxil Fumarate 300mg, tablets, 30 Tabs",Tenofovir Disoproxil Fumarate,Generic,300mg,Tablet,30,2200,29216,13.28,0.44,Mylan (formerly Matrix) Nashik,No,See DN-1152 (ID#:11010),See DN-1152 (ID#:11010),57.26
12852,110-ZM-T01,Pre-PQ Process,SO-14040,DN-905,Zambia,PMO - US,From RDC,N/A - From RDC,Air,Pre-PQ Process,N/A - From RDC,23-Sep-08,23-Sep-08,23-Sep-08,ARV,Adult,SCMS from RDC,"Nevirapine 200mg, tablets, 60 Tabs",Nevirapine,Generic,200mg,Tablet,60,9408,31987.2,3.4,0.06,"Aurobindo Unit III, India",Yes,893,6269.7,51.18
12853,123-NG-T01,Pre-PQ Process,SO-11230,DN-883,Nigeria,PMO - US,From RDC,N/A - From RDC,Air,Pre-PQ Process,N/A - From RDC,24-Aug-08,24-Aug-08,24-Aug-08,ARV,Adult,SCMS from RDC,"Emtricitabine/Tenofovir Disoproxil Fumarate 200/300mg [Truvada], tablets, 30 Tabs",Emtricitabine/Tenofovir Disoproxil Fumarate,Truvada,300/200mg,Tablet - FDC,30,12696,333270,26.25,0.88,"Aspen-OSD, Port Elizabeth, SA",Yes,1114,7641.1,533.23
12854,110-ZM-T01,Pre-PQ Process,SO-2479,DN-861,Zambia,PMO - US,From RDC,N/A - From RDC,Truck,Pre-PQ Process,N/A - From RDC,20-Aug-08,20-Aug-08,20-Aug-08,ARV,Adult,SCMS from RDC,"Efavirenz 600mg, tablets, 30 Tabs",Efavirenz,Generic,600mg,Tablet,30,50000,600500,12.01,0.4,Mylan (formerly Matrix) Nashik,No,See DN-861 (ID#:11013),See DN-861 (ID#:11013),960.8
12857,109-TZ-T01,Pre-PQ Process,SO-11860,DN-852,Tanzania,PMO - US,From RDC,N/A - From RDC,Air,Pre-PQ Process,N/A - From RDC,22-Aug-08,22-Aug-08,22-Aug-08,ARV,Adult,SCMS from RDC,"Lamivudine/Zidovudine 150/300mg, tablets, 60 Tabs",Lamivudine/Zidovudine,Generic,150/300mg,Tablet - FDC,60,76427,722235.15,9.45,0.16,"Aurobindo Unit III, India",Yes,7017,5367.09,1155.58
12858,117-ET-T01,Pre-PQ Process,SO-22000,DN-1060,Ethiopia,PMO - US,From RDC,N/A - From RDC,Air,Pre-PQ Process,N/A - From RDC,18-Feb-09,18-Feb-09,18-Feb-09,ARV,Adult,SCMS from RDC,"Efavirenz 600mg, tablets, 30 Tabs",Efavirenz,Generic,600mg,Tablet,30,27590,293005.8,10.62,0.35,Mylan (formerly Matrix) Nashik,No,See DN-1060 (ID#:11618),See DN-1060 (ID#:11618),574.29
12859,117-ET-T01,Pre-PQ Process,SO-22010,DN-1061,Ethiopia,PMO - US,From RDC,N/A - From RDC,Air,Pre-PQ Process,N/A - From RDC,29-Jan-09,29-Jan-09,29-Jan-09,ARV,Adult,SCMS from RDC,"Efavirenz 600mg, tablets, 30 Tabs",Efavirenz,Generic,600mg,Tablet,30,11549,122650.38,10.62,0.35,"Aurobindo Unit III, India",No,See DN-1061 (ID#:11019),See DN-1061 (ID#:11019),240.39
12860,117-ET-T01,Pre-PQ Process,SO-22030,DN-1062,Ethiopia,PMO - US,From RDC,N/A - From RDC,Air,Pre-PQ Process,N/A - From RDC,4-Mar-09,4-Mar-09,4-Mar-09,ARV,Adult,SCMS from RDC,"Efavirenz 600mg, tablets, 30 Tabs",Efavirenz,Generic,600mg,Tablet,30,35299,374875.38,10.62,0.35,"Aurobindo Unit III, India",No,See DN-1062 (ID#:12256),See DN-1062 (ID#:12256),734.76
12862,123-NG-T01,Pre-PQ Process,SO-2554,DN-960,Nigeria,PMO - US,From RDC,N/A - From RDC,Air,Pre-PQ Process,N/A - From RDC,30-Oct-08,30-Oct-08,30-Oct-08,ARV,Adult,SCMS from RDC,"Nevirapine 200mg, tablets, 60 Tabs",Nevirapine,Generic,200mg,Tablet,60,6002,20406.8,3.4,0.06,"Aurobindo Unit III, India",No,See DN-960 (ID#:11945),See DN-960 (ID#:11945),40
12863,123-NG-T01,Pre-PQ Process,SO-13000,DN-1026,Nigeria,PMO - US,From RDC,N/A - From RDC,Air,Pre-PQ Process,N/A - From RDC,17-Dec-08,17-Dec-08,17-Dec-08,ARV,Adult,SCMS from RDC,"Stavudine 30mg, capsules, 60 Caps",Stavudine,Generic,30mg,Capsule,60,7876,12207.8,1.55,0.03,"Aurobindo Unit III, India",Yes,521,4608.92,23.93
12864,131-NG-T01,Pre-PQ Process,SO-22800,DN-1123,Nigeria,PMO - US,From RDC,N/A - From RDC,Air Charter,Pre-PQ Process,N/A - From RDC,19-Mar-09,19-Mar-09,19-Mar-09,ARV,Adult,SCMS from RDC,"Efavirenz 600mg, tablets, 30 Tabs",Efavirenz,Generic,600mg,Tablet,30,16000,155520,9.72,0.32,"Aurobindo Unit III, India",Yes,1364,Freight Included in Commodity Cost,304.82
12865,112-NG-T01,Pre-PQ Process,SO-20960,DN-1124,Nigeria,PMO - US,From RDC,N/A - From RDC,Air Charter,Pre-PQ Process,N/A - From RDC,19-Mar-09,19-Mar-09,19-Mar-09,ARV,Adult,SCMS from RDC,"Lamivudine/Zidovudine 150/300mg, tablets, 60 Tabs",Lamivudine/Zidovudine,Generic,150/300mg,Tablet - FDC,60,3231,28303.56,8.76,0.15,"Aurobindo Unit III, India",No,See DN-1124 (ID#:11620),See DN-1124 (ID#:11620),55.47
12866,151-NG-T01,Pre-PQ Process,SO-21806,DN-1140,Nigeria,PMO - US,From RDC,N/A - From RDC,Air Charter,Pre-PQ Process,N/A - From RDC,19-Mar-09,19-Mar-09,19-Mar-09,ARV,Adult,SCMS from RDC,"Lamivudine/Nevirapine/Zidovudine 150/200/300mg, tablets, 60 Tabs",Lamivudine/Nevirapine/Zidovudine,Generic,150/300/200mg,Tablet - FDC,60,67842,773398.8,11.4,0.19,"Aurobindo Unit III, India",Yes,7627,11492.86,1515.86
12868,104-CI-T01,Pre-PQ Process,SO-19340,DN-1122,Côte d'Ivoire,PMO - US,From RDC,N/A - From RDC,Air,Pre-PQ Process,N/A - From RDC,29-Apr-09,29-Apr-09,29-Apr-09,ARV,Adult,SCMS from RDC,"Lamivudine/Zidovudine 150/300mg, tablets, 60 Tabs",Lamivudine/Zidovudine,Generic,150/300mg,Tablet - FDC,60,28624,267634.4,9.35,0.16,"Aurobindo Unit III, India",Yes,2583,7608.7,524.56
12869,113-ZW-T01,Pre-PQ Process,SO-13980,DN-972,Zimbabwe,PMO - US,From RDC,N/A - From RDC,Truck,Pre-PQ Process,N/A - From RDC,31-Oct-08,31-Oct-08,31-Oct-08,ARV,Adult,SCMS from RDC,"Lamivudine/Stavudine 150/30mg, tablets, 30 Tabs",Lamivudine/Stavudine,Generic,150/30mg,Tablet - FDC,30,8000,16000,2,0.07,"Cipla, Goa, India",Yes,483,2947.59,31.36
12870,510-KE-T01,Pre-PQ Process,SO-12710,DN-879,Kenya,PMO - US,From RDC,N/A - From RDC,Truck,Pre-PQ Process,N/A - From RDC,20-Aug-08,20-Aug-08,20-Aug-08,HRDT,HIV test,SCMS from RDC,"HIV 1/2, Uni-Gold HIV Kit, 20 Tests","HIV 1/2, Uni-Gold HIV Kit",Uni-Gold,N/A,Test kit,20,1067,34144,32,1.6,"Trinity Biotech, Plc",Yes,297,3616.67,54.63
12871,104-CI-T01,Pre-PQ Process,SO-27020,DN-1160,Côte d'Ivoire,PMO - US,From RDC,N/A - From RDC,Air,Pre-PQ Process,N/A - From RDC,20-Mar-09,20-Mar-09,20-Mar-09,ARV,Adult,SCMS from RDC,"Lamivudine 150mg, tablets, 60 Tabs",Lamivudine,Generic,150mg,Tablet,60,10000,30400,3.04,0.05,"Ranbaxy, Paonta Shahib, India",Yes,Weight Captured Separately,Invoiced Separately,59.58
12873,123-NG-T01,Pre-PQ Process,SO-22830,DN-1166,Nigeria,PMO - US,From RDC,N/A - From RDC,Air Charter,Pre-PQ Process,N/A - From RDC,8-May-09,8-May-09,8-May-09,ARV,Pediatric,SCMS from RDC,"Efavirenz 200mg, capsule, 90 Caps",Efavirenz,Generic,200mg,Capsule,90,1132,17274.32,15.26,0.17,"Aurobindo Unit III, India",No,See DN-1166 (ID#:12271),See DN-1166 (ID#:12271),33.86
12874,113-ZW-T01,Pre-PQ Process,SO-18110,DN-1168,Zimbabwe,PMO - US,From RDC,N/A - From RDC,Truck,Pre-PQ Process,N/A - From RDC,27-Apr-09,27-Apr-09,27-Apr-09,ARV,Adult,SCMS from RDC,"Lamivudine/Nevirapine/Stavudine 150/200/30mg, tablets, 60 Tabs",Lamivudine/Nevirapine/Stavudine,Generic,150/200/30mg,Tablet - FDC,60,76000,562400,7.4,0.12,"Cipla, Goa, India",No,See DN-1168 (ID#:11031),See DN-1168 (ID#:11031),1102.3
12875,111-MZ-T01,Pre-PQ Process,SO-17531,DN-1181,Mozambique,PMO - US,From RDC,N/A - From RDC,Truck,Pre-PQ Process,N/A - From RDC,3-Jun-09,3-Jun-09,3-Jun-09,ARV,Adult,SCMS from RDC,"Lamivudine/Nevirapine/Stavudine 150/200/30mg, tablets, 60 Tabs",Lamivudine/Nevirapine/Stavudine,Generic,150/200/30mg,Tablet - FDC,60,135000,972000,7.2,0.12,"Strides, Bangalore, India.",Yes,10053,10211.52,1905.12
12876,109-TZ-T01,Pre-PQ Process,SO-18740,DN-1180,Tanzania,PMO - US,From RDC,N/A - From RDC,Truck,Pre-PQ Process,N/A - From RDC,11-May-09,11-May-09,11-May-09,ARV,Pediatric,SCMS from RDC,"Abacavir 20mg/ml, oral solution, Bottle, 240 ml",Abacavir,Generic,20mg/ml,Oral solution,240,1977,31928.55,16.15,0.07,"Aurobindo Unit III, India",No,See DN-1180 (ID#:11033),See DN-1180 (ID#:11033),62.58
12877,123-NG-T01,Pre-PQ Process,SO-22831,DN-1172,Nigeria,PMO - US,From RDC,N/A - From RDC,Air,Pre-PQ Process,N/A - From RDC,30-Apr-09,30-Apr-09,30-Apr-09,ARV,Adult,SCMS from RDC,"Nevirapine 200mg, tablets, 60 Tabs",Nevirapine,Generic,200mg,Tablet,60,248,793.6,3.2,0.05,"Aurobindo Unit III, India",Yes,24,1547.94,1.56
12878,112-NG-T01,Pre-PQ Process,SO-20962,DN-1182,Nigeria,PMO - US,From RDC,N/A - From RDC,Air,Pre-PQ Process,N/A - From RDC,30-Apr-09,30-Apr-09,30-Apr-09,ARV,Adult,SCMS from RDC,"Nevirapine 200mg, tablets, 60 Tabs",Nevirapine,Generic,200mg,Tablet,60,1067,3414.4,3.2,0.05,Hetero Unit III Hyderabad IN,Yes,60,1981.1,6.69
12879,123-NG-T01,Pre-PQ Process,SO-23430,DN-1183,Nigeria,PMO - US,From RDC,N/A - From RDC,Air Charter,Pre-PQ Process,N/A - From RDC,8-May-09,8-May-09,8-May-09,ARV,Adult,SCMS from RDC,"Lamivudine/Zidovudine 150/300mg, tablets, 60 Tabs",Lamivudine/Zidovudine,Generic,150/300mg,Tablet - FDC,60,35000,327250,9.35,0.16,"Aurobindo Unit III, India",Yes,3162,15128.37,641.41
12883,100-GH-T01,Pre-PQ Process,SO-30700,DN-1235,Ghana,PMO - US,From RDC,N/A - From RDC,Truck,Date Not Captured,N/A - From RDC,12-Aug-09,12-Aug-09,12-Aug-09,ARV,Adult,SCMS from RDC,"Zidovudine 300mg, tablets, 60 Tabs",Zidovudine,Generic,300mg,Tablet,60,8346,83.46,0.01,0,"Aurobindo Unit III, India",No,See DN-1235 (ID#:10769),See DN-1235 (ID#:10769),0.16
12885,112-NG-T01,Pre-PQ Process,SO-21050,DN-1244,Nigeria,PMO - US,From RDC,N/A - From RDC,Air Charter,Pre-PQ Process,N/A - From RDC,16-Jun-09,16-Jun-09,16-Jun-09,ARV,Adult,SCMS from RDC,"Efavirenz 600mg, tablets, 30 Tabs",Efavirenz,Generic,600mg,Tablet,30,2178,23522.4,10.8,0.36,"Aurobindo Unit III, India",No,See DN-1244 (ID#:11048),See DN-1244 (ID#:11048),46.1
12886,112-NG-T01,Pre-PQ Process,SO-21050,DN-1244,Nigeria,PMO - US,From RDC,N/A - From RDC,Air Charter,Pre-PQ Process,N/A - From RDC,16-Jun-09,16-Jun-09,16-Jun-09,ARV,Pediatric,SCMS from RDC,"Lamivudine 10mg/ml, oral solution, Bottle, 240 ml",Lamivudine,Generic,10mg/ml,Oral solution,240,806,1531.4,1.9,0.01,"Aurobindo Unit III, India",No,See DN-1244 (ID#:11048),See DN-1244 (ID#:11048),3
12887,114-UG-T01,Pre-PQ Process,SO-30070,DN-1254,Uganda,PMO - US,From RDC,N/A - From RDC,Air,Pre-PQ Process,N/A - From RDC,1-Jun-09,1-Jun-09,1-Jun-09,ARV,Adult,SCMS from RDC,"Lamivudine/Nevirapine/Stavudine 150/200/30mg, tablets, 60 Tabs",Lamivudine/Nevirapine/Stavudine,Generic,150/200/30mg,Tablet - FDC,60,3895,27732.4,7.12,0.12,"Strides, Bangalore, India.",Yes,289,2798.7,54.36
12892,123-NG-T01,Pre-PQ Process,SO-24480,DN-1276,Nigeria,PMO - US,From RDC,N/A - From RDC,Air Charter,Pre-PQ Process,N/A - From RDC,16-Jun-09,16-Jun-09,16-Jun-09,ARV,Adult,SCMS from RDC,"Indinavir 400mg [Crixivan], capsules, 180 Caps",Indinavir,Crixivan,400mg,Capsule,180,400,20000,50,0.28,"MSD, Haarlem, NL",Yes,89,7329.83,39.2
12893,151-NG-T01,Pre-PQ Process,SO-30024,DN-1291,Nigeria,PMO - US,From RDC,N/A - From RDC,Air Charter,Pre-PQ Process,N/A - From RDC,16-Jun-09,16-Jun-09,16-Jun-09,ARV,Adult,SCMS from RDC,"Lamivudine/Nevirapine/Zidovudine 150/200/300mg, tablets, 60 Tabs",Lamivudine/Nevirapine/Zidovudine,Generic,150/300/200mg,Tablet - FDC,60,3190,36366,11.4,0.19,"Aurobindo Unit III, India",Yes,361,7329.83,71.28
12894,123-NG-T01,Pre-PQ Process,SO-24481,DN-1296,Nigeria,PMO - US,From RDC,N/A - From RDC,Air Charter,Pre-PQ Process,N/A - From RDC,16-Jun-09,16-Jun-09,16-Jun-09,ARV,Adult,SCMS from RDC,"Indinavir 400mg [Crixivan], capsules, 180 Caps",Indinavir,Crixivan,400mg,Capsule,180,400,20000,50,0.28,"MSD, Haarlem, NL",No,See DN-1296 (ID#:10779),See DN-1296 (ID#:10779),39.2
12896,111-MZ-T01,Pre-PQ Process,SO-32110,DN-1305,Mozambique,PMO - US,From RDC,N/A - From RDC,Air,Date Not Captured,N/A - From RDC,20-Aug-09,20-Aug-09,20-Aug-09,ARV,Adult,SCMS from RDC,"Nevirapine 200mg, tablets, 60 Tabs",Nevirapine,Generic,200mg,Tablet,60,9310,29792,3.2,0.05,Hetero Unit III Hyderabad IN,Yes,376,2342.92,58.39
12897,110-ZM-T01,Pre-PQ Process,SO-17640,DN-1324,Zambia,PMO - US,From RDC,N/A - From RDC,Air,Date Not Captured,N/A - From RDC,4-Sep-09,4-Sep-09,4-Sep-09,ARV,Adult,SCMS from RDC,"Efavirenz 600mg, tablets, 30 Tabs",Efavirenz,Generic,600mg,Tablet,30,22260,244860,11,0.37,"Aurobindo Unit III, India",Yes,1921,2448.71,479.93
12898,111-MZ-T01,Pre-PQ Process,SO-26423,DN-1332,Mozambique,PMO - US,From RDC,N/A - From RDC,Truck,Date Not Captured,N/A - From RDC,27-Aug-09,27-Aug-09,27-Aug-09,ARV,Adult,SCMS from RDC,"Lamivudine 150mg, tablets, 60 Tabs",Lamivudine,Generic,150mg,Tablet,60,1894,4621.36,2.44,0.04,"Aurobindo Unit III, India",No,See DN-1332 (ID#:11663),See DN-1332 (ID#:11663),9.06
12899,151-NG-T01,Pre-PQ Process,SO-32647,DN-1341,Nigeria,PMO - US,From RDC,N/A - From RDC,Air Charter,Date Not Captured,N/A - From RDC,4-Aug-09,4-Aug-09,4-Aug-09,ARV,Adult,SCMS from RDC,"Lamivudine/Nevirapine/Zidovudine 150/200/300mg, tablets, 60 Tabs",Lamivudine/Nevirapine/Zidovudine,Generic,150/300/200mg,Tablet - FDC,60,1268,14455.2,11.4,0.19,"Aurobindo Unit III, India",Yes,143,7445.8,28.33
12900,110-ZM-T01,Pre-PQ Process,SO-30310,DN-1363,Zambia,PMO - US,From RDC,N/A - From RDC,Truck,Date Not Captured,N/A - From RDC,29-Sep-09,29-Sep-09,29-Sep-09,ARV,Adult,SCMS from RDC,"Efavirenz 600mg, tablets, 30 Tabs",Efavirenz,Generic,600mg,Tablet,30,27941,307351,11,0.37,"Emcure Plot No.P-2, I.T-B.T. Park, Phase II, MIDC, Hinjwadi, Pune, India",Yes,1970,6759.28,602.41
12902,106-HT-T01,Pre-PQ Process,SO-32750,DN-1372,Haiti,PMO - US,From RDC,N/A - From RDC,Air,Date Not Captured,N/A - From RDC,27-Aug-09,27-Aug-09,27-Aug-09,ARV,Pediatric,SCMS from RDC,"Zidovudine 10mg/ml, oral solution, Bottle, 240 ml",Zidovudine,Generic,10mg/ml,Oral solution,240,2757,5789.7,2.1,0.01,"Aurobindo Unit III, India",Yes,1038,11774.5,11.35
12903,106-HT-T01,Pre-PQ Process,SO-32760,DN-1373,Haiti,PMO - US,From RDC,N/A - From RDC,Air,Date Not Captured,N/A - From RDC,31-Jul-09,31-Jul-09,31-Jul-09,ARV,Pediatric,SCMS from RDC,"Zidovudine 100mg, capsules, 100 Caps",Zidovudine,Generic,100mg,Capsule,100,1260,6300,5,0.05,"Aurobindo Unit III, India",No,See DN-1373 (ID#:11062),See DN-1373 (ID#:11062),12.35
12904,106-HT-T01,Pre-PQ Process,SO-32730,DN-1374,Haiti,PMO - US,From RDC,N/A - From RDC,Air,Date Not Captured,N/A - From RDC,31-Jul-09,31-Jul-09,31-Jul-09,ARV,Adult,SCMS from RDC,"Stavudine 20mg, capsules, 60 Caps",Stavudine,Generic,20mg,Capsule,60,108,189,1.75,0.03,"Aurobindo Unit III, India",No,See DN-1374 (ID#:11999),See DN-1374 (ID#:11999),0.37
12905,104-CI-T01,Pre-PQ Process,SO-32220,DN-1390,Côte d'Ivoire,PMO - US,From RDC,N/A - From RDC,Air,Date Not Captured,N/A - From RDC,21-Aug-09,21-Aug-09,21-Aug-09,ARV,Adult,SCMS from RDC,"Lamivudine/Nevirapine/Zidovudine 150/200/300mg, tablets, 60 Tabs",Lamivudine/Nevirapine/Zidovudine,Generic,150/300/200mg,Tablet - FDC,60,18180,206343,11.35,0.19,"Aurobindo Unit III, India",Yes,2047,6739.08,404.43
12908,114-UG-T01,Pre-PQ Process,SO-32920,DN-1397,Uganda,PMO - US,From RDC,N/A - From RDC,Air,Date Not Captured,N/A - From RDC,24-Aug-09,24-Aug-09,24-Aug-09,ARV,Adult,SCMS from RDC,"Lamivudine 150mg, tablets, 60 Tabs",Lamivudine,Generic,150mg,Tablet,60,2237,5458.28,2.44,0.04,"Aurobindo Unit III, India",No,See DN-1397 (ID#:11678),See DN-1397 (ID#:11678),10.7
12909,114-UG-T01,Pre-PQ Process,SO-31440,DN-1408,Uganda,PMO - US,From RDC,N/A - From RDC,Ocean,Date Not Captured,N/A - From RDC,15-Sep-09,15-Sep-09,15-Sep-09,ARV,Adult,SCMS from RDC,"Lamivudine/Nevirapine/Zidovudine 150/200/300mg, tablets, 60 Tabs",Lamivudine/Nevirapine/Zidovudine,Generic,150/300/200mg,Tablet - FDC,60,8784,99698.4,11.35,0.19,Mylan (formerly Matrix) Nashik,Yes,1118,7338.54,195.41
12910,110-ZM-T01,Pre-PQ Process,SO-29030,DN-1407,Zambia,PMO - US,From RDC,N/A - From RDC,Truck,Date Not Captured,N/A - From RDC,19-Oct-09,19-Oct-09,19-Oct-09,ARV,Adult,SCMS from RDC,"Efavirenz 600mg, tablets, 30 Tabs",Efavirenz,Generic,600mg,Tablet,30,45964,367712,8,0.27,"Aurobindo Unit III, India",No,See DN-1407 (ID#:11681),See DN-1407 (ID#:11681),720.72
12911,104-CI-T01,Pre-PQ Process,SO-33220,DN-1422,Côte d'Ivoire,PMO - US,From RDC,N/A - From RDC,Air,Date Not Captured,N/A - From RDC,16-Sep-09,16-Sep-09,16-Sep-09,ARV,Pediatric,SCMS from RDC,"Lamivudine 10mg/ml, oral solution, Bottle, 240 ml",Lamivudine,Generic,10mg/ml,Oral solution,240,3181,6043.9,1.9,0.01,"Aurobindo Unit III, India",No,See DN-1422 (ID#:11682),See DN-1422 (ID#:11682),11.85
12912,114-UG-T01,Pre-PQ Process,SO-32940,DN-1425,Uganda,PMO - US,From RDC,N/A - From RDC,Air,Date Not Captured,N/A - From RDC,7-Oct-09,7-Oct-09,7-Oct-09,ARV,Adult,SCMS from RDC,"Efavirenz 600mg, tablets, 30 Tabs",Efavirenz,Generic,600mg,Tablet,30,29426,201568.1,6.85,0.23,"Aurobindo Unit III, India",Yes,2529,4031.3,395.07
12913,104-CI-T01,Pre-PQ Process,SO-33230,DN-1427,Côte d'Ivoire,PMO - US,From RDC,N/A - From RDC,Air,Date Not Captured,N/A - From RDC,25-Sep-09,25-Sep-09,25-Sep-09,ARV,Adult,SCMS from RDC,"Lamivudine 150mg, tablets, 60 Tabs",Lamivudine,Generic,150mg,Tablet,60,5830,14225.2,2.44,0.04,"Aurobindo Unit III, India",No,See DN-1427 (ID#:11683),See DN-1427 (ID#:11683),27.88
12914,151-NG-T01,Pre-PQ Process,SO-33332,DN-1435,Nigeria,PMO - US,From RDC,N/A - From RDC,Air Charter,Date Not Captured,N/A - From RDC,20-Oct-09,20-Oct-09,20-Oct-09,ARV,Adult,SCMS from RDC,"Lamivudine/Nevirapine/Zidovudine 150/200/300mg, tablets, 60 Tabs",Lamivudine/Nevirapine/Zidovudine,Generic,150/300/200mg,Tablet - FDC,60,17000,193800,11.4,0.19,"Aurobindo Unit III, India",Yes,1914,9341.49,379.85
12915,151-NG-T01,Pre-PQ Process,SO-33336,DN-1437,Nigeria,PMO - US,From RDC,N/A - From RDC,Air Charter,Date Not Captured,N/A - From RDC,20-Oct-09,20-Oct-09,20-Oct-09,ARV,Adult,SCMS from RDC,"Lamivudine/Nevirapine/Zidovudine 150/200/300mg, tablets, 60 Tabs",Lamivudine/Nevirapine/Zidovudine,Generic,150/300/200mg,Tablet - FDC,60,3001,34211.4,11.4,0.19,"Aurobindo Unit III, India",Yes,338,9341.49,67.05
12916,151-NG-T01,Pre-PQ Process,SO-27823,DN-1442,Nigeria,PMO - US,From RDC,N/A - From RDC,Air Charter,Date Not Captured,N/A - From RDC,20-Oct-09,20-Oct-09,20-Oct-09,ARV,Adult,SCMS from RDC,"Emtricitabine/Tenofovir Disoproxil Fumarate 200/300mg, tablets, 30 Tabs",Emtricitabine/Tenofovir Disoproxil Fumarate,Generic,200/300mg,Tablet - FDC,30,240,2820,11.75,0.39,Mylan (formerly Matrix) Nashik,Yes,22,9341.49,5.53
12917,151-NG-T01,Pre-PQ Process,SO-33338,DN-1445,Nigeria,PMO - US,From RDC,N/A - From RDC,Air Charter,Date Not Captured,N/A - From RDC,20-Oct-09,20-Oct-09,20-Oct-09,ARV,Adult,SCMS from RDC,"Lamivudine/Nevirapine/Zidovudine 150/200/300mg, tablets, 60 Tabs",Lamivudine/Nevirapine/Zidovudine,Generic,150/300/200mg,Tablet - FDC,60,25281,288203.4,11.4,0.19,"Aurobindo Unit III, India",Yes,2847,9341.49,564.88
12918,151-NG-T01,Pre-PQ Process,SO-33339,DN-1446,Nigeria,PMO - US,From RDC,N/A - From RDC,Air Charter,Date Not Captured,N/A - From RDC,20-Oct-09,20-Oct-09,20-Oct-09,ARV,Adult,SCMS from RDC,"Lamivudine/Nevirapine/Zidovudine 150/200/300mg, tablets, 60 Tabs",Lamivudine/Nevirapine/Zidovudine,Generic,150/300/200mg,Tablet - FDC,60,16912,192796.8,11.4,0.19,"Aurobindo Unit III, India",Yes,1905,9341.49,377.88
12919,110-ZM-T01,Pre-PQ Process,SO-33021,DN-1448,Zambia,PMO - US,From RDC,N/A - From RDC,Truck,Date Not Captured,N/A - From RDC,13-Oct-09,13-Oct-09,13-Oct-09,ARV,Adult,SCMS from RDC,"Efavirenz 600mg, tablets, 30 Tabs",Efavirenz,Generic,600mg,Tablet,30,22059,137206.98,6.22,0.21,"Emcure Plot No.P-2, I.T-B.T. Park, Phase II, MIDC, Hinjwadi, Pune, India",No,See DN-1448 (ID#:12012),See DN-1448 (ID#:12012),268.93
12920,111-MZ-T01,Pre-PQ Process,SO-26425,DN-1455,Mozambique,PMO - US,From RDC,N/A - From RDC,Truck,Date Not Captured,N/A - From RDC,17-Sep-09,17-Sep-09,17-Sep-09,ARV,Adult,SCMS from RDC,"Lamivudine/Nevirapine/Stavudine 150/200/30mg, tablets, 60 Tabs",Lamivudine/Nevirapine/Stavudine,Generic,150/200/30mg,Tablet - FDC,60,1604,11420.48,7.12,0.12,"Strides, Bangalore, India.",Yes,120,1799.88,22.38
12922,100-GH-T01,Pre-PQ Process,SO-33650,DN-1473,Ghana,PMO - US,From RDC,N/A - From RDC,Truck,Date Not Captured,N/A - From RDC,30-Sep-09,12-Aug-09,12-Aug-09,ARV,Pediatric,SCMS from RDC,"Lopinavir/Ritonavir 80/20mg/ml [Kaletra], oral solution, cool, Bottle 5 x 60 ml",Lopinavir/Ritonavir,Kaletra,80/20mg/ml,Oral solution,300,276,2.76,0.01,0,ABBVIE (Abbott) Logis. UK,No,See DN-1473 (ID#:11358),See DN-1473 (ID#:11358),0.01
12923,100-GH-T01,Pre-PQ Process,SO-33650,DN-1473,Ghana,PMO - US,From RDC,N/A - From RDC,Truck,Date Not Captured,N/A - From RDC,30-Sep-09,12-Aug-09,12-Aug-09,ARV,Pediatric,SCMS from RDC,"Lopinavir/Ritonavir 80/20mg/ml [Kaletra], oral solution, cool, Bottle 5 x 60 ml",Lopinavir/Ritonavir,Kaletra,80/20mg/ml,Oral solution,300,896,8.96,0.01,0,ABBVIE (Abbott) Logis. UK,No,See DN-1473 (ID#:11358),See DN-1473 (ID#:11358),0.02
12925,106-HT-T01,Pre-PQ Process,SO-34250,DN-1497,Haiti,PMO - US,From RDC,N/A - From RDC,Air,Date Not Captured,N/A - From RDC,22-Oct-09,22-Oct-09,22-Oct-09,ARV,Adult,SCMS from RDC,"Stavudine 30mg, capsules, 60 Caps",Stavudine,Generic,30mg,Capsule,60,4410,6438.6,1.46,0.02,"Aurobindo Unit III, India",Yes,286,3842.22,13.88
12926,117-ET-T01,Pre-PQ Process,SO-34350,DN-1502,Ethiopia,PMO - US,From RDC,N/A - From RDC,Air,Date Not Captured,N/A - From RDC,27-Oct-09,27-Oct-09,27-Oct-09,ARV,Adult,SCMS from RDC,"Nevirapine 200mg, tablets, 60 Tabs",Nevirapine,Generic,200mg,Tablet,60,12873,37331.7,2.9,0.05,"Aurobindo Unit III, India",Yes,1258,6027.68,80.49
12929,102-KE-T30,FPQ-4587,SCMS-58380,ASN-5901,Kenya,PMO - US,Direct Drop,EXW,Air,11/18/09,12/2/09,16-Feb-10,19-Feb-10,19-Feb-10,HRDT,HIV test,"Orgenics, Ltd","HIV 1/2, Determine Complete HIV Kit, 100 Tests","HIV 1/2, Determine Complete HIV Kit",Determine,N/A,Test kit,100,1,80,80,0.8,Inverness Japan,Yes,1028,10083.69,0.17
12935,108-VN-T30,FPQ-12051,SCMS-188650,ASN-23215,Vietnam,PMO - US,Direct Drop,EXW,Air,5/3/13,5/15/13,9-Jan-14,9-Jan-14,9-Jan-14,ARV,Adult,MYLAN LABORATORIES LTD (FORMERLY MATRIX LABORATORIES),"Lamivudine/Zidovudine 150/300mg, tablets, 60 Tabs",Lamivudine/Zidovudine,Generic,150/300mg,Tablet - FDC,60,11092,74871,6.75,0.11,Mylan (formerly Matrix) Nashik,Yes,957,1869.41,92.62
12959,110-ZM-T30,FPQ-14827,SCMS-256500,ASN-31164,Zambia,PMO - US,Direct Drop,EXW,Air,8/19/14,9/19/14,12-May-15,12-May-15,14-May-15,HRDT,HIV test,"Orgenics, Ltd","HIV 1/2, Determine Complete HIV Kit, 100 Tests","HIV 1/2, Determine Complete HIV Kit",Determine,N/A,Test kit,100,6280,502400,80,0.8,"Alere Medical Co., Ltd.",Yes,2548,28709.52,516.47
12973,106-HT-T30,FPQ-9066,SCMS-138620,ASN-14950,Haiti,PMO - US,Direct Drop,EXW,Air,1/6/12,2/24/12,12-Jun-12,12-Jun-12,12-Jun-12,ARV,Pediatric,CIPLA LIMITED,"Lamivudine/Nevirapine/Stavudine 30/50/6mg, dispersible tablets, 60 Tabs",Lamivudine/Nevirapine/Stavudine,Generic,30/50/6mg,Chewable/dispersible tablet - FDC,60,298,685.4,2.3,0.04,"Cipla, Goa, India",Yes,21,304.62,0.96
12981,105-SS-T30,FPQ-11754,SCMS-181400,ASN-19428,South Sudan,PMO - US,Direct Drop,EXW,Air,2/22/13,4/1/13,16-Aug-13,16-Aug-13,16-Aug-13,HRDT,HIV test,"Orgenics, Ltd","HIV 1/2, Determine Complete HIV Kit, 100 Tests","HIV 1/2, Determine Complete HIV Kit",Determine,N/A,Test kit,100,90,8010,89,0.89,"Alere Medical Co., Ltd.",Yes,39,1434.98,9.91
13004,111-MZ-T30,FPQ-15276,SCMS-263040,ASN-31553,Mozambique,PMO - US,Direct Drop,FCA,Air,10/28/14,11/7/14,15-Apr-15,15-Apr-15,15-Apr-15,ARV,Adult,ABBVIE LOGISTICS (FORMERLY ABBOTT LOGISTICS BV),"Ritonavir 100mg [Norvir], film coated tablets, 60 Tabs",Ritonavir,Norvir,100mg,Tablet,60,400,2740,6.85,0.11,ABBVIE Ludwigshafen Germany,Yes,62,642.99,3.22
13007,102-BI-T30,FPQ-11670,SCMS-179360,ASN-19161,Burundi,PMO - US,Direct Drop,EXW,Air,2/20/13,3/14/13,10-Jun-13,10-Jun-13,10-Jun-13,HRDT,HIV test,"Orgenics, Ltd","HIV 1/2, Determine Complete HIV Kit, 100 Tests","HIV 1/2, Determine Complete HIV Kit",Determine,N/A,Test kit,100,1468,117440,80,0.8,"Alere Medical Co., Ltd.",Yes,638,12922.07,145.27
13016,102-BI-T30,FPQ-9231,SCMS-141760,ASN-14830,Burundi,PMO - US,Direct Drop,EXW,Air,2/17/12,4/9/12,1-Jun-12,1-Jun-12,1-Jun-12,HRDT,HIV test,"CHEMBIO DIAGNOSTIC SYSTEMS, INC.","HIV 1/2, Stat-Pak Dipstick Assay Kit, 30 Tests","HIV 1/2, Stat-Pak Dipstick Assay Kit",Stat-Pak,N/A,Test kit,30,305,7777.5,25.5,0.85,Chembio Diagnostics Sys. Inc.,Yes,34,836.8,10.9
13020,122-HT-T30,FPQ-8671,SCMS-131040,ASN-13448,Haiti,PMO - US,Direct Drop,EXW,Air,11/9/11,12/29/11,30-Jan-12,30-Jan-12,30-Jan-12,MRDT,Malaria,Premier Medical Corporation Ltd.,"Malaria Antigen P.f Kit, 30 x 1 Test","Malaria Antigen P.f Kit, 30 x 1 Test",Generic,N/A,Test kit,30,3,49.5,16.5,0.55,Premier Medical Corporation,Yes,1,969.55,0.07
13027,108-VN-T30,FPQ-13524,SCMS-226220,ASN-26923,Vietnam,PMO - US,Direct Drop,EXW,Air,2/6/14,3/10/14,29-Jul-14,29-Jul-14,6-Aug-14,ARV,Adult,HETERO LABS LIMITED,"Efavirenz 600mg, tablets, 30 Tabs",Efavirenz,Generic,600mg,Tablet,30,5300,18550,3.5,0.12,Hetero Unit III Hyderabad IN,Yes,2922,5616.02,19.07
13038,161-ZA-T30,FPQ-7175,SCMS-103410,ASN-12172,South Africa,PMO - US,Direct Drop,DDP,Ocean,3/10/11,3/24/11,14-Sep-11,27-Oct-11,27-Oct-11,ARV,Pediatric,Aurobindo Pharma Limited,"Efavirenz 50mg, capsule, 30 Caps",Efavirenz,Generic,50mg,Capsule,30,54768,133633.92,2.44,0.08,"Aurobindo Unit III, India",Yes,3237,10923.46,220.5
13064,116-ZA-T30,FPQ-14942,SCMS-259075,ASN-32122,South Africa,PMO - US,Direct Drop,DDP,Truck,9/11/14,5/11/15,12-May-15,12-May-15,12-May-15,ARV,Adult,PHARMACY DIRECT,"Abacavir 300mg, tablets, 60 Tabs",Abacavir,Generic,300mg,Tablet,60,25,1246.3,49.85,0.83,"Aurobindo Unit III, India",Yes,Weight Captured Separately,Freight Included in Commodity Cost,1.28
13091,116-ZA-T30,FPQ-13973,SCMS-238550,ASN-30792,South Africa,PMO - US,Direct Drop,DDP,Truck,4/30/14,5/8/14,19-Feb-15,19-Feb-15,19-Feb-15,ARV,Adult,PHARMACY DIRECT,"Abacavir 300mg, tablets, 60 Tabs",Abacavir,Generic,300mg,Tablet,60,3,206.97,68.99,1.15,"Aurobindo Unit III, India",Yes,Weight Captured Separately,Freight Included in Commodity Cost,0.21
13093,108-VN-T30,FPQ-12187,SCMS-188540,ASN-21695,Vietnam,PMO - US,Direct Drop,EXW,Air,5/3/13,5/10/13,11-Oct-13,9-Oct-13,9-Oct-13,ARV,Adult,MYLAN LABORATORIES LTD (FORMERLY MATRIX LABORATORIES),"Efavirenz/Lamivudine/Tenofovir Disoproxil Fumarate 600/300/300mg, tablets, 30 Tabs",Efavirenz/Lamivudine/Tenofovir Disoproxil Fumarate,Generic,600/300/300mg,Tablet - FDC,30,11500,132135,11.49,0.38,Mylan (formerly Matrix) Nashik,Yes,1295,2021.05,163.45
13106,108-VN-T30,FPQ-13976,SCMS-236120,ASN-27809,Vietnam,PMO - US,Direct Drop,EXW,Air,4/8/14,4/30/14,16-Sep-14,16-Sep-14,1-Oct-14,ARV,Adult,HETERO LABS LIMITED,"Tenofovir Disoproxil Fumarate 300mg, tablets, 30 Tabs",Tenofovir Disoproxil Fumarate,Generic,300mg,Tablet,30,16000,56800,3.55,0.12,Hetero Unit III Hyderabad IN,Yes,1948,3138.25,58.39
13115,116-ZA-T30,FPQ-12522,SCMS-199283,ASN-27979,South Africa,PMO - US,Direct Drop,DDP,Truck,7/11/13,8/27/14,27-Aug-14,27-Aug-14,27-Aug-14,ARV,Adult,S. BUYS WHOLESALER,"Emtricitabine/Tenofovir Disoproxil Fumarate 200/300mg, tablets, 30 Tabs",Emtricitabine/Tenofovir Disoproxil Fumarate,Generic,200/300mg,Tablet - FDC,30,13,438.41,33.72,1.12,"Aurobindo Unit III, India",Yes,Weight Captured Separately,Freight Included in Commodity Cost,0.54
13138,133-NG-T30,FPQ-10765,SCMS-162440,ASN-17530,Nigeria,PMO - US,Direct Drop,EXW,Air,10/5/12,10/16/12,9-Jan-13,10-Jan-13,10-Jan-13,HRDT,HIV test,"Orgenics, Ltd","HIV 1/2, Determine Complete HIV Kit, 100 Tests","HIV 1/2, Determine Complete HIV Kit",Determine,N/A,Test kit,100,2744,244216,89,0.89,"Alere Medical Co., Ltd.",Yes,1186,25193.28,342.39
13148,103-DO-T30,FPQ-14469,SCMS-244720,ASN-26962,Dominican Republic,PMO - US,Direct Drop,DDP,Air,6/13/14,6/23/14,14-Jan-14,14-Jan-14,7-Feb-14,ARV,Pediatric,"ABBVIE, SRL (FORMALLY ABBOTT LABORATORIES INTERNATIONAL CO.)","Lopinavir/Ritonavir 80/20mg/ml [Kaletra], oral solution, cool, Bottle, 160 ml",Lopinavir/Ritonavir,Kaletra,80/20mg/ml,Oral solution,160,4570,148250.8,32.44,0.2,ABBVIE Labs North Chicago US,Yes,Weight Captured Separately,Freight Included in Commodity Cost,152.4
13151,111-MZ-T30,FPQ-8116,SCMS-118360,ASN-13217,Mozambique,PMO - US,Direct Drop,EXW,Air,8/4/11,8/24/11,12-Dec-11,30-Nov-11,30-Nov-11,HRDT,HIV test,"Orgenics, Ltd","HIV 1/2, Determine HIV Kit, without Lancets, 100 Tests","HIV 1/2, Determine HIV Kit, without Lancets",Determine,N/A,Test kit,100,1,77.7,77.7,0.78,Inverness Japan,Yes,Weight Captured Separately,Invoiced Separately,0.13
13161,161-ZA-T30,FPQ-5303,SCMS-68910,ASN-7440,South Africa,PMO - US,Direct Drop,DDP,Air,3/18/10,3/19/10,24-Aug-10,24-Aug-10,24-Aug-10,ARV,Adult,Aurobindo Pharma Limited,"Efavirenz 600mg, tablets, 30 Tabs",Efavirenz,Generic,600mg,Tablet,30,56877,265615.59,4.67,0.16,"Aurobindo Unit III, India",Yes,4815,5886.9,572.67
13205,104-CI-T30,FPQ-3885,SCMS-48630,ASN-4783,Côte d'Ivoire,PMO - US,Direct Drop,EXW,Air,6/19/09,7/9/09,15-Sep-09,15-Sep-09,15-Sep-09,HRDT,HIV test,"Orgenics, Ltd","HIV 1/2, Determine HIV Kit, without Lancets, 100 Tests","HIV 1/2, Determine HIV Kit, without Lancets",Determine,N/A,Test kit,100,3500,245000,70,0.7,Inverness Japan,Yes,893,12858.12,480.2
13231,116-ZA-T30,FPQ-12522,SCMS-199283,ASN-27978,South Africa,PMO - US,Direct Drop,DDP,Truck,7/11/13,8/27/14,27-Aug-14,27-Aug-14,27-Aug-14,ARV,Adult,S. BUYS WHOLESALER,"Zidovudine 300mg, tablets, 60 Tabs",Zidovudine,Generic,300mg,Tablet,60,14,389.56,27.83,0.46,"Aurobindo Unit III, India",Yes,Weight Captured Separately,Freight Included in Commodity Cost,0.48
13275,108-VN-T30,FPQ-15692,SCMS-274370,ASN-32259,Vietnam,PMO - US,Direct Drop,EXW,Air,1/28/15,2/17/15,13-Jul-15,13-Jul-15,14-Jul-15,ARV,Adult,HETERO LABS LIMITED,"Efavirenz/Lamivudine/Tenofovir Disoproxil Fumarate 600/300/300mg, tablets, 30 Tabs",Efavirenz/Lamivudine/Tenofovir Disoproxil Fumarate,Generic,600/300/300mg,Tablet - FDC,30,17760,177600,10,0.33,Hetero Unit III Hyderabad IN,Yes,2516,3816.3,209.04
13277,108-VN-T30,FPQ-4098,SCMS-51780,ASN-5008,Vietnam,PMO - US,Direct Drop,EXW,Air,8/12/09,8/14/09,26-Oct-09,26-Oct-09,26-Oct-09,ARV,Adult,MYLAN LABORATORIES LTD (FORMERLY MATRIX LABORATORIES),"Tenofovir Disoproxil Fumarate 300mg, tablets, 30 Tabs",Tenofovir Disoproxil Fumarate,Generic,300mg,Tablet,30,1680,13860,8.25,0.28,Mylan (formerly Matrix) Nashik,Yes,110,791.43,27.17
13302,107-RW-T30,FPQ-6185,SCMS-84420,ASN-8578,Rwanda,PMO - US,Direct Drop,CIP,Air,9/3/10,9/29/10,2-Nov-10,2-Nov-10,2-Nov-10,ARV,Adult,MYLAN LABORATORIES LTD (FORMERLY MATRIX LABORATORIES),"Lamivudine/Tenofovir Disoproxil Fumarate 300/300mg, tablets, 30 Tabs",Lamivudine/Tenofovir Disoproxil Fumarate,Generic,300/300mg,Tablet - FDC,30,138422,1211192.5,8.75,0.29,Mylan (formerly Matrix) Nashik,Yes,13147,4781.8,2611.33
13311,104-CI-T30,FPQ-8929,SCMS-131880,ASN-14110,Côte d'Ivoire,PMO - US,Direct Drop,EXW,Air,12/8/11,1/17/12,29-Mar-12,29-Mar-12,29-Mar-12,HRDT,HIV test,"Orgenics, Ltd","HIV 1/2, Determine Complete HIV Kit, 100 Tests","HIV 1/2, Determine Complete HIV Kit",Determine,N/A,Test kit,100,2000,160000,80,0.8,"Alere Medical Co., Ltd.",Yes,957,18919.56,224.32
13379,103-MW-T30,FPQ-10790,SCMS-163880,ASN-17939,Malawi,PMO - US,Direct Drop,EXW,Ocean,10/17/12,10/31/12,21-Jun-13,21-Jun-13,21-Jun-13,ARV,Adult,MYLAN LABORATORIES LTD (FORMERLY MATRIX LABORATORIES),"Efavirenz/Lamivudine/Tenofovir Disoproxil Fumarate 600/300/300mg, tablets, 30 Tabs",Efavirenz/Lamivudine/Tenofovir Disoproxil Fumarate,Generic,600/300/300mg,Tablet - FDC,30,243800,2801262,11.49,0.38,Mylan (formerly Matrix) Nashik,Yes,27549,24875.46,3465.16
13476,111-MZ-T30,FPQ-4107,SCMS-53520,ASN-6395,Mozambique,PMO - US,Direct Drop,CIP,Air,9/2/09,9/24/09,19-Mar-10,19-Mar-10,19-Mar-10,ARV,Adult,INTERNATIONAL HEALTHCARE DISTRIBUTORS,"Ritonavir 100mg [Norvir], capsules, cool, 84 Caps",Ritonavir,Norvir,100mg,Capsule,84,520,5366.4,10.32,0.12,ABBVIE (Abbott) France,Yes,149,Freight Included in Commodity Cost,10.52
13481,116-ZA-T30,FPQ-14942,SCMS-259072,ASN-30377,South Africa,PMO - US,Direct Drop,DDP,Truck,9/11/14,1/26/15,26-Jan-15,26-Jan-15,26-Jan-15,ARV,Adult,PHARMACY DIRECT,"Tenofovir Disoproxil Fumarate 300mg, tablets, 30 Tabs",Tenofovir Disoproxil Fumarate,Generic,300mg,Tablet,30,132,1823.8,13.82,0.46,Mylan (formerly Matrix) Nashik,Yes,Weight Captured Separately,Freight Included in Commodity Cost,1.87
13487,106-HT-T30,FPQ-14895,SCMS-261510,ASN-30067,Haiti,PMO - US,Direct Drop,EXW,Ocean,9/24/14,11/14/14,13-Mar-15,13-Mar-15,18-Mar-15,ARV,Adult,MYLAN LABORATORIES LTD (FORMERLY MATRIX LABORATORIES),"Efavirenz/Lamivudine/Tenofovir Disoproxil Fumarate 600/300/300mg, tablets, 30 Tabs",Efavirenz/Lamivudine/Tenofovir Disoproxil Fumarate,Generic,600/300/300mg,Tablet - FDC,30,25000,256000,10.24,0.34,Mylan (formerly Matrix) Nashik,Yes,3034,7658.27,263.17
13544,104-CI-T30,FPQ-14372,SCMS-246550,ASN-29074,Côte d'Ivoire,PMO - US,Direct Drop,FCA,Air,6/3/14,7/31/14,3-Nov-14,3-Nov-14,7-Nov-14,ARV,Pediatric,ABBVIE LOGISTICS (FORMERLY ABBOTT LOGISTICS BV),"Lopinavir/Ritonavir 80/20mg/ml [Kaletra], oral solution, cool, Bottle 5 x 60 ml",Lopinavir/Ritonavir,Kaletra,80/20mg/ml,Oral solution,300,500,15410,30.82,0.1,ABBVIE (Abbott) Logis. UK,Yes,505,6523.85,15.84
13547,101-CD-T30,FPQ-14654,SCMS-253260,ASN-28279,"Congo, DRC",PMO - US,Direct Drop,EXW,Air,8/11/14,8/27/14,4-Nov-14,4-Nov-14,20-Nov-14,HRDT,HIV test,"Trinity Biotech, Plc","HIV 1/2, Uni-Gold HIV Kit, 20 Tests","HIV 1/2, Uni-Gold HIV Kit",Uni-Gold,N/A,Test kit,20,77,2464,32,1.6,"Trinity Biotech, Plc",Yes,509,8021.11,2.53
13555,108-VN-T30,FPQ-14516,SCMS-249040,ASN-29768,Vietnam,PMO - US,Direct Drop,EXW,Air,7/9/14,8/8/14,5-Feb-15,5-Feb-15,5-Feb-15,ARV,Adult,MYLAN LABORATORIES LTD (FORMERLY MATRIX LABORATORIES),"Lamivudine/Nevirapine/Zidovudine 150/200/300mg, tablets, 60 Tabs",Lamivudine/Nevirapine/Zidovudine,Generic,150/300/200mg,Tablet - FDC,60,13000,105300,8.1,0.13,Mylan (formerly Matrix) Nashik,Yes,2672,2504.64,108.25
13568,116-ZA-T30,FPQ-14942,SCMS-259074,ASN-31070,South Africa,PMO - US,Direct Drop,DDP,Truck,9/11/14,3/9/15,9-Mar-15,9-Mar-15,9-Mar-15,ARV,Adult,PHARMACY DIRECT,"Efavirenz 600mg, tablets, 30 Tabs",Efavirenz,Generic,600mg,Tablet,30,139,1566.38,11.27,0.38,"Aurobindo Unit III, India",Yes,Weight Captured Separately,Freight Included in Commodity Cost,1.61
13571,105-SS-T30,FPQ-14470,SCMS-245240,ASN-29503,South Sudan,PMO - US,Direct Drop,EXW,Air,6/17/14,7/1/14,9-Jan-15,9-Jan-15,19-Jan-15,HRDT,HIV test,"Trinity Biotech, Plc","HIV 1/2, Uni-Gold HIV Kit, 20 Tests","HIV 1/2, Uni-Gold HIV Kit",Uni-Gold,N/A,Test kit,20,18,576,32,1.6,"Trinity Biotech, Plc",Yes,177,1692.35,0.59
13581,102-SZ-T30,FPQ-7936,SCMS-113480,ASN-11824,Swaziland,PMO - US,Direct Drop,EXW,Air,6/21/11,7/13/11,28-Sep-11,28-Sep-11,28-Sep-11,HRDT,HIV test,"Orgenics, Ltd","HIV 1/2, Determine Complete HIV Kit, 100 Tests","HIV 1/2, Determine Complete HIV Kit",Determine,N/A,Test kit,100,377,30160,80,0.8,Inverness Japan,Yes,172,4504.46,49.76
13608,114-UG-T30,FPQ-9365,SCMS-143480,ASN-14973,Uganda,PMO - US,Direct Drop,DDP,Air,3/15/12,4/17/12,21-May-12,21-May-12,21-May-12,ARV,Adult,ASPEN PHARMACARE,"Etravirine 100mg [Intelence], tablets, 120 Tabs",Etravirine,Intelence,100mg,Tablet,120,121,9075,75,0.62,"Janssen-Cilag, Latina, IT",Yes,43,199,12.72
13648,101-CD-T30,FPQ-16001,SCMS-280220,ASN-32231,"Congo, DRC",PMO - US,Direct Drop,EXW,Air,3/10/15,3/17/15,23-Jul-15,23-Jul-15,29-Jul-15,HRDT,HIV test,"Orgenics, Ltd","HIV 1/2, Determine Complete HIV Kit, 100 Tests","HIV 1/2, Determine Complete HIV Kit",Determine,N/A,Test kit,100,143,11440,80,0.8,"Alere Medical Co., Ltd.",Yes,Weight Captured Separately,Invoiced Separately,13.46
13652,108-VN-T30,FPQ-3896,SCMS-48290,ASN-4872,Vietnam,PMO - US,Direct Drop,EXW,Air,6/25/09,6/29/09,30-Sep-09,30-Sep-09,30-Sep-09,ARV,Adult,MYLAN LABORATORIES LTD (FORMERLY MATRIX LABORATORIES),"Efavirenz 600mg, tablets, 30 Tabs",Efavirenz,Generic,600mg,Tablet,30,21504,139776,6.5,0.22,Mylan (formerly Matrix) Nashik,Yes,1849,4191.83,273.96
13696,105-DO-T30,FPQ-7858,SCMS-117380,ASN-12145,Dominican Republic,PMO - US,Direct Drop,EXW,Air,6/21/11,8/3/11,27-Sep-11,27-Sep-11,27-Sep-11,HRDT,HIV test - Ancillary,"Standard Diagnostics, Inc.","HIV 1/2, Bioline 3.0 Diluent, 25 Tests, Bottle x 5 ml","HIV 1/2, Bioline 3.0 Diluent, 25 Tests",Bioline,N/A,Test kit - Ancillary,1,448,403.2,0.9,0.9,"Standard Diagnostics, Korea",Yes,71,844.36,0.67
13700,111-MZ-T30,FPQ-13395,SCMS-219220,ASN-25451,Mozambique,PMO - US,Direct Drop,EXW,Air,12/11/13,12/17/13,2-May-14,2-May-14,7-May-14,ARV,Adult,HETERO LABS LIMITED,"Lamivudine/Nevirapine/Zidovudine 150/200/300mg, tablets, 60 Tabs",Lamivudine/Nevirapine/Zidovudine,Generic,150/300/200mg,Tablet - FDC,60,35136,284952.96,8.11,0.14,Hetero Unit III Hyderabad IN,Yes,4784,19286.53,292.93
13708,101-CD-T30,FPQ-13548,SCMS-224840,ASN-24721,"Congo, DRC",PMO - US,Direct Drop,EXW,Air,1/22/14,1/28/14,4-Apr-14,4-Apr-14,28-Apr-14,HRDT,HIV test,"Trinity Biotech, Plc","HIV 1/2, Uni-Gold HIV Kit, 20 Tests","HIV 1/2, Uni-Gold HIV Kit",Uni-Gold,N/A,Test kit,20,32,1024,32,1.6,"Trinity Biotech, Plc",Yes,54,2734.02,1.05
13739,106-HT-T30,FPQ-11443,SCMS-180940,ASN-19819,Haiti,PMO - US,Direct Drop,EXW,Ocean,2/7/13,3/22/13,2-Sep-13,2-Sep-13,2-Sep-13,ARV,Pediatric,Aurobindo Pharma Limited,"Zidovudine 10mg/ml, oral solution w/syringe, Bottle, 240 ml",Zidovudine,Generic,10mg/ml,Oral solution,240,1832,3847.2,2.1,0.01,"Aurobindo Unit III, India",Yes,3504,7117.39,4.76
13748,104-CI-T30,FPQ-3885,SCMS-48620,ASN-4720,Côte d'Ivoire,PMO - US,Direct Drop,EXW,Air,6/19/09,7/7/09,11-Sep-09,11-Sep-09,11-Sep-09,HRDT,HIV test,"CHEMBIO DIAGNOSTIC SYSTEMS, INC.","HIV 1/2, Stat-Pak HIV, Kit, 20 Tests","HIV 1/2, Stat-Pak HIV, Kit",Stat-Pak,N/A,Test kit,20,350,9450,27,1.35,Chembio Diagnostics Sys. Inc.,Yes,205,1437.4,18.52
13761,108-VN-T30,FPQ-9576,SCMS-145320,ASN-16055,Vietnam,PMO - US,Direct Drop,FCA,Air,4/11/12,6/15/12,3-Oct-12,3-Oct-12,3-Oct-12,ARV,Adult,ABBVIE LOGISTICS (FORMERLY ABBOTT LOGISTICS BV),"Ritonavir 100mg [Norvir], film coated tablets, 30 Tabs",Ritonavir,Norvir,100mg,Tablet,30,174,4047.24,23.26,0.78,ABBVIE Ludwigshafen Germany,Yes,21,583.66,5.67
13766,108-VN-T30,FPQ-14516,SCMS-249050,ASN-29376,Vietnam,PMO - US,Direct Drop,EXW,Air,7/9/14,8/11/14,17-Dec-14,17-Dec-14,17-Dec-14,ARV,Adult,HETERO LABS LIMITED,"Tenofovir Disoproxil Fumarate 300mg, tablets, 30 Tabs",Tenofovir Disoproxil Fumarate,Generic,300mg,Tablet,30,4000,14200,3.55,0.12,Hetero Unit III Hyderabad IN,Yes,Weight Captured Separately,Invoiced Separately,14.6
13809,151-NG-T30,FPQ-14780,SCMS-254170,ASN-32902,Nigeria,PMO - US,Direct Drop,EXW,Air,8/13/14,8/29/14,5-Aug-15,5-Aug-15,10-Aug-15,ARV,Adult,EMCURE PHARMACEUTICALS LTD,"Atazanavir/Ritonavir 300/100mg, tablets, 30 Tabs",Atazanavir/Ritonavir,Generic,300/100mg,Tablet,30,4560,82080,18,0.6,"Emcure Plot No.P-2, I.T-B.T. Park, Phase II, MIDC, Hinjwadi, Pune, India",Yes,Weight Captured Separately,Invoiced Separately,84.38
13817,113-ZW-T30,FPQ-13939,SCMS-234720,ASN-26119,Zimbabwe,PMO - US,Direct Drop,EXW,Air,4/1/14,5/8/14,14-Jun-14,14-Jun-14,16-Jun-14,ARV,Adult,Aurobindo Pharma Limited,"Lamivudine/Tenofovir Disoproxil Fumarate 300/300mg, tablets, 30 Tabs",Lamivudine/Tenofovir Disoproxil Fumarate,Generic,300/300mg,Tablet - FDC,30,32670,151915.5,4.65,0.16,"Aurobindo Unit VII, IN",Yes,3076,25730.13,156.17
13841,107-RW-T30,FPQ-4011,SCMS-50290,ASN-6267,Rwanda,PMO - US,Direct Drop,CIP,Air,7/16/09,8/31/09,16-Apr-10,16-Apr-10,16-Apr-10,ARV,Adult,MYLAN LABORATORIES LTD (FORMERLY MATRIX LABORATORIES),"Lamivudine/Tenofovir Disoproxil Fumarate 300/300mg, tablets, 30 Tabs",Lamivudine/Tenofovir Disoproxil Fumarate,Generic,300/300mg,Tablet - FDC,30,62209,681188.55,10.95,0.36,Mylan (formerly Matrix) Nashik,Yes,5795,63600.4,1335.13
13842,101-CD-T30,FPQ-14255,SCMS-239810,ASN-27324,"Congo, DRC",PMO - US,Direct Drop,EXW,Air,5/15/14,5/19/14,30-Sep-14,30-Sep-14,21-Oct-14,ARV,Pediatric,Aurobindo Pharma Limited,"Nevirapine 50mg, dispersible tablets (tablets for oral suspension), 30 Tabs",Nevirapine,Generic,50mg,Chewable/dispersible tablet,30,940,1175,1.25,0.04,"Aurobindo Unit III, India",Yes,132,2516.57,1.21
13845,116-ZA-T30,FPQ-14942,SCMS-259078,ASN-33473,South Africa,PMO - US,Direct Drop,DDP,Truck,9/11/14,10/9/14,24-Jul-15,24-Jul-15,24-Jul-15,ARV,Adult,PHARMACY DIRECT,"Darunavir 600mg [Prezista], tablets, 60 Tabs",Darunavir,Prezista,600mg,Tablet,60,33,1671.87,50.66,0.84,"Janssen-Cilag, Latina, IT",Yes,Weight Captured Separately,Freight Included in Commodity Cost,1.72
13862,102-BI-T30,FPQ-15186,SCMS-260800,ASN-30384,Burundi,PMO - US,Direct Drop,EXW,Air,10/17/14,11/12/14,18-Feb-15,18-Feb-15,18-Feb-15,HRDT,HIV test,"CHEMBIO DIAGNOSTIC SYSTEMS, INC.","HIV 1/2, Stat-Pak Dipstick Assay Kit, 30 Tests","HIV 1/2, Stat-Pak Dipstick Assay Kit",Stat-Pak,N/A,Test kit,30,595,16422,27.6,0.92,Chembio Diagnostics Sys. Inc.,Yes,63,865.67,19.33
13874,106-HT-T30,FPQ-11443,SCMS-180960,ASN-20434,Haiti,PMO - US,Direct Drop,EXW,Air,2/7/13,3/22/13,14-Aug-13,14-Aug-13,14-Aug-13,ARV,Adult,MICRO LABS LIMITED,"Efavirenz 600mg, tablets, 30 Tabs",Efavirenz,Generic,600mg,Tablet,30,14448,46667.04,3.23,0.11,"Micro labs, Verna, Goa, India",Yes,2284,13257.25,57.73
13886,114-UG-T30,FPQ-12290,SCMS-192080,ASN-22594,Uganda,PMO - US,Direct Drop,CIP,Air,5/17/13,7/3/13,20-Nov-13,20-Nov-13,21-Nov-13,ARV,Adult,ASPEN PHARMACARE,"Etravirine 100mg [Intelence], tablets, 120 Tabs",Etravirine,Intelence,100mg,Tablet,120,108,3888,36,0.3,"Janssen-Cilag, Latina, IT",Yes,22,265,4.81
13897,102-KE-T30,FPQ-8446,SCMS-124900,ASN-13149,Kenya,PMO - US,Direct Drop,EXW,Air,10/5/11,10/26/11,17-Jan-12,17-Jan-12,17-Jan-12,HRDT,HIV test,"Orgenics, Ltd","HIV 1/2, Determine Complete HIV Kit, 100 Tests","HIV 1/2, Determine Complete HIV Kit",Determine,N/A,Test kit,100,8298,738522,89,0.89,"Alere Medical Co., Ltd.",Yes,1427,16090.59,1218.56
13899,116-ZA-T30,FPQ-14942,SCMS-259071,ASN-29597,South Africa,PMO - US,Direct Drop,DDP,Truck,9/11/14,11/28/14,28-Nov-14,28-Nov-14,28-Nov-14,ARV,Pediatric,PHARMACY DIRECT,"Efavirenz 200mg, capsule, 90 Caps",Efavirenz,Generic,200mg,Capsule,90,16,272.7,17.04,0.19,"Aurobindo Unit III, India",Yes,Weight Captured Separately,Freight Included in Commodity Cost,0.28
13900,103-CM-T30,FPQ-12659,SCMS-201930,ASN-21679,Cameroon,PMO - US,Direct Drop,EXW,Air,7/26/13,8/6/13,10-Oct-13,10-Oct-13,18-Oct-13,HRDT,HIV test,"Orgenics, Ltd","HIV 1/2, Determine Kit without Lancets, Buffer or Caplillary Tubes, 100 Tests","HIV 1/2, Determine Kit without Lancets, Buffer or Capillary Tubes, 100 Tests",Determine,N/A,Test kit,100,120,8658,72.15,0.72,"Alere Medical Co., Ltd.",Yes,Weight Captured Separately,1090.87,10.71
13903,109-TZ-T30,FPQ-12588,SCMS-200851,ASN-24301,Tanzania,PMO - US,Direct Drop,EXW,Air,7/15/13,10/8/13,22-Mar-14,22-Mar-14,22-Mar-14,ARV,Pediatric,Aurobindo Pharma Limited,"Efavirenz 50mg, capsule, 30 Caps",Efavirenz,Generic,50mg,Capsule,30,5925,9243,1.56,0.05,"Aurobindo Unit III, India",Yes,394,3245.39,11.43
13904,108-VN-T30,FPQ-13976,SCMS-236050,ASN-27943,Vietnam,PMO - US,Direct Drop,EXW,Air,4/8/14,4/30/14,30-Oct-14,30-Oct-14,4-Nov-14,ARV,Adult,MYLAN LABORATORIES LTD (FORMERLY MATRIX LABORATORIES),"Lamivudine/Zidovudine 150/300mg, tablets, 60 Tabs",Lamivudine/Zidovudine,Generic,150/300mg,Tablet - FDC,60,9800,63602,6.49,0.11,Mylan (formerly Matrix) Nashik,Yes,2235,3708.72,65.38
13915,800-CM-T30,FPQ-12570,SCMS-200891,ASN-25755,Cameroon,PMO - US,Direct Drop,EXW,Air,7/10/13,8/6/13,15-May-14,15-May-14,15-May-14,HRDT,HIV test,Orasure Technologies Inc.,"HIV 1/2, OraQuick Rapid Antibody Kit, 100 Tests","HIV 1/2, OraQuick Rapid Antibody Kit",OraQuick,N/A,Test kit,100,1000,350000,350,3.5,"Orasure Technologies, Inc",Yes,2090,51331.09,432.95
13926,161-ZA-T30,FPQ-5303,SCMS-68750,ASN-8885,South Africa,PMO - US,Direct Drop,DDP,Air,3/18/10,3/19/10,13-Oct-10,25-Jan-11,25-Jan-11,ARV,Adult,CIPLA LIMITED,"Tenofovir Disoproxil Fumarate 300mg, tablets, 30 Tabs",Tenofovir Disoproxil Fumarate,Generic,300mg,Tablet,30,19992,156337.44,7.82,0.26,"Cipla, Goa, India",Yes,1378,3646.1,337.06
13959,110-ZM-T30,FPQ-14291,SCMS-242720,ASN-28530,Zambia,PMO - US,Direct Drop,EXW,Air,5/21/14,6/4/14,1-Dec-14,1-Dec-14,10-Dec-14,ARV,Pediatric,MYLAN LABORATORIES LTD (FORMERLY MATRIX LABORATORIES),"Lamivudine/Zidovudine 30/60mg, dispersible tablets, 60 Tabs",Lamivudine/Zidovudine,Generic,30/60mg,Chewable/dispersible tablet - FDC,60,10000,19900,1.99,0.03,"Mylan,  H-12 & H-13, India",Yes,849,4316.34,20.46
13968,105-SS-T30,FPQ-12623,SCMS-200920,ASN-21751,South Sudan,PMO - US,Direct Drop,EXW,Air,7/18/13,8/6/13,18-Oct-13,18-Oct-13,18-Oct-13,HRDT,HIV test,"Trinity Biotech, Plc","HIV 1/2, Uni-Gold HIV Kit, 20 Tests","HIV 1/2, Uni-Gold HIV Kit",Uni-Gold,N/A,Test kit,20,35,1120,32,1.6,"Trinity Biotech, Plc",Yes,176,4124.74,1.39
13978,108-VN-T30,FPQ-11418,SCMS-176300,ASN-19787,Vietnam,PMO - US,Direct Drop,EXW,Air,1/29/13,2/6/13,1-Jul-13,1-Jul-13,1-Jul-13,ARV,Adult,HETERO LABS LIMITED,"Lamivudine/Zidovudine 150/300mg, tablets, 60 Tabs",Lamivudine/Zidovudine,Generic,150/300mg,Tablet - FDC,60,9095,62300.75,6.85,0.11,Hetero Unit III Hyderabad IN,Yes,1736,8163.83,77.07
13988,106-HT-T30,FPQ-12041,SCMS-189220,ASN-20209,Haiti,PMO - US,Direct Drop,EXW,Air,4/26/13,5/21/13,9-Jul-13,9-Jul-13,9-Jul-13,HRDT,HIV test,"SHANGHAI KEHUA BIOENGINEERING CO.,LTD.  (KHB)","HIV 1/2, SKB Colloidal Gold, Diagnostic Kit, Antibody, 50 Tests","HIV 1/2, Colloidal Gold, Diagnostic Kit, Antibody",Colloidal Gold,N/A,Test kit,1,300,7350,24.5,24.5,"KHB Test Kit Facility, Shanghai China",Yes,182,2581.83,9.09
14016,108-VN-T30,FPQ-13976,SCMS-236070,ASN-28062,Vietnam,PMO - US,Direct Drop,EXW,Air,4/8/14,4/30/14,7-Nov-14,7-Nov-14,8-Nov-14,ARV,Adult,MICRO LABS LIMITED,"Nevirapine 200mg, tablets, 60 Tabs",Nevirapine,Generic,200mg,Tablet,60,7600,15808,2.08,0.03,"Micro labs, Verna, Goa, India",Yes,1292,2800.95,16.25
14018,106-HT-T30,FPQ-14895,SCMS-261060,ASN-30093,Haiti,PMO - US,Direct Drop,EXW,Air,9/24/14,11/14/14,12-Feb-15,12-Feb-15,13-Feb-15,ARV,Adult,HETERO LABS LIMITED,"Lamivudine/Zidovudine 150/300mg, tablets, 60 Tabs",Lamivudine/Zidovudine,Generic,150/300mg,Tablet - FDC,60,50544,334095.84,6.61,0.11,"Hetero, Jadcherla, unit 5, IN",Yes,4669,34778.32,343.45
14023,116-ZA-T30,FPQ-4359,SCMS-54980,ASN-5373,South Africa,PMO - US,Direct Drop,DDP,Truck,10/8/09,10/15/09,19-Oct-09,19-Oct-09,19-Oct-09,ARV,Pediatric,S. BUYS WHOLESALER,"Efavirenz 200mg, capsule, 90 Caps",Efavirenz,Generic,200mg,Capsule,90,100,3297.8,32.98,0.37,"Aurobindo Unit III, India",Yes,Weight Captured Separately,Freight Included in Commodity Cost,6.46
14043,108-VN-T30,FPQ-5019,SCMS-64580,ASN-6269,Vietnam,PMO - US,Direct Drop,EXW,Air,2/2/10,2/3/10,30-Mar-10,30-Mar-10,30-Mar-10,ARV,Adult,Aurobindo Pharma Limited,"Tenofovir Disoproxil Fumarate 300mg, tablets, 30 Tabs",Tenofovir Disoproxil Fumarate,Generic,300mg,Tablet,30,3528,27342,7.75,0.26,"Aurobindo Unit III, India",Yes,395,3538.57,58.95
14079,109-TZ-T30,FPQ-12197,SCMS-189360,ASN-21229,Tanzania,PMO - US,Direct Drop,EXW,Air,4/30/13,5/29/13,17-Sep-13,17-Sep-13,17-Sep-13,HRDT,HIV test,"Standard Diagnostics, Inc.","HIV 1/2, Determine Complete HIV Kit, 100 Tests","HIV 1/2, Determine Complete HIV Kit",Determine,N/A,Test kit,100,2915,0,0,0,"Alere Medical Co., Ltd.",Yes,1208,20583.37,0
14097,102-BI-T30,FPQ-14594,SCMS-250110,ASN-28194,Burundi,PMO - US,Direct Drop,EXW,Air,7/17/14,8/6/14,6-Oct-14,6-Oct-14,6-Oct-14,HRDT,HIV test,"Orgenics, Ltd","HIV 1/2, Determine Complete HIV Kit, 100 Tests","HIV 1/2, Determine Complete HIV Kit",Determine,N/A,Test kit,100,3484,278720,80,0.8,"Alere Medical Co., Ltd.",Yes,1415,33228.68,286.52
14178,109-TZ-T30,FPQ-7909,SCMS-114990,ASN-12248,Tanzania,PMO - US,Direct Drop,EXW,Air,6/24/11,7/18/11,29-Sep-11,29-Oct-11,29-Oct-11,HRDT,HIV test,"Standard Diagnostics, Inc.","HIV 1/2, Bioline 3.0 Kit, Lancets, Capillary pipets, Alcohol swabs included, 25 Tests","HIV 1/2, Bioline 3.0 Kit, Lancets, Capillary pipets, Alcohol swabs included",Bioline,N/A,Test kit,25,10000,200000,20,0.8,"Standard Diagnostics, Korea",Yes,3334,21952.35,330
14180,110-ZM-T30,FPQ-14081,SCMS-238950,ASN-26391,Zambia,PMO - US,Direct Drop,EXW,Air,4/15/14,5/16/14,28-Jul-14,28-Jul-14,15-Aug-14,HRDT,HIV test,"Trinity Biotech, Plc","HIV 1/2, Uni-Gold HIV Kit, 20 Tests","HIV 1/2, Uni-Gold HIV Kit",Uni-Gold,N/A,Test kit,20,9500,304000,32,1.6,"Trinity Biotech, Plc",Yes,2783,20621.1,312.51
14195,100-BJ-T30,FPQ-7660,SCMS-109830,ASN-11115,Benin,PMO - US,Direct Drop,EXW,Air,5/16/11,5/27/11,12-Jul-11,12-Jul-11,12-Jul-11,ARV,Adult,MYLAN LABORATORIES LTD (FORMERLY MATRIX LABORATORIES),"Efavirenz/Lamivudine/Tenofovir Disoproxil Fumarate 600/300/300mg, tablets, 30 Tabs",Efavirenz/Lamivudine/Tenofovir Disoproxil Fumarate,Generic,600/300/300mg,Tablet - FDC,30,1244,17540.4,14.1,0.47,Mylan (formerly Matrix) Nashik,Yes,175,5864.56,28.94
14200,116-ZA-T30,FPQ-13214,SCMS-215410,ASN-23875,South Africa,PMO - US,Direct Drop,DDP,Truck,11/14/13,12/2/13,13-Jan-14,13-Jan-14,13-Jan-14,ARV,Adult,S. BUYS WHOLESALER,"Lamivudine/Zidovudine 150/300mg, tablets, 60 Tabs",Lamivudine/Zidovudine,Generic,150/300mg,Tablet - FDC,60,59,1653.14,28.02,0.47,"Cipla, Goa, India",Yes,Weight Captured Separately,Freight Included in Commodity Cost,1.7
14210,104-CI-T30,FPQ-8302,SCMS-123870,ASN-12934,Côte d'Ivoire,PMO - US,Direct Drop,EXW,Air,8/29/11,9/30/11,1-Dec-11,1-Dec-11,1-Dec-11,ARV,Adult,MYLAN LABORATORIES LTD (FORMERLY MATRIX LABORATORIES),"Abacavir/Lamivudine/Zidovudine 300/150/300mg, tablets, 60 Tabs",Abacavir/Lamivudine/Zidovudine,Generic,300/150/300mg,Tablet - FDC,60,4000,112000,28,0.47,Mylan (formerly Matrix) Nashik,Yes,655,5300.24,184.8
14230,107-RW-T30,FPQ-11585,SCMS-176980,ASN-18319,Rwanda,PMO - US,Direct Drop,FCA,Air,2/3/13,2/6/13,17-May-13,17-May-13,17-May-13,ARV,Pediatric,ABBVIE LOGISTICS (FORMERLY ABBOTT LOGISTICS BV),"Lopinavir/Ritonavir 80/20mg/ml [Kaletra], oral solution, cool, Bottle 5 x 60 ml",Lopinavir/Ritonavir,Kaletra,80/20mg/ml,Oral solution,300,400,12328,30.82,0.1,ABBVIE (Abbott) Logis. UK,Yes,454,7152.99,15.25
14240,105-SS-T30,FPQ-15569,SCMS-272160,ASN-31323,South Sudan,PMO - US,Direct Drop,EXW,Air,12/29/14,2/20/15,3-Jun-15,3-Jun-15,5-Jun-15,HRDT,HIV test,"Orgenics, Ltd","HIV 1/2, Determine Complete HIV Kit, 100 Tests","HIV 1/2, Determine Complete HIV Kit",Determine,N/A,Test kit,100,70,6230,89,0.89,"Alere Medical Co., Ltd.",Yes,Weight Captured Separately,Invoiced Separately,7.33
14241,111-MZ-T30,FPQ-13134,SCMS-215600,ASN-24703,Mozambique,PMO - US,Direct Drop,EXW,Air,11/12/13,11/26/13,9-Apr-14,9-Apr-14,8-Jul-14,ARV,Adult,Aurobindo Pharma Limited,"Didanosine 250mg, delayed-release capsules, 30 Caps",Didanosine,Generic,250mg,Delayed-release capsules,30,800,6064,7.58,0.25,"Aurobindo Unit III, India",Yes,77,979.14,6.23
14252,114-UG-T30,FPQ-13116,SCMS-212350,ASN-24417,Uganda,PMO - US,Direct Drop,EXW,Air,10/23/13,10/30/13,21-Mar-14,21-Mar-14,21-Mar-14,ARV,Pediatric,CIPLA LIMITED,"Lamivudine/Zidovudine 30/60mg, dispersible tablets, 60 Tabs",Lamivudine/Zidovudine,Generic,30/60mg,Chewable/dispersible tablet - FDC,60,7445,16676.8,2.24,0.04,"Cipla, Goa, India",Yes,574,3868.24,17.14
14265,108-VN-T30,FPQ-11418,SCMS-176190,ASN-19193,Vietnam,PMO - US,Direct Drop,EXW,Air,1/29/13,2/5/13,24-May-13,24-May-13,24-May-13,ARV,Pediatric,Aurobindo Pharma Limited,"Nevirapine 10mg/ml, oral suspension w/syringe, Bottle, 240 ml",Nevirapine,Generic,10mg/ml,Oral suspension,240,263,486.55,1.85,0.01,"Aurobindo Unit III, India",Yes,182,5970.85,0.6
14278,117-ET-T30,FPQ-4851,SCMS-62830,ASN-6210,Ethiopia,PMO - US,Direct Drop,EXW,Air,1/5/10,1/13/10,4-Mar-10,4-Mar-10,4-Mar-10,ARV,Adult,Aurobindo Pharma Limited,"Lamivudine 150mg, tablets, 60 Tabs",Lamivudine,Generic,150mg,Tablet,60,56000,133280,2.38,0.04,"Aurobindo Unit III, India",Yes,2996,10612.93,287.35
14279,900-TZ-T30,FPQ-10394,SCMS-156530,ASN-16470,Tanzania,PMO - US,Direct Drop,EXW,Air,7/26/12,8/9/12,1-Nov-12,1-Nov-12,1-Nov-12,ARV,Adult,HETERO LABS LIMITED,"Efavirenz 600mg, tablets, 30 Tabs",Efavirenz,Generic,600mg,Tablet,30,100986,343352.4,3.4,0.11,Hetero Unit III Hyderabad IN,Yes,10579,41585.93,481.38
14286,104-CI-T30,FPQ-12134,SCMS-190721,ASN-22462,Côte d'Ivoire,PMO - US,Direct Drop,EXW,Air,4/23/13,5/21/13,27-Nov-13,27-Nov-13,2-Dec-13,HRDT,HIV test,"CHEMBIO DIAGNOSTIC SYSTEMS, INC.","HIV 1/2, Stat-Pak HIV, Kit, 20 Tests","HIV 1/2, Stat-Pak HIV, Kit",Stat-Pak,N/A,Test kit,20,1900,55100,29,1.45,Chembio Diagnostics Sys. Inc.,Yes,550,8263.16,68.16
14291,109-TZ-T30,FPQ-13945,SCMS-235410,ASN-26077,Tanzania,PMO - US,Direct Drop,EXW,Air,3/27/14,4/29/14,15-Jul-14,15-Jul-14,12-Aug-14,HRDT,HIV test,"Orgenics, Ltd","HIV 1/2, Determine Complete HIV Kit, 100 Tests","HIV 1/2, Determine Complete HIV Kit",Determine,N/A,Test kit,100,100,8000,80,0.8,"Alere Medical Co., Ltd.",Yes,39,1176.54,8.22
14309,108-VN-T30,FPQ-10286,SCMS-155700,ASN-17018,Vietnam,PMO - US,Direct Drop,FCA,Air,7/25/12,8/14/12,15-Jan-13,15-Jan-13,15-Jan-13,ARV,Adult,ABBVIE LOGISTICS (FORMERLY ABBOTT LOGISTICS BV),"Lopinavir/Ritonavir 200/50mg [Aluvia], tablets, 120 Tabs",Lopinavir/Ritonavir,Aluvia,200/50mg,Tablet,120,3812,231845.84,60.82,0.51,ABBVIE Ludwigshafen Germany,Yes,824,3216.15,325.05
14323,105-DO-T30,FPQ-7858,SCMS-117380,ASN-12145,Dominican Republic,PMO - US,Direct Drop,EXW,Air,6/21/11,8/3/11,27-Sep-11,27-Sep-11,27-Sep-11,HRDT,HIV test,"Standard Diagnostics, Inc.","HIV 1/2, Bioline 3.0 Kit, 100 Tests","HIV 1/2, Bioline 3.0 Kit",Bioline,N/A,Test kit,100,112,8400,75,0.75,"Standard Diagnostics, Korea",No,See ASN-12145 (ID#:13696),See ASN-12145 (ID#:13696),13.86
14331,108-VN-T30,FPQ-3896,SCMS-48280,ASN-4871,Vietnam,PMO - US,Direct Drop,EXW,Air,6/25/09,6/29/09,28-Sep-09,28-Sep-09,28-Sep-09,ARV,Adult,MYLAN LABORATORIES LTD (FORMERLY MATRIX LABORATORIES),"Efavirenz 600mg, tablets, 30 Tabs",Efavirenz,Generic,600mg,Tablet,30,3528,22932,6.5,0.22,Mylan (formerly Matrix) Nashik,Yes,383,1162.52,44.95
14348,133-NG-T30,FPQ-7553,SCMS-108720,ASN-11270,Nigeria,PMO - US,Direct Drop,EXW,Air,4/28/11,5/23/11,27-Jul-11,27-Jul-11,27-Jul-11,HRDT,HIV test,"Orgenics, Ltd","HIV 1/2, Determine Complete HIV Kit, 100 Tests","HIV 1/2, Determine Complete HIV Kit",Determine,N/A,Test kit,100,2044,181916,89,0.89,Inverness Japan,Yes,976,26014.88,300.16
14364,116-ZA-T30,FPQ-13973,SCMS-238554,ASN-28627,South Africa,PMO - US,Direct Drop,DDP,Truck,4/30/14,10/3/14,3-Oct-14,3-Oct-14,3-Oct-14,ARV,Adult,PHARMACY DIRECT,"Abacavir 300mg, tablets, 60 Tabs",Abacavir,Generic,300mg,Tablet,60,9,620.91,68.99,1.15,"Aurobindo Unit III, India",Yes,Weight Captured Separately,Freight Included in Commodity Cost,0.64
14384,109-TZ-T30,FPQ-13048,SCMS-210920,ASN-24302,Tanzania,PMO - US,Direct Drop,EXW,Air,10/3/13,10/28/13,22-Mar-14,22-Mar-14,22-Mar-14,ARV,Pediatric,Aurobindo Pharma Limited,"Efavirenz 50mg, capsule, 30 Caps",Efavirenz,Generic,50mg,Capsule,30,20867,32552.52,1.56,0.05,"Aurobindo Unit III, India",Yes,1337,8403.67,40.27
14404,161-ZA-T30,FPQ-7175,SCMS-103970,ASN-11255,South Africa,PMO - US,Direct Drop,DDP,Ocean,3/10/11,3/28/11,2-Sep-11,2-Sep-11,2-Sep-11,ARV,Adult,STRIDES ARCOLAB LIMITED,"Nevirapine 200mg, tablets, 60 Tabs",Nevirapine,Generic,200mg,Tablet,60,150000,430500,2.87,0.05,"Strides, Bangalore, India.",Yes,9306,10511.33,710.32
14409,161-ZA-T30,FPQ-6262,SCMS-84200,ASN-9693,South Africa,PMO - US,Direct Drop,DDP,Ocean,8/31/10,9/21/10,14-Mar-11,14-Mar-11,14-Mar-11,ARV,Adult,CIPLA LIMITED,"Nevirapine 200mg, tablets, 60 Tabs",Nevirapine,Generic,200mg,Tablet,60,159000,443610,2.79,0.05,"Cipla, Goa, India",Yes,16729,25199.31,956.42
14410,112-NG-T30,FPQ-6124,SCMS-93420,ASN-9751,Nigeria,PMO - US,Direct Drop,EXW,Air,7/29/10,12/7/10,28-Feb-11,28-Feb-11,28-Feb-11,ACT,ACT,NOVARTIS PHARMA SERVICES AG,"Artemether/Lumefantrine 20/120mg [Coartem], scored tablets, Blister 30 x 24 Tabs",Artemether/Lumefantrine,Coartem,20/120mg,Tablet - FDC + blister,720,1245,48555,39,0.05,"Novartis Pharma Suffern, USA",Yes,859,5810.56,104.68
14412,116-ZA-T30,FPQ-13973,SCMS-238555,ASN-29255,South Africa,PMO - US,Direct Drop,DDP,Truck,4/30/14,11/4/14,5-Nov-14,5-Nov-14,5-Nov-14,ARV,Adult,PHARMACY DIRECT,"Raltegravir 400mg [Isentress], tablets, 60 Tabs",Raltegravir,Isentress,400mg,Tablet,60,24,2031.3,84.64,1.41,"MSD, Haarlem, NL",Yes,Weight Captured Separately,Freight Included in Commodity Cost,2.09
14431,107-RW-T30,FPQ-8399,SCMS-126230,ASN-15270,Rwanda,PMO - US,Direct Drop,FCA,Air,10/19/11,11/2/11,5-Jul-12,5-Jul-12,5-Jul-12,ARV,Adult,Hoffmann-La Roche ltd Basel,"Nelfinavir (as mesilate) 250mg [Viracept], tablets, 270 Tabs",Nelfinavir (as mesilate),Viracept,250mg,Tablet,270,109,17410.04,159.73,0.59,Roche Madrid,Yes,27,2205.25,28.73
14433,116-ZA-T30,FPQ-4770,SCMS-60170,ASN-5933,South Africa,PMO - US,Direct Drop,DDP,Truck,12/17/09,12/23/09,29-Dec-09,29-Dec-09,29-Dec-09,ARV,Adult,S. BUYS WHOLESALER,"Emtricitabine/Tenofovir Disoproxil Fumarate 200/300mg [Truvada], tablets, 30 Tabs",Emtricitabine/Tenofovir Disoproxil Fumarate,Truvada,300/200mg,Tablet - FDC,30,100,4669.76,46.7,1.56,"Aspen-OSD, Port Elizabeth, SA",Yes,Weight Captured Separately,Freight Included in Commodity Cost,10.07
14437,116-ZA-T30,FPQ-14942,SCMS-259085,ASN-33333,South Africa,PMO - US,Direct Drop,DDP,Truck,9/11/14,7/14/15,14-Jul-15,14-Jul-15,14-Jul-15,ARV,Pediatric,PHARMACY DIRECT,"Lopinavir/Ritonavir 80/20mg/ml [Kaletra], oral solution, cool, Bottle 5 x 60 ml",Lopinavir/Ritonavir,Kaletra,80/20mg/ml,Oral solution,300,3,51.42,17.14,0.06,ABBVIE (Abbott) Logis. UK,Yes,Weight Captured Separately,Freight Included in Commodity Cost,0.05
14440,161-ZA-T30,FPQ-6262,SCMS-91340,ASN-9807,South Africa,PMO - US,Direct Drop,DDP,Air,8/31/10,11/19/10,9-Feb-11,9-Feb-11,9-Feb-11,ARV,Pediatric,ASPEN PHARMACARE,"Abacavir 20mg/ml [Ziagen], oral solution, Bottle, 240 ml",Abacavir,Ziagen,20mg/ml,Oral solution,240,28000,280560,10.02,0.04,GSK Mississauga (Canada),Yes,Weight Captured Separately,Freight Included in Commodity Cost,604.89
14447,116-ZA-T30,FPQ-7176,SCMS-104380,ASN-11802,South Africa,PMO - US,Direct Drop,DDP,Ocean,3/10/11,4/1/11,3-Nov-11,10-Oct-11,10-Oct-11,ARV,Adult,Aurobindo Pharma Limited,"Efavirenz 600mg, tablets, 30 Tabs",Efavirenz,Generic,600mg,Tablet,30,5745,25909.95,4.51,0.15,"Aurobindo Unit III, India",Yes,488,4232.71,42.75
14508,113-ZW-T30,FPQ-7521,SCMS-108030,ASN-11413,Zimbabwe,PMO - US,Direct Drop,EXW,Air,4/7/11,5/5/11,8-Sep-11,8-Sep-11,8-Sep-11,HRDT,HIV test,"Orgenics, Ltd","HIV 1/2, Determine Complete HIV Kit, 100 Tests","HIV 1/2, Determine Complete HIV Kit",Determine,N/A,Test kit,100,2730,218400,80,0.8,Inverness Japan,Yes,1053,27236.25,360.36
14542,161-ZA-T30,FPQ-5303,SCMS-68980,ASN-9647,South Africa,PMO - US,Direct Drop,DDP,Air,3/18/10,3/19/10,24-Aug-10,4-Mar-11,4-Mar-11,ARV,Pediatric,Aurobindo Pharma Limited,"Lamivudine 10mg/ml, oral solution w/syringe, Bottle, 240 ml",Lamivudine,Generic,10mg/ml,Oral solution,240,6395,19185,3,0.01,"Aurobindo Unit III, India",Yes,Weight Captured Separately,Freight Included in Commodity Cost,41.36
14564,116-ZA-T30,FPQ-14942,SCMS-259074,ASN-31070,South Africa,PMO - US,Direct Drop,DDP,Truck,9/11/14,3/9/15,9-Mar-15,9-Mar-15,9-Mar-15,ARV,Adult,PHARMACY DIRECT,"Zidovudine 300mg, tablets, 60 Tabs",Zidovudine,Generic,300mg,Tablet,60,7,126.22,18.03,0.3,"Aurobindo Unit III, India",No,Weight Captured Separately,Freight Included in Commodity Cost,0.13
14571,133-NG-T30,FPQ-10349,SCMS-155321,ASN-17168,Nigeria,PMO - US,Direct Drop,EXW,Air,7/17/12,8/13/12,28-Nov-12,27-Nov-12,27-Nov-12,HRDT,HIV test,"Orgenics, Ltd","HIV 1/2, Determine Complete HIV Kit, 100 Tests","HIV 1/2, Determine Complete HIV Kit",Determine,N/A,Test kit,100,2744,244216,89,0.89,"Alere Medical Co., Ltd.",Yes,1303,28734.43,342.39
14578,106-HT-T30,FPQ-11442,SCMS-177180,ASN-18919,Haiti,PMO - US,Direct Drop,EXW,Ocean,1/30/13,3/11/13,7-Aug-13,7-Aug-13,7-Aug-13,ARV,Pediatric,Aurobindo Pharma Limited,"Efavirenz 200mg, capsule, 90 Caps",Efavirenz,Generic,200mg,Capsule,90,3680,20240,5.5,0.06,"Aurobindo Unit III, India",Yes,6385,8768.76,25.04
14605,106-HT-T30,FPQ-11442,SCMS-177160,ASN-18905,Haiti,PMO - US,Direct Drop,EXW,Ocean,1/30/13,3/7/13,7-Aug-13,7-Aug-13,7-Aug-13,ARV,Adult,HETERO LABS LIMITED,"Efavirenz 600mg, tablets, 30 Tabs",Efavirenz,Generic,600mg,Tablet,30,71376,231258.24,3.24,0.11,"Hetero, Jadcherla, unit 5, IN",Yes,5864,7558.01,286.07
14628,116-ZA-T30,FPQ-12522,SCMS-199283,ASN-27978,South Africa,PMO - US,Direct Drop,DDP,Truck,7/11/13,8/27/14,27-Aug-14,27-Aug-14,27-Aug-14,ARV,Adult,S. BUYS WHOLESALER,"Lopinavir/Ritonavir 200/50mg [Aluvia], tablets, 120 Tabs",Lopinavir/Ritonavir,Aluvia,200/50mg,Tablet,120,48,1236.47,25.76,0.21,ABBVIE Ludwigshafen Germany,No,Weight Captured Separately,Freight Included in Commodity Cost,1.53
14658,110-ZM-T30,FPQ-14790,SCMS-253020,ASN-31638,Zambia,PMO - US,Direct Drop,FCA,Air,8/13/14,8/20/14,25-Apr-15,25-Apr-15,30-Apr-15,ARV,Pediatric,ABBVIE LOGISTICS (FORMERLY ABBOTT LOGISTICS BV),"Lopinavir/Ritonavir 80/20mg/ml [Kaletra], oral solution, cool, Bottle 5 x 60 ml",Lopinavir/Ritonavir,Kaletra,80/20mg/ml,Oral solution,300,2265,69807.3,30.82,0.1,ABBVIE (Abbott) Logis. UK,Yes,2272,14603.71,71.76
14665,106-HT-T30,FPQ-5725,SCMS-74750,ASN-7454,Haiti,PMO - US,Direct Drop,EXW,Air,5/26/10,6/2/10,13-Sep-10,13-Sep-10,13-Sep-10,HRDT,HIV test,"Orgenics, Ltd","HIV 1/2, Determine HIV Kit, without Lancets, 100 Tests","HIV 1/2, Determine HIV Kit, without Lancets",Determine,N/A,Test kit,100,1000,97680,97.68,0.98,Inverness Japan,Yes,227,2486.62,210.6
14694,104-CI-T30,FPQ-6024,SCMS-80900,ASN-8019,Côte d'Ivoire,PMO - US,Direct Drop,CIP,Air,7/19/10,8/2/10,8-Sep-10,8-Sep-10,8-Sep-10,ARV,Pediatric,BRISTOL-MYERS SQUIBB,"Didanosine 50mg [Videx], chewable tablets, 60 Tabs",Didanosine,Videx,50mg,Chewable/dispersible tablet,60,6000,57000,9.5,0.16,"BMS Meymac, France",Yes,1278,1742.12,122.89
14710,106-HT-T30,FPQ-13797,SCMS-233990,ASN-27716,Haiti,PMO - US,Direct Drop,EXW,Air,3/20/14,4/28/14,12-Sep-14,12-Sep-14,17-Sep-14,ARV,Adult,MICRO LABS LIMITED,"Efavirenz 600mg, tablets, 30 Tabs",Efavirenz,Generic,600mg,Tablet,30,29908,89125.84,2.98,0.1,"Micro labs, Verna, Goa, India",Yes,2423,14650.41,91.62
14743,161-ZA-T30,FPQ-6262,SCMS-83730,ASN-9481,South Africa,PMO - US,Direct Drop,DDP,Ocean,8/31/10,9/24/10,4-Mar-11,4-Mar-11,4-Mar-11,ARV,Adult,Aurobindo Pharma Limited,"Zidovudine 300mg, tablets, 60 Tabs",Zidovudine,Generic,300mg,Tablet,60,87500,641375,7.33,0.12,"Aurobindo Unit III, India",Yes,4416,7334.83,1382.8
14785,104-CI-T30,FPQ-12133,SCMS-188290,ASN-20951,Côte d'Ivoire,PMO - US,Direct Drop,EXW,Air,4/18/13,5/21/13,8-Aug-13,8-Aug-13,8-Aug-13,HRDT,HIV test,"Orgenics, Ltd","HIV 1/2, Determine Complete HIV Kit, 100 Tests","HIV 1/2, Determine Complete HIV Kit",Determine,N/A,Test kit,100,3200,256000,80,0.8,"Alere Medical Co., Ltd.",Yes,1394,20822.73,316.67
14803,107-RW-T30,FPQ-13651,SCMS-227720,ASN-25269,Rwanda,PMO - US,Direct Drop,EXW,Air,2/5/14,2/28/14,6-May-14,6-May-14,15-May-14,ARV,Pediatric,Aurobindo Pharma Limited,"Nevirapine 10mg/ml, oral suspension w/syringe, Bottle, 240 ml",Nevirapine,Generic,10mg/ml,Oral suspension,240,9720,14677.2,1.51,0.01,"Aurobindo Unit III, India",Yes,4365,Freight Included in Commodity Cost,15.09
14811,107-RW-T30,FPQ-13874,SCMS-232310,ASN-25543,Rwanda,PMO - US,Direct Drop,EXW,Air,3/12/14,4/3/14,28-Apr-14,28-Apr-14,28-Apr-14,HRDT,HIV test,"SHANGHAI KEHUA BIOENGINEERING CO.,LTD.  (KHB)","HIV 1/2, SKB Colloidal Gold, Diagnostic Kit, Antibody, 50 Tests","HIV 1/2, Colloidal Gold, Diagnostic Kit, Antibody",Colloidal Gold,N/A,Test kit,1,4068,99666,24.5,24.5,"KHB Test Kit Facility, Shanghai China",Yes,2712,37680.04,102.46
14820,110-PK-T30,FPQ-9019,SCMS-132510,ASN-13949,Pakistan,PMO - US,Direct Drop,EXW,Air,12/27/11,1/17/12,29-Jun-12,29-Jun-12,29-Jun-12,HRDT,HIV test,"Orgenics, Ltd","HIV 1/2, Determine Complete HIV Kit, 100 Tests","HIV 1/2, Determine Complete HIV Kit",Determine,N/A,Test kit,100,2132,170560,80,0.8,"Alere Medical Co., Ltd.",Yes,1017,14959.84,239.13
14846,101-CD-T30,FPQ-11103,SCMS-170640,ASN-18068,"Congo, DRC",PMO - US,Direct Drop,FCA,Air,12/7/12,1/3/13,16-Apr-13,16-Apr-13,16-Apr-13,ARV,Pediatric,ABBVIE LOGISTICS (FORMERLY ABBOTT LOGISTICS BV),"Lopinavir/Ritonavir 80/20mg/ml [Kaletra], oral solution, cool, Bottle 5 x 60 ml",Lopinavir/Ritonavir,Kaletra,80/20mg/ml,Oral solution,300,60,1849.2,30.82,0.1,ABBVIE (Abbott) Logis. UK,Yes,113,2570.86,2.29
14871,108-VN-T30,FPQ-10811,SCMS-164560,ASN-18406,Vietnam,PMO - US,Direct Drop,EXW,Air,10/15/12,11/7/12,13-Mar-13,13-Mar-13,13-Mar-13,ARV,Pediatric,MYLAN LABORATORIES LTD (FORMERLY MATRIX LABORATORIES),"Lamivudine/Zidovudine 30/60mg, tablets, 60 Tabs",Lamivudine/Zidovudine,Generic,30/60mg,Tablet - FDC,60,1769,3714.9,2.1,0.04,Mylan (formerly Matrix) Nashik,Yes,1961,7308.37,4.6
14874,161-ZA-T30,FPQ-5648,SCMS-75520,ASN-8545,South Africa,PMO - US,Direct Drop,DDP,Air,6/2/10,6/16/10,6-Oct-10,6-Oct-10,6-Oct-10,ARV,Pediatric,ASPEN PHARMACARE,"Abacavir 20mg/ml [Ziagen], oral solution, Bottle, 240 ml",Abacavir,Ziagen,20mg/ml,Oral solution,240,26000,392080,15.08,0.06,GSK Mississauga (Canada),Yes,Weight Captured Separately,7707.42,845.32
14929,116-ZA-T30,FPQ-15869,SCMS-278621,ASN-33339,South Africa,PMO - US,Direct Drop,DDP,Truck,2/23/15,5/7/15,15-Jul-15,15-Jul-15,15-Jul-15,ARV,Adult,PHARMACY DIRECT,"Efavirenz/Emtricitabine/Tenofovir Disoproxil Fumarate 600/200/300mg, tablets, 30 Tabs",Efavirenz/Emtricitabine/Tenofovir Disoproxil Fumarate,Generic,600/200/300mg,Tablet - FDC,30,9,342.83,38.09,1.27,Mylan (formerly Matrix) Nashik,Yes,Weight Captured Separately,Freight Included in Commodity Cost,0.4
14931,107-RW-T30,FPQ-14813,SCMS-268601,ASN-31659,Rwanda,PMO - US,Direct Drop,FCA,Air,10/9/14,12/12/14,12-May-15,12-May-15,12-May-15,ARV,Pediatric,SWORDS LABORATORIES,"Atazanavir 200mg [Reyataz], capsules, 60 Caps",Atazanavir,Reyataz,200mg,Capsule,60,1080,43869.6,40.62,0.68,Bristol-Myers Squibb Anagni IT,Yes,282,1028.1,45.1
14941,109-TZ-T30,FPQ-6203,SCMS-82750,ASN-8080,Tanzania,PMO - US,Direct Drop,EXW,Air,8/18/10,8/25/10,22-Oct-10,22-Oct-10,22-Oct-10,ARV,Adult,MYLAN LABORATORIES LTD (FORMERLY MATRIX LABORATORIES),"Efavirenz/Emtricitabine/Tenofovir Disoproxil Fumarate 600/200/300mg, tablets, 30 Tabs",Efavirenz/Emtricitabine/Tenofovir Disoproxil Fumarate,Generic,600/200/300mg,Tablet - FDC,30,9000,179100,19.9,0.66,Mylan (formerly Matrix) Nashik,Yes,1081,5834.1,386.14
14943,114-UG-T30,FPQ-4373,SCMS-58220,ASN-6150,Uganda,PMO - US,Direct Drop,CIP,Air,11/25/09,12/2/09,4-Mar-10,4-Mar-10,4-Mar-10,ARV,Adult,MERCK SHARP & DOHME IDEA GMBH (FORMALLY MERCK SHARP & DOHME B.V.),"Indinavir 400mg [Crixivan], capsules, 180 Caps",Indinavir,Crixivan,400mg,Capsule,180,75,3750,50,0.28,"MSD, Haarlem, NL",Yes,19,435,7.35
14970,106-HT-T30,FPQ-5526,SCMS-74010,ASN-7683,Haiti,PMO - US,Direct Drop,CIP,Air,5/4/10,5/25/10,5-Aug-10,5-Aug-10,5-Aug-10,ARV,Pediatric,BRISTOL-MYERS SQUIBB,"Didanosine 2g [Videx], powder for oral solution 10mg/ml, reconstitute to 200 ml",Didanosine,Videx,2g,Powder for oral solution,200,192,2417.28,12.59,0.06,"BMS Meymac, France",Yes,Weight Captured Separately,Freight Included in Commodity Cost,5.21
14988,102-SS-T30,FPQ-9038,SCMS-137200,ASN-14984,South Sudan,PMO - US,Direct Drop,EXW,Air,1/17/12,4/5/12,15-Jun-12,15-Jun-12,15-Jun-12,HRDT,HIV test,"Orgenics, Ltd","HIV 1/2, Determine Complete HIV Kit, 100 Tests","HIV 1/2, Determine Complete HIV Kit",Determine,N/A,Test kit,100,337,29993,89,0.89,"Alere Medical Co., Ltd.",Yes,181,4978.09,42.05
15004,116-ZA-T30,FPQ-3560,SCMS-49641,ASN-5136,South Africa,PMO - US,Direct Drop,DDP,Truck,5/7/09,7/21/09,5-Aug-09,5-Aug-09,5-Aug-09,ARV,Pediatric,S. BUYS WHOLESALER,"Abacavir 20mg/ml [Ziagen], oral solution, Bottle, 240 ml",Abacavir,Ziagen,20mg/ml,Oral solution,240,599,11964.63,19.97,0.08,GSK Mississauga (Canada),Yes,Weight Captured Separately,Freight Included in Commodity Cost,23.45
15005,133-NG-T30,FPQ-9599,SCMS-144190,ASN-16132,Nigeria,PMO - US,Direct Drop,EXW,Air,3/27/12,5/3/12,18-Sep-12,18-Sep-12,18-Sep-12,HRDT,HIV test,"Trinity Biotech, Plc","HIV 1/2, Uni-Gold HIV Kit, 20 Tests","HIV 1/2, Uni-Gold HIV Kit",Uni-Gold,N/A,Test kit,20,8018,256576,32,1.6,"Trinity Biotech, Plc",Yes,2607,28595.45,359.72
15011,107-RW-T30,FPQ-6186,SCMS-83350,ASN-9219,Rwanda,PMO - US,Direct Drop,CIP,Air,8/13/10,9/28/10,12-Dec-10,12-Dec-10,12-Dec-10,ARV,Adult,MYLAN LABORATORIES LTD (FORMERLY MATRIX LABORATORIES),"Efavirenz/Lamivudine/Tenofovir Disoproxil Fumarate 600/300/300mg, tablets, 30 Tabs",Efavirenz/Lamivudine/Tenofovir Disoproxil Fumarate,Generic,600/300/300mg,Tablet - FDC,30,9653,168734.44,17.48,0.58,Mylan (formerly Matrix) Nashik,Yes,Weight Captured Separately,Freight Included in Commodity Cost,363.79
15012,116-ZA-T30,FPQ-7176,SCMS-104370,ASN-11046,South Africa,PMO - US,Direct Drop,DDP,Ocean,3/10/11,4/1/11,15-Aug-11,15-Aug-11,15-Aug-11,ARV,Adult,Aurobindo Pharma Limited,"Zidovudine 300mg, tablets, 60 Tabs",Zidovudine,Generic,300mg,Tablet,60,2452,17899.6,7.3,0.12,"Aurobindo Unit III, India",Yes,127,47101.63,29.53
15046,116-ZA-T30,FPQ-14942,SCMS-259079,ASN-33852,South Africa,PMO - US,Direct Drop,DDP,Truck,9/11/14,10/9/14,24-Aug-15,24-Aug-15,24-Aug-15,ARV,Adult,PHARMACY DIRECT,"Didanosine 250mg, delayed-release capsules, 30 Caps",Didanosine,Generic,250mg,Delayed-release capsules,30,6,71.03,11.84,0.39,"Aurobindo Unit III, India",Yes,Weight Captured Separately,Freight Included in Commodity Cost,0.07
15051,105-GY-T30,FPQ-10249,SCMS-153840,ASN-16410,Guyana,PMO - US,Direct Drop,EXW,Air,7/5/12,7/26/12,25-Sep-12,25-Sep-12,25-Sep-12,HRDT,HIV test,"Trinity Biotech, Plc","HIV 1/2, Uni-Gold HIV Kit, 20 Tests","HIV 1/2, Uni-Gold HIV Kit",Uni-Gold,N/A,Test kit,20,2769,88608,32,1.6,"Trinity Biotech, Plc",Yes,876,8969.97,124.23
15115,101-CD-T30,FPQ-14100,SCMS-239410,ASN-26738,"Congo, DRC",PMO - US,Direct Drop,EXW,Air,4/23/14,5/20/14,5-Sep-14,5-Sep-14,16-Sep-14,HRDT,HIV test,"Trinity Biotech, Plc","HIV 1/2, Uni-Gold HIV Kit, 20 Tests","HIV 1/2, Uni-Gold HIV Kit",Uni-Gold,N/A,Test kit,20,34,1088,32,1.6,"Trinity Biotech, Plc",Yes,112,3196.31,1.12
15131,110-ZM-T30,FPQ-12251,SCMS-189230,ASN-20474,Zambia,PMO - US,Direct Drop,EXW,Air,5/2/13,5/22/13,11-Sep-13,11-Sep-13,11-Sep-13,HRDT,HIV test,"Orgenics, Ltd","HIV 1/2, Determine Complete HIV Kit, 100 Tests","HIV 1/2, Determine Complete HIV Kit",Determine,N/A,Test kit,100,6000,480000,80,0.8,"Alere Medical Co., Ltd.",Yes,2606,38354.26,593.76
15142,161-ZA-T30,FPQ-5303,SCMS-68940,ASN-7597,South Africa,PMO - US,Direct Drop,DDP,Air,3/18/10,3/19/10,7-Sep-10,7-Sep-10,7-Sep-10,ARV,Adult,Aurobindo Pharma Limited,"Efavirenz 600mg, tablets, 30 Tabs",Efavirenz,Generic,600mg,Tablet,30,11510,53751.7,4.67,0.16,"Aurobindo Unit III, India",Yes,993,4263.07,115.89
15149,108-VN-T30,FPQ-6818,SCMS-97850,ASN-11024,Vietnam,PMO - US,Direct Drop,EXW,Air,1/17/11,2/15/11,22-Jun-11,22-Jun-11,22-Jun-11,ARV,Adult,MYLAN LABORATORIES LTD (FORMERLY MATRIX LABORATORIES),"Lamivudine 150mg, tablets, 60 Tabs",Lamivudine,Generic,150mg,Tablet,60,20000,40000,2,0.03,Mylan (formerly Matrix) Nashik,Yes,2806,18207.5,66
15176,161-ZA-T30,FPQ-5648,SCMS-75660,ASN-8695,South Africa,PMO - US,Direct Drop,DDP,Ocean,6/2/10,6/17/10,12-Oct-10,15-Dec-10,15-Dec-10,ARV,Adult,Aurobindo Pharma Limited,"Efavirenz 600mg, tablets, 30 Tabs",Efavirenz,Generic,600mg,Tablet,30,12000,54120,4.51,0.15,"Aurobindo Unit III, India",Yes,Weight Captured Separately,Freight Included in Commodity Cost,116.68
15195,105-GY-T30,FPQ-6329,SCMS-87910,ASN-9578,Guyana,PMO - US,Direct Drop,DDU,Air,9/28/10,10/1/10,4-Mar-11,4-Mar-11,4-Mar-11,ARV,Pediatric,IDIS LIMITED,"Didanosine 25mg [Videx], chewable tablets, 60 Tabs",Didanosine,Videx,25mg,Chewable/dispersible tablet,60,270,12501,46.3,0.77,"BMS Meymac, France",Yes,59,180,26.95
15240,106-HT-T30,FPQ-14083,SCMS-240220,ASN-26559,Haiti,PMO - US,Direct Drop,EXW,Air,5/11/14,6/2/14,18-Jul-14,18-Jul-14,31-Jul-14,ARV,Pediatric,Aurobindo Pharma Limited,"Abacavir 20mg/ml, oral solution, Bottle, 240 ml",Abacavir,Generic,20mg/ml,Oral solution,240,375,2561.25,6.83,0.03,"Aurobindo Unit III, India",Yes,300,2949.23,2.63
15241,116-ZA-T30,FPQ-11828,SCMS-183950,ASN-19166,South Africa,South Africa Field Office,Direct Drop,DDP,Truck,3/18/13,Date Not Captured,16-Apr-13,16-Apr-13,16-Apr-13,ARV,Adult,S. BUYS WHOLESALER,"Efavirenz 600mg, tablets, 30 Tabs",Efavirenz,Generic,600mg,Tablet,30,1368,21995.87,16.08,0.54,"Cipla, Goa, India",Yes,Weight Captured Separately,Freight Included in Commodity Cost,27.21
15248,108-VN-T30,FPQ-4265,SCMS-57140,ASN-6265,Vietnam,PMO - US,Direct Drop,EXW,Air,10/20/09,11/13/09,15-Mar-10,15-Mar-10,15-Mar-10,ARV,Adult,Aurobindo Pharma Limited,"Lamivudine/Nevirapine/Zidovudine 150/200/300mg, tablets, 60 Tabs",Lamivudine/Nevirapine/Zidovudine,Generic,150/300/200mg,Tablet - FDC,60,16300,181745,11.15,0.19,"Aurobindo Unit III, India",Yes,2011,11648.31,356.22
15283,133-NG-T30,FPQ-7314,SCMS-104310,ASN-11148,Nigeria,PMO - US,Direct Drop,EXW,Air,3/11/11,3/31/11,19-Jul-11,19-Jul-11,19-Jul-11,HRDT,HIV test,"Trinity Biotech, Plc","HIV 1/2, Uni-Gold HIV Kit, 20 Tests","HIV 1/2, Uni-Gold HIV Kit",Uni-Gold,N/A,Test kit,20,3662,117184,32,1.6,"Trinity Biotech, Plc",Yes,1255,15794.47,193.35
15298,116-ZA-T30,FPQ-14942,SCMS-259075,ASN-32122,South Africa,PMO - US,Direct Drop,DDP,Truck,9/11/14,5/11/15,12-May-15,12-May-15,12-May-15,ARV,Adult,PHARMACY DIRECT,"Didanosine 400mg, delayed-release capsules, 30 Caps",Didanosine,Generic,400mg,Delayed-release capsules,30,7,99.53,14.22,0.47,"Aurobindo Unit III, India",No,Weight Captured Separately,Freight Included in Commodity Cost,0.1
15352,108-VN-T30,FPQ-10811,SCMS-166120,ASN-17672,Vietnam,PMO - US,Direct Drop,EXW,Air,10/15/12,11/9/12,29-Jan-13,29-Jan-13,29-Jan-13,ARV,Pediatric,Aurobindo Pharma Limited,"Lamivudine 10mg/ml, oral solution w/syringe, Bottle, 240 ml",Lamivudine,Generic,10mg/ml,Oral solution,240,464,858.4,1.85,0.01,"Aurobindo Unit III, India",Yes,437,1222.31,1.06
15356,102-SD-T30,FPQ-8261,SCMS-120472,ASN-13347,Sudan,PMO - US,Direct Drop,EXW,Air,8/29/11,9/7/11,8-Feb-12,8-Feb-12,8-Feb-12,HRDT,HIV test,"Trinity Biotech, Plc","HIV 1/2, Uni-Gold HIV Kit, 20 Tests","HIV 1/2, Uni-Gold HIV Kit",Uni-Gold,N/A,Test kit,20,35,1120,32,1.6,"Trinity Biotech, Plc",Yes,12,646.81,1.85
15368,108-VN-T30,FPQ-4265,SCMS-57130,ASN-6266,Vietnam,PMO - US,Direct Drop,EXW,Air,10/20/09,11/13/09,19-Mar-10,19-Mar-10,19-Mar-10,ARV,Adult,Aurobindo Pharma Limited,"Lamivudine 150mg, tablets, 60 Tabs",Lamivudine,Generic,150mg,Tablet,60,24480,58752,2.4,0.04,"Aurobindo Unit III, India",Yes,3536,20910.43,115.15
15382,102-ML-T30,FPQ-11783,SCMS-182800,ASN-19649,Mali,PMO - US,Direct Drop,EXW,Air,3/15/13,4/11/13,11-Jun-13,11-Jun-13,11-Jun-13,HRDT,HIV test,"Orgenics, Ltd","HIV 1/2, Determine Complete HIV Kit, 100 Tests","HIV 1/2, Determine Complete HIV Kit",Determine,N/A,Test kit,100,81,6480,80,0.8,"Alere Medical Co., Ltd.",Yes,37,2190.78,8.02
15399,151-NG-T30,FPQ-13102,SCMS-212700,ASN-22771,Nigeria,PMO - US,Direct Drop,EXW,Air,10/17/13,11/4/13,17-Dec-13,17-Dec-13,20-Dec-13,ARV,Adult,MYLAN LABORATORIES LTD (FORMERLY MATRIX LABORATORIES),"Zidovudine 300mg, tablets, 60 Tabs",Zidovudine,Generic,300mg,Tablet,60,10000,65000,6.5,0.11,Mylan (formerly Matrix) Nashik,Yes,574,4760.43,66.82
15405,107-RW-T30,FPQ-6186,SCMS-83330,ASN-9332,Rwanda,PMO - US,Direct Drop,CIP,Air,8/13/10,9/27/10,7-Jan-11,7-Jan-11,7-Jan-11,ARV,Adult,CIPLA LIMITED,"Lopinavir/Ritonavir 200/50mg, tablets, 120 Tabs",Lopinavir/Ritonavir,Generic,200/50mg,Tablet,120,1202,41228.6,34.3,0.29,Cipla Ltd A-42 MIDC Mahar. IN,Yes,Weight Captured Separately,Freight Included in Commodity Cost,88.89
15423,104-CI-T30,FPQ-12713,SCMS-201900,ASN-23392,Côte d'Ivoire,PMO - US,Direct Drop,EXW,Air,7/23/13,8/6/13,23-Jan-14,23-Jan-14,27-Jan-14,HRDT,HIV test,"Orgenics, Ltd","HIV 1/2, Determine Complete HIV Kit, 100 Tests","HIV 1/2, Determine Complete HIV Kit",Determine,N/A,Test kit,100,1400,112000,80,0.8,"Alere Medical Co., Ltd.",Yes,577,9275.59,138.54
15460,106-HT-T30,FPQ-15038,SCMS-262980,ASN-30463,Haiti,PMO - US,Direct Drop,EXW,Ocean,10/22/14,1/7/15,9-Apr-15,9-Apr-15,13-Apr-15,ARV,Adult,HETERO LABS LIMITED,"Lamivudine/Tenofovir Disoproxil Fumarate 300/300mg, tablets, 30 Tabs",Lamivudine/Tenofovir Disoproxil Fumarate,Generic,300/300mg,Tablet - FDC,30,36831,170159.22,4.62,0.15,Hetero Unit III Hyderabad IN,Yes,17826,20526.23,174.92
15499,109-TZ-T30,FPQ-10994,SCMS-169330,ASN-18422,Tanzania,PMO - US,Direct Drop,EXW,Air,11/13/12,12/12/12,30-Apr-13,30-Apr-13,30-Apr-13,HRDT,HIV test,"Trinity Biotech, Plc","HIV 1/2, Uni-Gold HIV Kit, 20 Tests","HIV 1/2, Uni-Gold HIV Kit",Uni-Gold,N/A,Test kit,20,8460,270720,32,1.6,"Trinity Biotech, Plc",Yes,2753,25485.81,334.88
15554,161-ZA-T30,FPQ-5648,SCMS-75480,ASN-8755,South Africa,PMO - US,Direct Drop,DDP,Air,6/2/10,6/17/10,13-Dec-10,11-Dec-10,11-Dec-10,ARV,Pediatric,Aurobindo Pharma Limited,"Nevirapine 10mg/ml, oral suspension w/syringe, Bottle, 240 ml",Nevirapine,Generic,10mg/ml,Oral suspension,240,2162,6810.3,3.15,0.01,"Aurobindo Unit III, India",Yes,838,4876.31,14.68
15596,113-ZW-T30,FPQ-7521,SCMS-108020,ASN-13965,Zimbabwe,PMO - US,Direct Drop,EXW,Air,4/7/11,5/5/11,20-Mar-12,20-Mar-12,20-Mar-12,HRDT,HIV test,"Orgenics, Ltd","HIV 1/2, Determine Complete HIV Kit, 100 Tests","HIV 1/2, Determine Complete HIV Kit",Determine,N/A,Test kit,100,2342,187360,80,0.8,Inverness Japan,Yes,1113,20082.38,309.14
15619,116-ZA-T30,FPQ-12522,SCMS-199283,ASN-27980,South Africa,PMO - US,Direct Drop,DDP,Truck,7/11/13,8/27/14,27-Aug-14,27-Aug-14,27-Aug-14,ARV,Adult,S. BUYS WHOLESALER,"Efavirenz 600mg, tablets, 30 Tabs",Efavirenz,Generic,600mg,Tablet,30,115,1923.5,16.73,0.56,Hetero Unit III Hyderabad IN,Yes,Weight Captured Separately,Freight Included in Commodity Cost,2.38
15625,111-MZ-T30,FPQ-14294,SCMS-247360,ASN-27766,Mozambique,PMO - US,Direct Drop,EXW,Air,5/15/14,7/30/14,10-Sep-14,10-Sep-14,1-Oct-14,HRDT,HIV test,"Orgenics, Ltd","HIV 1/2, Determine Complete HIV Kit, 100 Tests","HIV 1/2, Determine Complete HIV Kit",Determine,N/A,Test kit,100,4708,376640,80,0.8,"Alere Medical Co., Ltd.",Yes,1914,13489.96,387.19
15642,107-RW-T30,FPQ-6185,SCMS-84411,ASN-9660,Rwanda,PMO - US,Direct Drop,CIP,Air,9/3/10,9/27/10,9-Feb-11,9-Feb-11,9-Feb-11,ARV,Adult,CIPLA LIMITED,"Lopinavir/Ritonavir 200/50mg, tablets, 120 Tabs",Lopinavir/Ritonavir,Generic,200/50mg,Tablet,120,2486,85269.8,34.3,0.29,Cipla Ltd A-42 MIDC Mahar. IN,Yes,4354,Freight Included in Commodity Cost,183.84
15643,133-NG-T30,FPQ-8117,SCMS-118170,ASN-12941,Nigeria,PMO - US,Direct Drop,EXW,Air,7/28/11,8/12/11,13-Dec-11,13-Dec-11,13-Dec-11,HRDT,HIV test,"Trinity Biotech, Plc","HIV 1/2, Uni-Gold HIV Kit, 20 Tests","HIV 1/2, Uni-Gold HIV Kit",Uni-Gold,N/A,Test kit,20,2000,64000,32,1.6,"Trinity Biotech, Plc",Yes,793,7938.18,105.6
15656,A01-CM-T50,FPQ-15905,SCMS-285060,ASN-33424,Cameroon,PMO - US,Direct Drop,CIP,Air,2/19/15,5/1/15,26-Aug-15,26-Aug-15,26-Aug-15,ARV,Adult,MERCK SHARP & DOHME IDEA GMBH (FORMALLY MERCK SHARP & DOHME B.V.),"Raltegravir 400mg [Isentress], tablets, 60 Tabs",Raltegravir,Isentress,400mg,Tablet,60,120,6660,55.5,0.92,"MSD, Haarlem, NL",Yes,Weight Captured Separately,Freight Included in Commodity Cost,7.84
15670,901-CM-T30,FPQ-12837,SCMS-204300,ASN-21701,Cameroon,PMO - US,Direct Drop,EXW,Air,8/19/13,8/23/13,18-Oct-13,26-Oct-13,29-Oct-13,ARV,Adult,Aurobindo Pharma Limited,"Nevirapine 200mg, tablets, 60 Tabs",Nevirapine,Generic,200mg,Tablet,60,34595,77838.75,2.25,0.04,"Aurobindo Unit III, India",Yes,3642,31434.31,96.29
15687,161-ZA-T30,FPQ-5303,SCMS-68980,ASN-7526,South Africa,PMO - US,Direct Drop,DDP,Air,3/18/10,3/19/10,24-Aug-10,24-Aug-10,24-Aug-10,ARV,Pediatric,Aurobindo Pharma Limited,"Lamivudine 10mg/ml, oral solution w/syringe, Bottle, 240 ml",Lamivudine,Generic,10mg/ml,Oral solution,240,8474,25422,3,0.01,"Aurobindo Unit III, India",Yes,3206,2154.51,54.81
15695,117-ET-T30,FPQ-4752,SCMS-61200,ASN-6004,Ethiopia,PMO - US,Direct Drop,EXW,Air,12/23/09,12/29/09,9-Feb-10,9-Feb-10,9-Feb-10,ARV,Adult,STRIDES ARCOLAB LIMITED,"Lamivudine/Stavudine 150/30mg, tablets, 60 Tabs",Lamivudine/Stavudine,Generic,150/30mg,Tablet - FDC,60,71596,241278.52,3.37,0.06,"Strides, Bangalore, India.",Yes,3652,15236.52,520.2
15726,107-RW-T30,FPQ-9168,SCMS-137552,ASN-15729,Rwanda,PMO - US,Direct Drop,EXW,Air,1/13/12,5/31/12,7-Aug-12,7-Aug-12,7-Aug-12,ARV,Adult,MYLAN LABORATORIES LTD (FORMERLY MATRIX LABORATORIES),"Abacavir 300mg, tablets, 60 Tabs",Abacavir,Generic,300mg,Tablet,60,46530,581159.7,12.49,0.21,Mylan (formerly Matrix) Nashik,Yes,4810,27894.81,814.79
15727,123-NG-T30,FPQ-7743,SCMS-111240,ASN-12090,Nigeria,PMO - US,Direct Drop,EXW,Air,5/23/11,6/15/11,23-Sep-11,23-Sep-11,23-Sep-11,ACT,ACT,NOVARTIS PHARMA SERVICES AG,"Artemether/Lumefantrine 20/120mg [Coartem], scored tablets, Blister 30 x 24 Tabs",Artemether/Lumefantrine,Coartem,20/120mg,Tablet - FDC + blister,720,1000,39000,39,0.05,"Novartis Pharma Suffern, USA",Yes,711,5433.21,64.35
15738,108-VN-T30,FPQ-15823,SCMS-277340,ASN-32255,Vietnam,PMO - US,Direct Drop,FCA,Air,2/13/15,3/4/15,15-Jul-15,15-Jul-15,15-Jul-15,ARV,Adult,ABBVIE LOGISTICS (FORMERLY ABBOTT LOGISTICS BV),"Ritonavir 100mg [Norvir], film coated tablets, 30 Tabs",Ritonavir,Norvir,100mg,Tablet,30,400,9304,23.26,0.78,ABBVIE Ludwigshafen Germany,Yes,40,642.45,10.95
15751,101-CD-T30,FPQ-16001,SCMS-280220,ASN-32231,"Congo, DRC",PMO - US,Direct Drop,EXW,Air,3/10/15,3/17/15,23-Jul-15,23-Jul-15,29-Jul-15,HRDT,HIV test,"Orgenics, Ltd","HIV 1/2, Determine Complete HIV Kit, 100 Tests","HIV 1/2, Determine Complete HIV Kit",Determine,N/A,Test kit,100,228,18240,80,0.8,"Alere Medical Co., Ltd.",No,See ASN-32231 (ID#:13648),See ASN-32231 (ID#:13648),21.47
15772,108-VN-T30,FPQ-8428,SCMS-123520,ASN-13475,Vietnam,PMO - US,Direct Drop,EXW,Air,9/21/11,10/4/11,1-Mar-12,1-Mar-12,1-Mar-12,ARV,Adult,Aurobindo Pharma Limited,"Lamivudine/Nevirapine/Zidovudine 150/200/300mg, tablets, 60 Tabs",Lamivudine/Nevirapine/Zidovudine,Generic,150/300/200mg,Tablet - FDC,60,30000,313500,10.45,0.17,"Aurobindo Unit III, India",Yes,10210,17392.05,517.28
15778,109-TZ-T30,FPQ-10809,SCMS-162861,ASN-18311,Tanzania,PMO - US,Direct Drop,EXW,Air,10/11/12,10/18/12,10-Apr-13,10-Apr-13,10-Apr-13,HRDT,HIV test,"Orgenics, Ltd","HIV 1/2, Determine Complete HIV Kit, 100 Tests","HIV 1/2, Determine Complete HIV Kit",Determine,N/A,Test kit,100,218,17440,80,0.8,"Alere Medical Co., Ltd.",Yes,91,2082.39,21.57
15788,105-SS-T30,FPQ-15569,SCMS-272170,ASN-31958,South Sudan,PMO - US,Direct Drop,EXW,Air,12/29/14,2/20/15,2-Jul-15,2-Jul-15,3-Jul-15,HRDT,HIV test - Ancillary,"Orgenics, Ltd","Chase Buffer, Determine, 100 Tests, 2.5ml x 1 Vial","Chase Buffer, Determine, 100 Tests, 2.5ml x 1 Vial",Determine,N/A,Test kit - Ancillary,1,45,225,5,5,"Alere Medical Co., Ltd.",Yes,Weight Captured Separately,Invoiced Separately,0.26
15795,116-ZA-T30,FPQ-14942,SCMS-259071,ASN-29597,South Africa,PMO - US,Direct Drop,DDP,Truck,9/11/14,11/28/14,28-Nov-14,28-Nov-14,28-Nov-14,ARV,Adult,PHARMACY DIRECT,"Zidovudine 300mg, tablets, 60 Tabs",Zidovudine,Generic,300mg,Tablet,60,12,216.37,18.03,0.3,"Aurobindo Unit III, India",No,Weight Captured Separately,Freight Included in Commodity Cost,0.22
15804,102-ML-T30,FPQ-11783,SCMS-182801,ASN-19657,Mali,PMO - US,Direct Drop,EXW,Air,3/15/13,4/11/13,3-Jul-13,3-Jul-13,3-Jul-13,HRDT,HIV test,"Orgenics, Ltd","HIV 1/2, Clearview Complete Kit, 25 Tests","HIV 1/2, Clearview Complete Kit",Clearview,N/A,Test kit,25,20,1900,95,3.8,Chembio Diagnostics Sys. Inc.,Yes,9,779.06,2.35
15813,111-MZ-T30,FPQ-13395,SCMS-219220,ASN-25454,Mozambique,PMO - US,Direct Drop,EXW,Air,12/11/13,12/17/13,2-May-14,2-May-14,7-May-14,ARV,Adult,HETERO LABS LIMITED,"Lamivudine/Nevirapine/Zidovudine 150/200/300mg, tablets, 60 Tabs",Lamivudine/Nevirapine/Zidovudine,Generic,150/300/200mg,Tablet - FDC,60,23040,186854.4,8.11,0.14,Hetero Unit III Hyderabad IN,Yes,3138,16537.12,192.09
15815,116-ZA-T30,FPQ-4359,SCMS-54980,ASN-5373,South Africa,PMO - US,Direct Drop,DDP,Truck,10/8/09,10/15/09,19-Oct-09,19-Oct-09,19-Oct-09,ARV,Pediatric,S. BUYS WHOLESALER,"Stavudine 1mg/ml [Zerit], powder for oral solution, Bottle, 200 ml",Stavudine,Zerit,1mg/ml,Powder for oral solution,200,2200,3914.05,1.78,0.01,"BMS Meymac, France",No,Weight Captured Separately,Freight Included in Commodity Cost,7.67
15825,109-TZ-T30,FPQ-16453,SCMS-293540,ASN-33245,Tanzania,PMO - US,Direct Drop,EXW,Air,6/8/15,6/25/15,24-Aug-15,24-Aug-15,28-Aug-15,HRDT,HIV test,"Trinity Biotech, Plc","HIV 1/2, Uni-Gold HIV Kit, 20 Tests","HIV 1/2, Uni-Gold HIV Kit",Uni-Gold,N/A,Test kit,20,400,12800,32,1.6,"Trinity Biotech, Plc",Yes,Weight Captured Separately,Invoiced Separately,15.07
15867,107-RW-T30,FPQ-8932,SCMS-129870,ASN-13373,Rwanda,PMO - US,Direct Drop,EXW,Air,12/6/11,12/13/11,24-Jan-12,26-Jan-12,26-Jan-12,ARV,Adult,Aurobindo Pharma Limited,"Lamivudine/Tenofovir Disoproxil Fumarate 300/300mg, tablets, 30 Tabs",Lamivudine/Tenofovir Disoproxil Fumarate,Generic,300/300mg,Tablet - FDC,30,41286,220880.1,5.35,0.18,"Aurobindo Unit VII, IN",Yes,4027,28833.91,309.67
15879,107-RW-T30,FPQ-6341,SCMS-84940,ASN-10070,Rwanda,PMO - US,Direct Drop,EXW,Ocean,9/3/10,9/29/10,27-Apr-11,27-Apr-11,27-Apr-11,ARV,Adult,MYLAN LABORATORIES LTD (FORMERLY MATRIX LABORATORIES),"Lamivudine/Tenofovir Disoproxil Fumarate 300/300mg, tablets, 30 Tabs",Lamivudine/Tenofovir Disoproxil Fumarate,Generic,300/300mg,Tablet - FDC,30,117359,997551.5,8.5,0.28,Mylan (formerly Matrix) Nashik,Yes,10329,32530.22,2150.72
15894,108-VN-T30,FPQ-4266,SCMS-56540,ASN-7741,Vietnam,PMO - US,Direct Drop,EXW,Air,10/20/09,11/11/09,23-Aug-10,23-Aug-10,23-Aug-10,ARV,Adult,Aurobindo Pharma Limited,"Lamivudine/Nevirapine/Zidovudine 150/200/300mg, tablets, 60 Tabs",Lamivudine/Nevirapine/Zidovudine,Generic,150/300/200mg,Tablet - FDC,60,20500,228575,11.15,0.19,"Aurobindo Unit III, India",Yes,2904,14223.39,448.01
15909,116-ZA-T30,FPQ-3560,SCMS-49631,ASN-5444,South Africa,PMO - US,Direct Drop,DDP,Truck,5/7/09,7/21/09,14-Sep-09,9-Oct-09,9-Oct-09,ARV,Adult,S. BUYS WHOLESALER,"Efavirenz 600mg, tablets, 30 Tabs",Efavirenz,Generic,600mg,Tablet,30,9612,183096.09,19.05,0.64,"Cipla, Goa, India",Yes,Weight Captured Separately,Freight Included in Commodity Cost,358.87
15930,110-ZM-T30,FPQ-4692,SCMS-60720,ASN-6175,Zambia,PMO - US,Direct Drop,EXW,Air,12/16/09,12/22/09,16-Mar-10,16-Mar-10,16-Mar-10,HRDT,HIV test,"Trinity Biotech, Plc","HIV 1/2, Uni-Gold HIV Kit, 20 Tests","HIV 1/2, Uni-Gold HIV Kit",Uni-Gold,N/A,Test kit,20,5264,168448,32,1.6,"Trinity Biotech, Plc",Yes,1826,16438.26,363.17
15946,117-ET-T30,FPQ-5582,SCMS-72390,ASN-9567,Ethiopia,PMO - US,Direct Drop,EXW,Air,4/28/10,4/29/10,14-Feb-11,14-Feb-11,14-Feb-11,ARV,Adult,Aurobindo Pharma Limited,"Didanosine 250mg, delayed-release capsules, 30 Caps",Didanosine,Generic,250mg,Delayed-release capsules,30,2600,33800,13,0.43,"Aurobindo Unit III, India",Yes,236,1131.48,72.87
15984,161-ZA-T30,FPQ-6708,SCMS-93580,ASN-9951,South Africa,PMO - US,Direct Drop,DDP,Ocean,11/26/10,12/14/10,8-Apr-11,8-Apr-11,8-Apr-11,ARV,Adult,CIPLA LIMITED,"Tenofovir Disoproxil Fumarate 300mg, tablets, 30 Tabs",Tenofovir Disoproxil Fumarate,Generic,300mg,Tablet,30,137654,944306.44,6.86,0.23,"Cipla, Goa, India",Yes,9147,11314.2,1558.11
15994,106-HT-T30,FPQ-13797,SCMS-233940,ASN-26454,Haiti,PMO - US,Direct Drop,EXW,Air,3/20/14,4/29/14,14-Jul-14,14-Jul-14,16-Jul-14,ARV,Pediatric,Aurobindo Pharma Limited,"Nevirapine 10mg/ml, oral suspension w/syringe, Bottle, 240 ml",Nevirapine,Generic,10mg/ml,Oral suspension,240,705,1064.55,1.51,0.01,"Aurobindo Unit III, India",Yes,346,3429.78,1.09
15999,109-TZ-T30,FPQ-12540,SCMS-198780,ASN-20860,Tanzania,PMO - US,Direct Drop,EXW,Air,7/3/13,7/16/13,24-Sep-13,24-Sep-13,24-Sep-13,ARV,Adult,Aurobindo Pharma Limited,"Lamivudine/Nevirapine/Zidovudine 150/200/300mg, tablets, 60 Tabs",Lamivudine/Nevirapine/Zidovudine,Generic,150/300/200mg,Tablet - FDC,60,36426,296143.38,8.13,0.14,"Aurobindo Unit III, India",Yes,4609,17581.92,366.33
16044,104-CI-T30,FPQ-8210,SCMS-124140,ASN-13540,Côte d'Ivoire,PMO - US,Direct Drop,EXW,Air,8/11/11,10/5/11,6-Feb-12,6-Feb-12,6-Feb-12,HRDT,HIV test,"CHEMBIO DIAGNOSTIC SYSTEMS, INC.","HIV 1/2, Stat-Pak HIV, Kit, 20 Tests","HIV 1/2, Stat-Pak HIV, Kit",Stat-Pak,N/A,Test kit,20,1129,32741,29,1.45,Chembio Diagnostics Sys. Inc.,Yes,328,4420.31,54.02
16053,108-VN-T30,FPQ-13034,SCMS-210120,ASN-24394,Vietnam,PMO - US,Direct Drop,EXW,Air,10/4/13,10/10/13,23-Apr-14,23-Apr-14,23-Apr-14,ARV,Adult,HETERO LABS LIMITED,"Lamivudine 150mg, tablets, 60 Tabs",Lamivudine,Generic,150mg,Tablet,60,14011,25920.35,1.85,0.03,Hetero Unit III Hyderabad IN,Yes,1953,3658.08,32.06
16071,133-NG-T30,FPQ-10765,SCMS-162440,ASN-18175,Nigeria,PMO - US,Direct Drop,EXW,Air,10/5/12,10/16/12,9-Jan-13,26-Feb-13,26-Feb-13,HRDT,HIV test,"Orgenics, Ltd","HIV 1/2, Determine Complete HIV Kit, 100 Tests","HIV 1/2, Determine Complete HIV Kit",Determine,N/A,Test kit,100,1859,165451,89,0.89,"Alere Medical Co., Ltd.",Yes,840,Freight Included in Commodity Cost,231.96
16084,116-ZA-T30,FPQ-14942,SCMS-259074,ASN-31070,South Africa,PMO - US,Direct Drop,DDP,Truck,9/11/14,3/9/15,9-Mar-15,9-Mar-15,9-Mar-15,ARV,Adult,PHARMACY DIRECT,"Didanosine 250mg, delayed-release capsules, 30 Caps",Didanosine,Generic,250mg,Delayed-release capsules,30,1,11.02,11.02,0.37,"Aurobindo Unit III, India",No,Weight Captured Separately,Freight Included in Commodity Cost,0.01
16085,122-HT-T30,FPQ-8635,SCMS-132180,ASN-13412,Haiti,PMO - US,Direct Drop,EXW,Air,12/7/11,12/30/11,18-Jan-12,18-Jan-12,18-Jan-12,ANTM,Malaria,AMSTELFARMA B.V.,"Mefloquine 250mg (as hydrochloride), tablets, 100 Tabs",Mefloquine (as hydrochloride),Generic,250mg,Tablet,100,100,8905,89.05,0.89,"Medochemie Factory A, CY",Yes,1173,7019.07,12.48
16097,109-TZ-T30,FPQ-3782,SCMS-47770,ASN-5364,Tanzania,PMO - US,Direct Drop,CIP,Air,6/11/09,6/29/09,27-Nov-09,27-Nov-09,27-Nov-09,ARV,Adult,BRISTOL-MYERS SQUIBB,"Didanosine EC 250mg [Videx EC], delayed-release capsules, Blister 3 x 10 Caps",Didanosine EC,Videx EC,250mg,Delayed-release capsules - blister,30,18544,340096.96,18.34,0.61,"BMS Meymac, France",Yes,1478,1312.2,666.59
16098,106-HT-T30,FPQ-15038,SCMS-262840,ASN-31820,Haiti,PMO - US,Direct Drop,EXW,Ocean,10/22/14,12/24/14,3-Jul-15,3-Jul-15,13-Jul-15,ARV,Pediatric,MYLAN LABORATORIES LTD (FORMERLY MATRIX LABORATORIES),"Abacavir/Lamivudine 60/30mg, tablets, 60 Tabs",Abacavir/Lamivudine,Generic,60/30mg,Tablet - FDC,60,3300,13035,3.95,0.07,Mylan (formerly Matrix) Nashik,Yes,16350,16028.78,13.4
16099,161-ZA-T30,FPQ-6262,SCMS-83790,ASN-10250,South Africa,PMO - US,Direct Drop,DDP,Ocean,8/31/10,9/24/10,1-Feb-11,3-May-11,3-May-11,ARV,Pediatric,Aurobindo Pharma Limited,"Efavirenz 200mg, capsule, 90 Caps",Efavirenz,Generic,200mg,Capsule,90,1515,15119.7,9.98,0.11,"Aurobindo Unit III, India",Yes,201,4134.92,32.6
16104,117-ET-T30,FPQ-6976,SCMS-98320,ASN-12361,Ethiopia,PMO - US,Direct Drop,EXW,Air,1/13/11,2/1/11,31-Oct-11,31-Oct-11,31-Oct-11,ARV,Adult,Aurobindo Pharma Limited,"Didanosine 400mg, delayed-release capsules, 30 Caps",Didanosine,Generic,400mg,Delayed-release capsules,30,2225,44500,20,0.67,"Aurobindo Unit III, India",Yes,174,2052.97,73.42
16173,109-TZ-T30,FPQ-7992,SCMS-117230,ASN-13952,Tanzania,PMO - US,Direct Drop,FCA,Air,7/8/11,8/4/11,29-Mar-12,29-Mar-12,29-Mar-12,ARV,Pediatric,LAWRENCE LABORATORIES (SUBSIDIARY OF BRISTOL MYERS SQUIBB),"Didanosine 100mg [Videx],chewable tablets, 60 Tabs",Didanosine,Videx,100mg,Chewable/dispersible tablet,60,4132,52683,12.75,0.21,Bristol-Myers Squibb Anagni IT,Yes,1598,12689.71,86.93
16186,108-VN-T30,FPQ-10811,SCMS-164660,ASN-18971,Vietnam,PMO - US,Direct Drop,EXW,Air,10/15/12,11/7/12,16-May-13,16-May-13,16-May-13,ARV,Adult,STRIDES ARCOLAB LIMITED,"Lamivudine/Nevirapine/Zidovudine 150/200/300mg, tablets, 60 Tabs",Lamivudine/Nevirapine/Zidovudine,Generic,150/300/200mg,Tablet - FDC,60,21858,184044.36,8.42,0.14,"Strides, Bangalore, India.",Yes,2777,4461.72,227.66
16213,102-BI-T30,FPQ-14594,SCMS-250100,ASN-28054,Burundi,PMO - US,Direct Drop,EXW,Air,7/17/14,8/5/14,26-Sep-14,26-Sep-14,29-Sep-14,HRDT,HIV test,"CHEMBIO DIAGNOSTIC SYSTEMS, INC.","HIV 1/2, Stat-Pak Dipstick Assay Kit, 30 Tests","HIV 1/2, Stat-Pak Dipstick Assay Kit",Stat-Pak,N/A,Test kit,30,414,11426.4,27.6,0.92,Chembio Diagnostics Sys. Inc.,Yes,44,694.1,11.75
16231,109-TZ-T30,FPQ-6936,SCMS-100632,ASN-10905,Tanzania,PMO - US,Direct Drop,EXW,Air,12/27/10,5/2/11,14-Jul-11,14-Jul-11,14-Jul-11,HRDT,HIV test,"Standard Diagnostics, Inc.","HIV 1/2, Bioline 3.0 Kit, Lancets, Capillary pipets, Alcohol swabs included, 25 Tests","HIV 1/2, Bioline 3.0 Kit, Lancets, Capillary pipets, Alcohol swabs included",Bioline,N/A,Test kit,25,10000,200000,20,0.8,"Standard Diagnostics, Korea",Yes,3335,23616.68,330
16232,106-HT-T30,FPQ-9066,SCMS-138580,ASN-14408,Haiti,PMO - US,Direct Drop,EXW,Air,1/6/12,2/24/12,22-Apr-12,22-Apr-12,22-Apr-12,ARV,Pediatric,Aurobindo Pharma Limited,"Nevirapine 50mg, dispersible tablets (tablets for oral suspension), 30 Tabs",Nevirapine,Generic,50mg,Chewable/dispersible tablet,30,2894,3617.5,1.25,0.04,"Aurobindo Unit III, India",Yes,1486,12749.39,5.07
16236,117-ET-T30,FPQ-14357,SCMS-244850,ASN-27243,Ethiopia,PMO - US,Direct Drop,EXW,Air,6/3/14,6/18/14,29-Jul-14,29-Jul-14,14-Aug-14,HRDT,HIV test,"CHEMBIO DIAGNOSTIC SYSTEMS, INC.","HIV 1/2, Stat-Pak HIV, Kit, 20 Tests","HIV 1/2, Stat-Pak HIV, Kit",Stat-Pak,N/A,Test kit,20,679,22067.5,32.5,1.62,Chembio Diagnostics Sys. Inc.,Yes,195,2211.04,22.69
16255,103-KE-T30,FPQ-10018,SCMS-149610,ASN-15367,Kenya,PMO - US,Direct Drop,EXW,Air,6/5/12,6/14/12,9-Jul-12,9-Jul-12,9-Jul-12,HRDT,HIV test,"Orgenics, Ltd","HIV 1/2, Determine Complete HIV Kit, 100 Tests","HIV 1/2, Determine Complete HIV Kit",Determine,N/A,Test kit,100,7999,711911,89,0.89,"Alere Medical Co., Ltd.",Yes,1378,14842.19,998.1
16277,117-ET-T30,FPQ-9096,SCMS-133330,ASN-14559,Ethiopia,PMO - US,Direct Drop,EXW,Air,1/5/12,1/23/12,25-Apr-12,25-Apr-12,25-Apr-12,HRDT,HIV test,"Trinity Biotech, Plc","HIV 1/2, Uni-Gold HIV Kit, 20 Tests","HIV 1/2, Uni-Gold HIV Kit",Uni-Gold,N/A,Test kit,20,26,832,32,1.6,"Trinity Biotech, Plc",Yes,17,334.65,1.17
16291,105-DO-T30,FPQ-7858,SCMS-117400,ASN-12550,Dominican Republic,PMO - US,Direct Drop,EXW,Air,6/21/11,8/4/11,27-Oct-11,27-Oct-11,27-Oct-11,HRDT,HIV test,"Orgenics, Ltd","HIV 1/2, Determine Complete HIV Kit, 100 Tests","HIV 1/2, Determine Complete HIV Kit",Determine,N/A,Test kit,100,2772,255024,92,0.92,Inverness Japan,Yes,Weight Captured Separately,Invoiced Separately,420.79
16379,116-ZA-T30,FPQ-14942,SCMS-259077,ASN-33478,South Africa,PMO - US,Direct Drop,DDP,Truck,9/11/14,10/9/14,24-Jul-15,24-Jul-15,24-Jul-15,ARV,Adult,PHARMACY DIRECT,"Etravirine 100mg [Intelence], tablets, 120 Tabs",Etravirine,Intelence,100mg,Tablet,120,27,742.84,27.51,0.23,"Janssen-Cilag, Latina, IT",Yes,Weight Captured Separately,Freight Included in Commodity Cost,0.76
16391,105-SS-T30,FPQ-15569,SCMS-272170,ASN-32107,South Sudan,PMO - US,Direct Drop,EXW,Air,12/29/14,2/20/15,2-Jul-15,7-Jul-15,7-Jul-15,HRDT,HIV test,"Orgenics, Ltd","HIV 1/2, Determine Complete HIV Kit, 100 Tests","HIV 1/2, Determine Complete HIV Kit",Determine,N/A,Test kit,100,100,8900,89,0.89,"Alere Medical Co., Ltd.",Yes,Weight Captured Separately,Invoiced Separately,10.48
16398,107-RW-T30,FPQ-6341,SCMS-84930,ASN-12601,Rwanda,PMO - US,Direct Drop,EXW,Ocean,9/3/10,9/27/10,13-Dec-11,13-Dec-11,13-Dec-11,ARV,Adult,CIPLA LIMITED,"Lopinavir/Ritonavir 200/50mg, tablets, 120 Tabs",Lopinavir/Ritonavir,Generic,200/50mg,Tablet,120,23240,776216,33.4,0.28,Cipla Ltd A-42 MIDC Mahar. IN,Yes,6853,81246.12,1673.52
16462,116-ZA-T30,FPQ-13973,SCMS-238552,ASN-27609,South Africa,PMO - US,Direct Drop,DDP,Truck,4/30/14,8/5/14,5-Aug-14,5-Aug-14,5-Aug-14,ARV,Adult,PHARMACY DIRECT,"Darunavir 300mg [Prezista], tablets, 120 Tabs",Darunavir,Prezista,300mg,Tablet,120,36,2509.54,69.71,0.58,"Janssen-Cilag, Latina, IT",Yes,Weight Captured Separately,Freight Included in Commodity Cost,2.58
16473,109-TZ-T30,FPQ-6936,SCMS-100631,ASN-10904,Tanzania,PMO - US,Direct Drop,EXW,Air,12/27/10,5/2/11,14-Jul-11,14-Jul-11,14-Jul-11,HRDT,HIV test,"Standard Diagnostics, Inc.","HIV 1/2, Bioline 3.0 Kit, Lancets, Capillary pipets, Alcohol swabs included, 25 Tests","HIV 1/2, Bioline 3.0 Kit, Lancets, Capillary pipets, Alcohol swabs included",Bioline,N/A,Test kit,25,10000,200000,20,0.8,"Standard Diagnostics, Korea",Yes,3335,23650.43,330
16496,109-TZ-T30,FPQ-13418,SCMS-219200,ASN-24662,Tanzania,PMO - US,Direct Drop,EXW,Air,12/13/13,12/27/13,25-Apr-14,25-Apr-14,25-Apr-14,ARV,Adult,HETERO LABS LIMITED,"Zidovudine 300mg, tablets, 60 Tabs",Zidovudine,Generic,300mg,Tablet,60,63200,347600,5.5,0.09,Hetero Unit III Hyderabad IN,Yes,4007,23397.41,357.33
16504,161-ZA-T30,FPQ-7175,SCMS-104100,ASN-13291,South Africa,PMO - US,Direct Drop,DDP,Ocean,3/10/11,3/28/11,12-Jan-12,27-Jan-12,27-Jan-12,ARV,Adult,CIPLA LIMITED,"Nevirapine 200mg, tablets, 60 Tabs",Nevirapine,Generic,200mg,Tablet,60,37870,103006.4,2.72,0.05,"Cipla, Goa, India",Yes,4121,4957.81,169.96
16513,106-HT-T30,FPQ-12590,SCMS-210541,ASN-24373,Haiti,PMO - US,Direct Drop,EXW,Ocean,8/21/13,2/3/14,9-May-14,9-May-14,12-May-14,ARV,Pediatric,MYLAN LABORATORIES LTD (FORMERLY MATRIX LABORATORIES),"Lamivudine/Nevirapine/Zidovudine 30/50/60mg, dispersible tablets, 60 Tabs",Lamivudine/Nevirapine/Zidovudine,Generic,30/50/60mg,Chewable/dispersible tablet - FDC,60,889,3200.4,3.6,0.06,Mylan (formerly Matrix) Nashik,Yes,94,2350.55,3.96
16553,116-ZA-T30,FPQ-4359,SCMS-54980,ASN-5373,South Africa,PMO - US,Direct Drop,DDP,Truck,10/8/09,10/15/09,19-Oct-09,19-Oct-09,19-Oct-09,ARV,Pediatric,S. BUYS WHOLESALER,"Nevirapine 10mg/ml [Viramune], oral suspension, Bottle, 240 ml",Nevirapine,Viramune,10mg/ml,Oral suspension,240,220,3442.16,15.65,0.07,Boehringer Ingelheim Roxane US,No,Weight Captured Separately,Freight Included in Commodity Cost,6.75
16556,107-RW-T30,FPQ-8741,SCMS-129500,ASN-15286,Rwanda,PMO - US,Direct Drop,EXW,Air,11/30/11,3/14/12,29-Jun-12,29-Jun-12,29-Jun-12,ARV,Adult,CIPLA LIMITED,"Lopinavir/Ritonavir 200/50mg, tablets, 120 Tabs",Lopinavir/Ritonavir,Generic,200/50mg,Tablet,120,2074,74746.96,36.04,0.3,Cipla Ltd A-42 MIDC Mahar. IN,Yes,627,6072.8,104.8
16619,110-ZM-T30,FPQ-13084,SCMS-211070,ASN-23340,Zambia,PMO - US,Direct Drop,EXW,Air,10/11/13,10/21/13,23-Dec-13,23-Dec-13,9-Apr-14,ARV,Adult,Aurobindo Pharma Limited,"Lamivudine 150mg, tablets, 60 Tabs",Lamivudine,Generic,150mg,Tablet,60,20000,43000,2.15,0.04,"Aurobindo Unit III, India",Yes,1044,5145.69,44.2
16656,108-VN-T30,FPQ-13034,SCMS-210020,ASN-24764,Vietnam,PMO - US,Direct Drop,FCA,Air,10/4/13,10/10/13,4-Apr-14,4-Apr-14,5-Apr-14,ARV,Adult,ABBVIE LOGISTICS (FORMERLY ABBOTT LOGISTICS BV),"Lopinavir/Ritonavir 200/50mg [Aluvia], tablets, 120 Tabs",Lopinavir/Ritonavir,Aluvia,200/50mg,Tablet,120,1969,119754.58,60.82,0.51,ABBVIE Ludwigshafen Germany,Yes,484,1565.1,148.14
16693,102-KE-T30,FPQ-7056,SCMS-98350,ASN-10471,Kenya,PMO - US,Direct Drop,FCA,Air,1/19/11,2/3/11,17-May-11,17-May-11,17-May-11,HRDT,HIV test,"Orgenics, Ltd","HIV 1/2, Determine Complete HIV Kit, 100 Tests","HIV 1/2, Determine Complete HIV Kit",Determine,N/A,Test kit,100,12315,1096035,89,0.89,Inverness Japan,Yes,3637,38452.73,1808.46
16707,102-KE-T30,FPQ-4591,SCMS-58382,ASN-7490,Kenya,PMO - US,Direct Drop,EXW,Air,11/18/09,5/27/10,29-Jul-10,29-Jul-10,29-Jul-10,HRDT,HIV test,"Orgenics, Ltd","HIV 1/2, Determine Complete HIV Kit, 100 Tests","HIV 1/2, Determine Complete HIV Kit",Determine,N/A,Test kit,100,8442,675360,80,0.8,Inverness Japan,Yes,1454,13343.23,1456.08
16708,110-ZM-T30,FPQ-11979,SCMS-188801,ASN-21568,Zambia,PMO - US,Direct Drop,EXW,Air,4/19/13,7/10/13,17-Oct-13,17-Oct-13,6-Nov-13,ARV,Adult,Aurobindo Pharma Limited,"Emtricitabine/Tenofovir Disoproxil Fumarate 200/300mg, tablets, 30 Tabs",Emtricitabine/Tenofovir Disoproxil Fumarate,Generic,200/300mg,Tablet - FDC,30,11811,69684.9,5.9,0.2,"Aurobindo Unit III, India",Yes,1184,5904.94,86.2
16725,108-VN-T30,FPQ-9577,SCMS-145520,ASN-15795,Vietnam,PMO - US,Direct Drop,EXW,Air,4/11/12,6/12/12,22-Aug-12,22-Aug-12,22-Aug-12,ARV,Pediatric,Aurobindo Pharma Limited,"Efavirenz 50mg, capsule, 30 Caps",Efavirenz,Generic,50mg,Capsule,30,3000,6720,2.24,0.07,"Aurobindo Unit III, India",Yes,436,1238.16,9.42
16766,107-RW-T30,FPQ-3859,SCMS-48840,ASN-5452,Rwanda,PMO - US,Direct Drop,CIP,Air,6/30/09,7/16/09,23-Nov-09,23-Nov-09,23-Nov-09,ARV,Adult,HETERO LABS LIMITED,"Nevirapine 200mg, tablets, 60 Tabs",Nevirapine,Generic,200mg,Tablet,60,29925,92468.25,3.09,0.05,Hetero Unit III Hyderabad IN,Yes,1041,730.82,181.24
16784,108-VN-T30,FPQ-11417,SCMS-174390,ASN-18903,Vietnam,PMO - US,Direct Drop,EXW,Air,1/10/13,1/22/13,25-Apr-13,25-Apr-13,25-Apr-13,ARV,Adult,HETERO LABS LIMITED,"Tenofovir Disoproxil Fumarate 300mg, tablets, 30 Tabs",Tenofovir Disoproxil Fumarate,Generic,300mg,Tablet,30,34640,122972,3.55,0.12,Hetero Unit III Hyderabad IN,Yes,2804,9759.55,152.12
16794,107-RW-T30,FPQ-13651,SCMS-227720,ASN-25267,Rwanda,PMO - US,Direct Drop,EXW,Air,2/5/14,2/28/14,6-May-14,6-May-14,15-May-14,ARV,Pediatric,Aurobindo Pharma Limited,"Nevirapine 10mg/ml, oral suspension w/syringe, Bottle, 240 ml",Nevirapine,Generic,10mg/ml,Oral suspension,240,9690,14631.9,1.51,0.01,"Aurobindo Unit III, India",Yes,3790,66260.33,15.04
16805,114-UG-T30,FPQ-11098,SCMS-171670,ASN-17984,Uganda,PMO - US,Direct Drop,EXW,Air,12/13/12,1/2/13,20-Feb-13,20-Feb-13,20-Feb-13,HRDT,HIV test,"CHEMBIO DIAGNOSTIC SYSTEMS, INC.","HIV 1/2, Stat-Pak Dipstick Assay Kit, 30 Tests","HIV 1/2, Stat-Pak Dipstick Assay Kit",Stat-Pak,N/A,Test kit,30,1458,40240.8,27.6,0.92,Chembio Diagnostics Sys. Inc.,Yes,158,3824.96,49.78
16828,108-VN-T30,FPQ-4720,SCMS-62460,ASN-6355,Vietnam,PMO - US,Direct Drop,EXW,Air,1/4/09,1/12/10,29-Mar-10,29-Mar-10,29-Mar-10,ARV,Adult,MYLAN LABORATORIES LTD (FORMERLY MATRIX LABORATORIES),"Abacavir 300mg, tablets, 60 Tabs",Abacavir,Generic,300mg,Tablet,60,100,1750,17.5,0.29,Mylan (formerly Matrix) Nashik,Yes,2128,7784.92,3.77
16848,104-CI-T30,FPQ-13125,SCMS-215051,ASN-24722,Côte d'Ivoire,PMO - US,Direct Drop,EXW,Air,10/25/13,12/4/13,14-Mar-14,14-Mar-14,20-Mar-14,HRDT,HIV test,"Orgenics, Ltd","HIV 1/2, Determine Complete HIV Kit, 100 Tests","HIV 1/2, Determine Complete HIV Kit",Determine,N/A,Test kit,100,5900,472000,80,0.8,"Alere Medical Co., Ltd.",Yes,2393,33029.82,485.22
16881,106-HT-T30,FPQ-14083,SCMS-240191,ASN-27659,Haiti,PMO - US,Direct Drop,EXW,Ocean,5/11/14,6/26/14,28-Oct-14,28-Oct-14,19-Nov-14,ARV,Pediatric,Aurobindo Pharma Limited,"Zidovudine 10mg/ml, oral solution, Bottle, 240 ml",Zidovudine,Generic,10mg/ml,Oral solution,240,2040,4080,2,0.01,"Aurobindo Unit III, India",Yes,Weight Captured Separately,Invoiced Separately,4.19
16901,108-VN-T30,FPQ-8428,SCMS-123600,ASN-13410,Vietnam,PMO - US,Direct Drop,EXW,Air,9/21/11,10/4/11,18-Feb-12,18-Feb-12,18-Feb-12,ARV,Adult,Aurobindo Pharma Limited,"Abacavir 300mg, tablets, 60 Tabs",Abacavir,Generic,300mg,Tablet,60,112,1618.4,14.45,0.24,"Aurobindo Unit III, India",Yes,1701,4288.83,2.67
16921,108-VN-T30,FPQ-4720,SCMS-62460,ASN-6355,Vietnam,PMO - US,Direct Drop,EXW,Air,1/4/09,1/12/10,29-Mar-10,29-Mar-10,29-Mar-10,ARV,Adult,MYLAN LABORATORIES LTD (FORMERLY MATRIX LABORATORIES),"Efavirenz 600mg, tablets, 30 Tabs",Efavirenz,Generic,600mg,Tablet,30,11592,52048.08,4.49,0.15,Mylan (formerly Matrix) Nashik,No,See ASN-6355 (ID#:16828),See ASN-6355 (ID#:16828),112.22
16923,151-NG-T30,FPQ-9436,SCMS-141660,ASN-16315,Nigeria,PMO - US,Direct Drop,EXW,Air,3/9/12,4/16/12,20-Oct-12,20-Oct-12,20-Oct-12,ARV,Adult,MYLAN LABORATORIES LTD (FORMERLY MATRIX LABORATORIES),"Atazanavir/Ritonavir 300/100mg, tablets, 30 Tabs",Atazanavir/Ritonavir,Generic,300/100mg,Tablet,30,10150,228375,22.5,0.75,Mylan (formerly Matrix) Nashik,Yes,1360,7665.38,320.18
16926,116-ZA-T30,FPQ-15269,SCMS-267020,ASN-29764,South Africa,PMO - US,Direct Drop,DDP,Truck,10/29/14,12/10/14,10-Dec-14,10-Dec-14,10-Dec-14,ARV,Adult,S. BUYS WHOLESALER,"Nevirapine 200mg, tablets, 60 Tabs",Nevirapine,Generic,200mg,Tablet,60,143,2313.12,16.18,0.27,"Cipla, Goa, India",Yes,Weight Captured Separately,Freight Included in Commodity Cost,2.72
16967,108-VN-T30,FPQ-12539,SCMS-199710,ASN-23182,Vietnam,PMO - US,Direct Drop,FCA,Air,7/11/13,7/30/13,8-Jan-14,8-Jan-14,8-Jan-14,ARV,Adult,ABBVIE LOGISTICS (FORMERLY ABBOTT LOGISTICS BV),"Ritonavir 100mg [Norvir], film coated tablets, 30 Tabs",Ritonavir,Norvir,100mg,Tablet,30,319,7419.94,23.26,0.78,ABBVIE Ludwigshafen Germany,Yes,1736,5265.22,9.18
16998,109-TZ-T30,FPQ-5900,SCMS-76980,ASN-7444,Tanzania,PMO - US,Direct Drop,EXW,Air,6/21/10,6/24/10,7-Aug-10,9-Aug-10,9-Aug-10,ARV,Adult,Aurobindo Pharma Limited,"Nevirapine 200mg, tablets, 60 Tabs",Nevirapine,Generic,200mg,Tablet,60,28663,74523.8,2.6,0.04,"Aurobindo Unit III, India",Yes,3380,17603.58,160.67
17003,111-MZ-T30,FPQ-13134,SCMS-215580,ASN-24545,Mozambique,PMO - US,Direct Drop,FCA,Air,11/12/13,11/26/13,7-Mar-14,7-Mar-14,15-Mar-14,ARV,Adult,ABBVIE LOGISTICS (FORMERLY ABBOTT LOGISTICS BV),"Ritonavir 100mg [Norvir], film coated tablets, 60 Tabs",Ritonavir,Norvir,100mg,Tablet,60,120,822,6.85,0.11,ABBVIE Ludwigshafen Germany,Yes,22,828.76,0.85
17065,104-CI-T30,FPQ-9394,SCMS-141410,ASN-15046,Côte d'Ivoire,PMO - US,Direct Drop,EXW,Air,2/28/12,3/21/12,5-Jun-12,5-Jun-12,5-Jun-12,HRDT,HIV test,"CHEMBIO DIAGNOSTIC SYSTEMS, INC.","HIV 1/2, Stat-Pak HIV, Kit, 20 Tests","HIV 1/2, Stat-Pak HIV, Kit",Stat-Pak,N/A,Test kit,20,2371,68759,29,1.45,Chembio Diagnostics Sys. Inc.,Yes,939,8695.18,96.4
17096,110-ZM-T30,FPQ-14130,SCMS-239730,ASN-30244,Zambia,PMO - US,Direct Drop,EXW,Air,4/22/14,5/19/14,5-May-15,12-May-15,14-May-15,HRDT,HIV test,"Orgenics, Ltd","HIV 1/2, Determine Complete HIV Kit, 100 Tests","HIV 1/2, Determine Complete HIV Kit",Determine,N/A,Test kit,100,2863,229040,80,0.8,"Alere Medical Co., Ltd.",Yes,1159,15174.53,235.45
17124,104-CI-T30,FPQ-4530,SCMS-57730,ASN-6229,Côte d'Ivoire,PMO - US,Direct Drop,FCA,Air,11/5/09,11/23/09,5-Mar-10,5-Mar-10,5-Mar-10,ARV,Adult,Hoffmann-La Roche ltd Basel,"Saquinavir 500mg [Invirase], tablets, 120 Tabs",Saquinavir,Invirase,500mg,Tablet,120,1500,149780.99,99.85,0.83,Roche Basel,Yes,271,2527.94,322.93
17129,108-VN-T30,FPQ-12187,SCMS-188500,ASN-21817,Vietnam,PMO - US,Direct Drop,EXW,Air,5/3/13,5/10/13,23-Oct-13,23-Oct-13,24-Oct-13,ARV,Adult,MYLAN LABORATORIES LTD (FORMERLY MATRIX LABORATORIES),"Efavirenz/Lamivudine/Tenofovir Disoproxil Fumarate 600/300/300mg, tablets, 30 Tabs",Efavirenz/Lamivudine/Tenofovir Disoproxil Fumarate,Generic,600/300/300mg,Tablet - FDC,30,84000,965160,11.49,0.38,Mylan (formerly Matrix) Nashik,Yes,9479,14402.92,1193.9
17135,109-TZ-T30,FPQ-12197,SCMS-189360,ASN-21230,Tanzania,PMO - US,Direct Drop,EXW,Air,4/30/13,5/29/13,17-Sep-13,13-Sep-13,13-Sep-13,HRDT,HIV test,"Standard Diagnostics, Inc.","HIV 1/2, Determine Complete HIV Kit, 100 Tests","HIV 1/2, Determine Complete HIV Kit",Determine,N/A,Test kit,100,3053,0,0,0,"Alere Medical Co., Ltd.",Yes,1265,21384.75,0
17145,110-PK-T30,FPQ-9019,SCMS-132510,ASN-13948,Pakistan,PMO - US,Direct Drop,EXW,Air,12/27/11,1/17/12,29-Jun-12,29-Jun-12,29-Jun-12,HRDT,HIV test,"Orgenics, Ltd","HIV 1/2, Determine Complete HIV Kit, 100 Tests","HIV 1/2, Determine Complete HIV Kit",Determine,N/A,Test kit,100,2352,188160,80,0.8,"Alere Medical Co., Ltd.",Yes,1117,14959.83,263.8
17200,106-HT-T30,FPQ-12538,SCMS-198140,ASN-21069,Haiti,PMO - US,Direct Drop,EXW,Air,6/25/13,7/22/13,30-Aug-13,30-Aug-13,30-Aug-13,ARV,Adult,MYLAN LABORATORIES LTD (FORMERLY MATRIX LABORATORIES),"Atazanavir/Ritonavir 300/100mg, tablets, 30 Tabs",Atazanavir/Ritonavir,Generic,300/100mg,Tablet,30,5000,100000,20,0.67,Mylan (formerly Matrix) Nashik,Yes,670,4909.72,123.7
17207,107-RW-T30,FPQ-3859,SCMS-49090,ASN-7249,Rwanda,PMO - US,Direct Drop,CIP,Air,6/30/09,7/16/09,1-Jul-10,1-Jul-10,1-Jul-10,ARV,Adult,HETERO LABS LIMITED,"Nevirapine 200mg, tablets, 60 Tabs",Nevirapine,Generic,200mg,Tablet,60,66825,206489.25,3.09,0.05,Hetero Unit III Hyderabad IN,Yes,3845,20194.78,404.72
17219,152-HT-T30,FPQ-7458,SCMS-106770,ASN-11664,Haiti,PMO - US,Direct Drop,DDU,Air,3/29/11,4/28/11,25-Jul-11,25-Jul-11,25-Jul-11,HRDT,HIV test,REINBOLD EXPORT IMPORT,"HIV 1/2, Determine Complete HIV Kit, 100 Tests","HIV 1/2, Determine Complete HIV Kit",Determine,N/A,Test kit,100,27,3375,125,1.25,Inverness Japan,Yes,Weight Captured Separately,Freight Included in Commodity Cost,5.57
17228,108-VN-T30,FPQ-4265,SCMS-56300,ASN-6250,Vietnam,PMO - US,Direct Drop,EXW,Air,10/20/09,11/3/09,20-Mar-10,20-Mar-10,20-Mar-10,ARV,Adult,MYLAN LABORATORIES LTD (FORMERLY MATRIX LABORATORIES),"Zidovudine 300mg, tablets, 60 Tabs",Zidovudine,Generic,300mg,Tablet,60,336,2520,7.5,0.12,Mylan (formerly Matrix) Nashik,Yes,120,9013.85,4.94
17242,161-ZA-T30,FPQ-6708,SCMS-93550,ASN-10573,South Africa,PMO - US,Direct Drop,DDP,Ocean,11/26/10,12/14/10,13-Jun-11,13-Jun-11,13-Jun-11,ARV,Adult,Aurobindo Pharma Limited,"Tenofovir Disoproxil Fumarate 300mg, tablets, 30 Tabs",Tenofovir Disoproxil Fumarate,Generic,300mg,Tablet,30,43280,287812,6.65,0.22,"Aurobindo Unit III, India",Yes,4040,6121.42,474.89
17245,101-CD-T30,FPQ-13548,SCMS-224840,ASN-24721,"Congo, DRC",PMO - US,Direct Drop,EXW,Air,1/22/14,1/28/14,4-Apr-14,4-Apr-14,28-Apr-14,HRDT,HIV test,"Trinity Biotech, Plc","HIV 1/2, Uni-Gold HIV Kit, 20 Tests","HIV 1/2, Uni-Gold HIV Kit",Uni-Gold,N/A,Test kit,20,27,864,32,1.6,"Trinity Biotech, Plc",No,See ASN-24721 (ID#:13708),See ASN-24721 (ID#:13708),0.89
17247,110-ZM-T30,FPQ-7439,SCMS-106740,ASN-11398,Zambia,PMO - US,Direct Drop,EXW,Air,4/1/11,4/21/11,22-Jul-11,22-Jul-11,22-Jul-11,HRDT,HIV test,"Orgenics, Ltd","HIV 1/2, Determine Complete HIV Kit, 100 Tests","HIV 1/2, Determine Complete HIV Kit",Determine,N/A,Test kit,100,2751,220080,80,0.8,Inverness Japan,Yes,1061,23722.96,363.13
17259,109-TZ-T30,FPQ-6795,SCMS-103290,ASN-10811,Tanzania,PMO - US,Direct Drop,FCA,Air,1/27/11,4/14/11,27-Jun-11,27-Jun-11,27-Jun-11,ARV,Adult,LAWRENCE LABORATORIES (SUBSIDIARY OF BRISTOL MYERS SQUIBB),"Didanosine EC 250mg [Videx EC], delayed-release capsules, Blister 3 x 10 Caps",Didanosine EC,Videx EC,250mg,Delayed-release capsules - blister,30,2098,38477.32,18.34,0.61,Bristol-Myers Squibb Anagni IT,Yes,140,1870.73,63.49
17348,116-ZA-T30,FPQ-5535,SCMS-71370,ASN-7373,South Africa,PMO - US,Direct Drop,DDP,Truck,4/19/10,4/21/10,31-May-10,31-May-10,31-May-10,ARV,Pediatric,S. BUYS WHOLESALER,"Efavirenz 50mg, capsule, 30 Caps",Efavirenz,Generic,50mg,Capsule,30,300,1046.28,3.49,0.12,"Aurobindo Unit III, India",Yes,Weight Captured Separately,Freight Included in Commodity Cost,2.26
17349,107-RW-T30,FPQ-12518,SCMS-198222,ASN-24720,Rwanda,PMO - US,Direct Drop,EXW,Air,6/21/13,8/12/13,27-Mar-14,27-Mar-14,27-Mar-14,HRDT,HIV test,"SHANGHAI KEHUA BIOENGINEERING CO.,LTD.  (KHB)","HIV 1/2, SKB Colloidal Gold, Diagnostic Kit, Antibody, 50 Tests","HIV 1/2, Colloidal Gold, Diagnostic Kit, Antibody",Colloidal Gold,N/A,Test kit,1,2072,50764,24.5,24.5,"KHB Test Kit Facility, Shanghai China",Yes,1383,18323.97,62.8
17359,116-ZA-T30,FPQ-14942,SCMS-259075,ASN-32138,South Africa,PMO - US,Direct Drop,DDP,Truck,9/11/14,5/11/15,12-May-15,12-May-15,12-May-15,ARV,Adult,PHARMACY DIRECT,"Saquinavir 200mg [Invirase], capsules, 270 Caps",Saquinavir,Invirase,200mg,Capsule,270,3,166.54,55.51,0.21,Roche Madrid,Yes,Weight Captured Separately,Freight Included in Commodity Cost,0.17
17373,111-MZ-T30,FPQ-4740,SCMS-62340,ASN-7341,Mozambique,PMO - US,Direct Drop,CIP,Air,12/23/09,1/29/10,23-Jun-10,23-Jun-10,23-Jun-10,ARV,Adult,INTERNATIONAL HEALTHCARE DISTRIBUTORS,"Ritonavir 100mg [Norvir], capsules, cool, 84 Caps",Ritonavir,Norvir,100mg,Capsule,84,320,3312,10.35,0.12,ABBVIE (Abbott) Logis. UK,Yes,Weight Captured Separately,Freight Included in Commodity Cost,7.14
17447,104-CI-T30,FPQ-12714,SCMS-204990,ASN-22828,Côte d'Ivoire,PMO - US,Direct Drop,FCA,Air,7/30/13,9/2/13,29-Nov-13,29-Nov-13,2-Dec-13,ARV,Pediatric,ABBVIE LOGISTICS (FORMERLY ABBOTT LOGISTICS BV),"Lopinavir/Ritonavir 100/25mg [Aluvia], tablets, 60 Tabs",Lopinavir/Ritonavir,Generic,100/25mg,Tablet,60,7850,46629,5.94,0.1,ABBVIE Ludwigshafen Germany,Yes,909,6020.53,57.68
17501,108-VN-T30,FPQ-12051,SCMS-188700,ASN-21668,Vietnam,PMO - US,Direct Drop,EXW,Air,5/3/13,5/15/13,25-Sep-13,25-Sep-13,25-Sep-13,ARV,Adult,HETERO LABS LIMITED,"Abacavir 300mg, tablets, 60 Tabs",Abacavir,Generic,300mg,Tablet,60,771,9444.75,12.25,0.2,Hetero Unit III Hyderabad IN,Yes,136,678.96,11.68
17600,109-TZ-T30,FPQ-13945,SCMS-235370,ASN-26443,Tanzania,PMO - US,Direct Drop,EXW,Air,3/27/14,5/6/14,8-Aug-14,8-Aug-14,29-Sep-14,HRDT,HIV test,"Trinity Biotech, Plc","HIV 1/2, Uni-Gold HIV Kit, 20 Tests","HIV 1/2, Uni-Gold HIV Kit",Uni-Gold,N/A,Test kit,20,336,10752,32,1.6,"Trinity Biotech, Plc",Yes,101,1428.13,11.05
17640,111-MZ-T30,FPQ-10880,SCMS-164000,ASN-18533,Mozambique,PMO - US,Direct Drop,EXW,Air,10/18/12,11/6/12,20-Mar-13,20-Mar-13,20-Mar-13,HRDT,HIV test,"Orgenics, Ltd","HIV 1/2, Determine Complete HIV Kit, 100 Tests","HIV 1/2, Determine Complete HIV Kit",Determine,N/A,Test kit,100,1832,146560,80,0.8,"Alere Medical Co., Ltd.",Yes,829,8680.27,181.29
17648,161-ZA-T30,FPQ-6262,SCMS-83770,ASN-9941,South Africa,PMO - US,Direct Drop,DDP,Ocean,8/31/10,9/24/10,26-Apr-11,26-Apr-11,26-Apr-11,ARV,Adult,Aurobindo Pharma Limited,"Lamivudine 150mg, tablets, 60 Tabs",Lamivudine,Generic,150mg,Tablet,60,152535,361507.95,2.37,0.04,"Aurobindo Unit III, India",Yes,7698,11372.23,779.41
17660,116-ZA-T30,FPQ-14942,SCMS-259078,ASN-33470,South Africa,PMO - US,Direct Drop,DDP,Truck,9/11/14,10/9/14,24-Jul-15,24-Jul-15,24-Jul-15,ARV,Adult,PHARMACY DIRECT,"Emtricitabine/Tenofovir Disoproxil Fumarate 200/300mg, tablets, 30 Tabs",Emtricitabine/Tenofovir Disoproxil Fumarate,Generic,200/300mg,Tablet - FDC,30,12,281.25,23.44,0.78,"Aurobindo Unit III, India",Yes,Weight Captured Separately,Freight Included in Commodity Cost,0.29
17697,108-VN-T30,FPQ-6384,SCMS-87770,ASN-9407,Vietnam,PMO - US,Direct Drop,EXW,Air,9/30/10,10/18/10,9-Feb-11,9-Feb-11,9-Feb-11,ARV,Adult,HETERO LABS LIMITED,"Lamivudine/Nevirapine/Stavudine 150/200/30mg, tablets, 60 Tabs",Lamivudine/Nevirapine/Stavudine,Generic,150/200/30mg,Tablet - FDC,60,19760,94848,4.8,0.08,Hetero Unit III Hyderabad IN,Yes,3998,12974.12,204.49
17701,102-ML-T30,FPQ-10104,SCMS-153770,ASN-15931,Mali,PMO - US,Direct Drop,EXW,Air,7/5/12,7/31/12,11-Sep-12,11-Sep-12,11-Sep-12,HRDT,HIV test,Orasure Technologies Inc.,"HIV 1/2, OraQuick Advance HIV Rapid Antibody Kit, 100 Tests","HIV 1/2, OraQuick Advance HIV Rapid Antibody Kit",OraQuick,N/A,Test kit,100,5,2000,400,4,"Pacific Biotech, Thailand",Yes,12,1840.97,2.8
17717,105-GY-T30,FPQ-15696,SCMS-276200,ASN-31730,Guyana,PMO - US,Direct Drop,EXW,Air,1/2/15,2/12/15,16-Jun-15,16-Jun-15,24-Jun-15,ARV,Adult,HETERO LABS LIMITED,"Emtricitabine/Tenofovir Disoproxil Fumarate 200/300mg, tablets, 30 Tabs",Emtricitabine/Tenofovir Disoproxil Fumarate,Generic,200/300mg,Tablet - FDC,30,3715,20766.85,5.59,0.19,Hetero Unit III Hyderabad IN,Yes,385,3248.6,24.44
17764,116-ZA-T30,FPQ-12522,SCMS-199283,ASN-27978,South Africa,PMO - US,Direct Drop,DDP,Truck,7/11/13,8/27/14,27-Aug-14,27-Aug-14,27-Aug-14,ARV,Adult,S. BUYS WHOLESALER,"Lamivudine/Zidovudine 150/300mg, tablets, 60 Tabs",Lamivudine/Zidovudine,Generic,150/300mg,Tablet - FDC,60,46,1517.44,32.99,0.55,Hetero Unit III Hyderabad IN,No,Weight Captured Separately,Freight Included in Commodity Cost,1.88
17796,110-ZM-T30,FPQ-14790,SCMS-253021,ASN-31639,Zambia,PMO - US,Direct Drop,FCA,Air,8/13/14,8/20/14,9-Jun-15,9-Jun-15,9-Jun-15,ARV,Pediatric,ABBVIE LOGISTICS (FORMERLY ABBOTT LOGISTICS BV),"Lopinavir/Ritonavir 80/20mg/ml [Kaletra], oral solution, cool, Bottle 5 x 60 ml",Lopinavir/Ritonavir,Kaletra,80/20mg/ml,Oral solution,300,2266,69838.12,30.82,0.1,ABBVIE (Abbott) Logis. UK,Yes,2277,13894.08,71.79
17800,106-HT-T30,FPQ-11286,SCMS-176290,ASN-19068,Haiti,PMO - US,Direct Drop,FCA,Air,1/16/13,2/5/13,4-Jun-13,4-Jun-13,4-Jun-13,ARV,Pediatric,ABBVIE LOGISTICS (FORMERLY ABBOTT LOGISTICS BV),"Lopinavir/Ritonavir 80/20mg/ml [Kaletra], oral solution, cool, Bottle 5 x 60 ml",Lopinavir/Ritonavir,Kaletra,80/20mg/ml,Oral solution,300,100,3082,30.82,0.1,ABBVIE (Abbott) Logis. UK,Yes,164,2419.33,3.81
17815,111-MZ-T30,FPQ-8116,SCMS-118360,ASN-12610,Mozambique,PMO - US,Direct Drop,EXW,Air,8/4/11,8/24/11,12-Dec-11,12-Dec-11,12-Dec-11,HRDT,HIV test,"Orgenics, Ltd","HIV 1/2, Determine HIV Kit, without Lancets, 100 Tests","HIV 1/2, Determine HIV Kit, without Lancets",Determine,N/A,Test kit,100,7412,575912.4,77.7,0.78,Inverness Japan,Yes,2097,15891.96,950.26
17825,133-NG-T30,FPQ-14305,SCMS-240830,ASN-27476,Nigeria,PMO - US,Direct Drop,EXW,Air,5/16/14,6/2/14,19-Aug-14,2-Sep-14,17-Sep-14,HRDT,HIV test,"Orgenics, Ltd","HIV 1/2, Determine Complete HIV Kit, 100 Tests","HIV 1/2, Determine Complete HIV Kit",Determine,N/A,Test kit,100,4987,443843,89,0.89,"Alere Medical Co., Ltd.",Yes,2022,30257.97,456.27
17831,102-SD-T30,FPQ-7321,SCMS-107790,ASN-11120,Sudan,PMO - US,Direct Drop,EXW,Air,3/29/11,5/2/11,1-Jul-11,1-Jul-11,1-Jul-11,HRDT,HIV test,"Orgenics, Ltd","HIV 1/2, Determine Complete HIV Kit, 100 Tests","HIV 1/2, Determine Complete HIV Kit",Determine,N/A,Test kit,100,378,33642,89,0.89,Inverness Japan,Yes,180,4529.86,55.51
17844,116-ZA-T30,FPQ-14942,SCMS-259075,ASN-32138,South Africa,PMO - US,Direct Drop,DDP,Truck,9/11/14,5/11/15,12-May-15,12-May-15,12-May-15,ARV,Adult,PHARMACY DIRECT,"Didanosine 400mg, delayed-release capsules, 30 Caps",Didanosine,Generic,400mg,Delayed-release capsules,30,3,42.65,14.22,0.47,"Aurobindo Unit III, India",No,Weight Captured Separately,Freight Included in Commodity Cost,0.04
17861,108-VN-T30,FPQ-4720,SCMS-62490,ASN-6190,Vietnam,PMO - US,Direct Drop,EXW,Air,1/4/09,1/12/10,15-Mar-10,15-Mar-10,15-Mar-10,ARV,Adult,CIPLA LIMITED,"Lamivudine/Nevirapine/Stavudine 150/200/30mg, tablets, 60 Tabs",Lamivudine/Nevirapine/Stavudine,Generic,150/200/30mg,Tablet - FDC,60,19920,114340.8,5.74,0.1,"Cipla, Goa, India",Yes,1936,5314.56,246.52
17865,116-ZA-T30,FPQ-12522,SCMS-199287,ASN-27750,South Africa,PMO - US,Direct Drop,DDP,Truck,7/11/13,8/13/14,13-Aug-14,13-Aug-14,13-Aug-14,ARV,Pediatric,S. BUYS WHOLESALER,"Lopinavir/Ritonavir 80/20mg/ml [Kaletra], oral solution, cool, Bottle 5 x 60 ml",Lopinavir/Ritonavir,Kaletra,80/20mg/ml,Oral solution,300,2,46.9,23.45,0.08,ABBVIE (Abbott) Logis. UK,Yes,Weight Captured Separately,Freight Included in Commodity Cost,0.06
17870,116-ZA-T30,FPQ-4054,SCMS-51251,ASN-5341,South Africa,PMO - US,Direct Drop,DDP,Truck,7/29/09,8/7/09,7-Oct-09,7-Oct-09,7-Oct-09,ARV,Pediatric,S. BUYS WHOLESALER,"Stavudine 1mg/ml, powder for oral solution, 200 ml",Stavudine,Generic,1mg/ml,Oral solution,200,500,1303.53,2.61,0.01,"Aurobindo Unit III, India",Yes,Weight Captured Separately,Freight Included in Commodity Cost,2.55
17900,901-NA-T30,FPQ-14689,SCMS-253440,ASN-29097,Namibia,PMO - US,Direct Drop,EXW,Air,7/30/14,8/29/14,19-Nov-14,19-Nov-14,19-Nov-14,ARV,Adult,HETERO LABS LIMITED,"Lamivudine/Zidovudine 150/300mg, tablets, 60 Tabs",Lamivudine/Zidovudine,Generic,150/300mg,Tablet - FDC,60,26663,176242.43,6.61,0.11,"Hetero, Jadcherla, unit 5, IN",Yes,4233,26663.64,181.18
17924,116-ZA-T30,FPQ-12522,SCMS-199283,ASN-27979,South Africa,PMO - US,Direct Drop,DDP,Truck,7/11/13,8/27/14,27-Aug-14,27-Aug-14,27-Aug-14,ARV,Adult,S. BUYS WHOLESALER,"Efavirenz 600mg, tablets, 30 Tabs",Efavirenz,Generic,600mg,Tablet,30,143,2391.83,16.73,0.56,Hetero Unit III Hyderabad IN,No,Weight Captured Separately,Freight Included in Commodity Cost,2.96
17944,161-ZA-T30,FPQ-5303,SCMS-68720,ASN-7538,South Africa,PMO - US,Direct Drop,DDP,Air,3/18/10,3/19/10,19-Jul-10,29-Jul-10,29-Jul-10,ARV,Adult,CIPLA LIMITED,"Tenofovir Disoproxil Fumarate 300mg, tablets, 30 Tabs",Tenofovir Disoproxil Fumarate,Generic,300mg,Tablet,30,47625,372427.5,7.82,0.26,"Cipla, Goa, India",Yes,3243,1881.24,802.95
17949,161-ZA-T30,FPQ-6262,SCMS-83770,ASN-10127,South Africa,PMO - US,Direct Drop,DDP,Ocean,8/31/10,9/24/10,26-Apr-11,26-Apr-11,26-Apr-11,ARV,Adult,Aurobindo Pharma Limited,"Efavirenz 600mg, tablets, 30 Tabs",Efavirenz,Generic,600mg,Tablet,30,32280,146228.4,4.53,0.15,"Aurobindo Unit III, India",Yes,7017,11372.23,315.27
18022,101-CD-T30,FPQ-16001,SCMS-280220,ASN-32231,"Congo, DRC",PMO - US,Direct Drop,EXW,Air,3/10/15,3/17/15,23-Jul-15,23-Jul-15,29-Jul-15,HRDT,HIV test,"Orgenics, Ltd","HIV 1/2, Determine Complete HIV Kit, 100 Tests","HIV 1/2, Determine Complete HIV Kit",Determine,N/A,Test kit,100,137,10960,80,0.8,"Alere Medical Co., Ltd.",No,See ASN-32231 (ID#:13648),See ASN-32231 (ID#:13648),12.9
18053,161-ZA-T30,FPQ-5303,SCMS-68740,ASN-7725,South Africa,PMO - US,Direct Drop,DDP,Air,3/18/10,3/19/10,1-Sep-10,1-Sep-10,1-Sep-10,ARV,Adult,CIPLA LIMITED,"Tenofovir Disoproxil Fumarate 300mg, tablets, 30 Tabs",Tenofovir Disoproxil Fumarate,Generic,300mg,Tablet,30,26991,211069.62,7.82,0.26,"Cipla, Goa, India",Yes,1842,5298.03,455.07
18093,116-ZA-T30,FPQ-12522,SCMS-199289,ASN-28034,South Africa,PMO - US,Direct Drop,DDP,Truck,7/11/13,8/29/14,29-Aug-14,29-Aug-14,29-Aug-14,ARV,Pediatric,S. BUYS WHOLESALER,"Lamivudine 10mg/ml, oral solution w/syringe, Bottle, 240 ml",Lamivudine,Generic,10mg/ml,Oral solution,240,29,228.8,7.89,0.03,"Aurobindo Unit III, India",Yes,Weight Captured Separately,Freight Included in Commodity Cost,0.28
18099,116-ZA-T30,FPQ-13973,SCMS-238553,ASN-28021,South Africa,PMO - US,Direct Drop,DDP,Truck,4/30/14,8/28/14,28-Aug-14,28-Aug-14,28-Aug-14,ARV,Pediatric,PHARMACY DIRECT,"Efavirenz 50mg, capsule, 30 Caps",Efavirenz,Generic,50mg,Capsule,30,39,117.24,3.01,0.1,"Aurobindo Unit III, India",Yes,Weight Captured Separately,Freight Included in Commodity Cost,0.12
18121,116-ZA-T30,FPQ-12522,SCMS-199289,ASN-28037,South Africa,PMO - US,Direct Drop,DDP,Truck,7/11/13,8/29/14,29-Aug-14,29-Aug-14,29-Aug-14,ARV,Adult,S. BUYS WHOLESALER,"Tenofovir Disoproxil Fumarate 300mg, tablets, 30 Tabs",Tenofovir Disoproxil Fumarate,Generic,300mg,Tablet,30,206,4365.52,21.19,0.71,"Aurobindo Unit III, India",Yes,Weight Captured Separately,Freight Included in Commodity Cost,5.4
18129,161-ZA-T30,FPQ-7175,SCMS-103490,ASN-11043,South Africa,PMO - US,Direct Drop,DDP,Ocean,3/10/11,3/24/11,2-Sep-11,2-Sep-11,2-Sep-11,ARV,Pediatric,Aurobindo Pharma Limited,"Efavirenz 200mg, capsule, 90 Caps",Efavirenz,Generic,200mg,Capsule,90,25000,204250,8.17,0.09,"Aurobindo Unit III, India",Yes,3313,4689.6,337.01
18155,102-SD-T30,FPQ-8261,SCMS-120460,ASN-12339,Sudan,PMO - US,Direct Drop,EXW,Air,8/29/11,9/7/11,11-Jan-12,11-Jan-12,11-Jan-12,HRDT,HIV test,"Trinity Biotech, Plc","HIV 1/2, Uni-Gold HIV Kit, 20 Tests","HIV 1/2, Uni-Gold HIV Kit",Uni-Gold,N/A,Test kit,20,58,1856,32,1.6,"Trinity Biotech, Plc",Yes,19,594.51,3.06
18182,116-ZA-T30,FPQ-14942,SCMS-259073,ASN-30671,South Africa,PMO - US,Direct Drop,DDP,Truck,9/11/14,2/12/15,12-Feb-15,12-Feb-15,12-Feb-15,ARV,Adult,PHARMACY DIRECT,"Lamivudine/Zidovudine 150/300mg, tablets, 60 Tabs",Lamivudine/Zidovudine,Generic,150/300mg,Tablet - FDC,60,19,407.56,21.45,0.36,"Aurobindo Unit III, India",Yes,Weight Captured Separately,Freight Included in Commodity Cost,0.42
18227,108-VN-T30,FPQ-7565,SCMS-108100,ASN-11579,Vietnam,PMO - US,Direct Drop,EXW,Air,4/21/11,5/2/11,11-Aug-11,11-Aug-11,11-Aug-11,ARV,Adult,MYLAN LABORATORIES LTD (FORMERLY MATRIX LABORATORIES),"Nevirapine 200mg, tablets, 60 Tabs",Nevirapine,Generic,200mg,Tablet,60,25000,65000,2.6,0.04,Mylan (formerly Matrix) Nashik,Yes,3098,12745.06,107.25
18240,108-VN-T30,FPQ-10287,SCMS-156320,ASN-17177,Vietnam,PMO - US,Direct Drop,EXW,Air,7/25/12,8/15/12,5-Dec-12,5-Dec-12,5-Dec-12,ARV,Adult,HETERO LABS LIMITED,"Lamivudine/Zidovudine 150/300mg, tablets, 60 Tabs",Lamivudine/Zidovudine,Generic,150/300mg,Tablet - FDC,60,14842,105081.36,7.08,0.12,Hetero Unit III Hyderabad IN,Yes,1364,2348.57,147.32
18246,102-BI-T30,FPQ-14713,SCMS-251510,ASN-29876,Burundi,PMO - US,Direct Drop,EXW,Air,7/29/14,8/28/14,26-Jan-15,26-Jan-15,27-Jan-15,HRDT,HIV test,"CHEMBIO DIAGNOSTIC SYSTEMS, INC.","HIV 1/2, Stat-Pak Dipstick Assay Kit, 30 Tests","HIV 1/2, Stat-Pak Dipstick Assay Kit",Stat-Pak,N/A,Test kit,30,414,11426.4,27.6,0.92,Chembio Diagnostics Sys. Inc.,Yes,45,753.35,11.75
18269,111-MZ-T30,FPQ-10606,SCMS-162160,ASN-17088,Mozambique,PMO - US,Direct Drop,EXW,Air,9/12/12,10/10/12,25-Dec-12,25-Dec-12,25-Dec-12,HRDT,HIV test,"Orgenics, Ltd","HIV 1/2, Determine Kit without Lancets, Buffer or Caplillary Tubes, 100 Tests","HIV 1/2, Determine Kit without Lancets, Buffer or Capillary Tubes, 100 Tests",Determine,N/A,Test kit,100,81,5844.15,72.15,0.72,"Alere Medical Co., Ltd.",Yes,16,467.26,8.19
18316,103-ZW-T30,FPQ-14475,SCMS-245070,ASN-27206,Zimbabwe,PMO - US,Direct Drop,EXW,Air,6/17/14,6/19/14,20-Aug-14,20-Aug-14,20-Aug-14,ARV,Pediatric,STRIDES ARCOLAB LIMITED,"Efavirenz 200mg, scored tablets, 90 Tabs",Efavirenz,Generic,200mg,Tablet,90,14164,131725.2,9.3,0.1,"Strides, Bangalore, India.",Yes,884,8280.73,135.41
18325,103-CM-T30,FPQ-14930,SCMS-259410,ASN-28998,Cameroon,PMO - US,Direct Drop,EXW,Air,9/23/14,10/16/14,3-Nov-14,3-Nov-14,5-Nov-14,HRDT,HIV test,Orasure Technologies Inc.,"HIV 1/2, OraQuick Advance HIV Rapid Antibody Kit, 100 Tests","HIV 1/2, OraQuick Advance HIV Rapid Antibody Kit",OraQuick,N/A,Test kit,100,30,10500,350,3.5,"Pacific Biotech, Thailand",Yes,77,1800.48,10.79
18354,106-HT-T30,FPQ-13797,SCMS-233950,ASN-26826,Haiti,PMO - US,Direct Drop,EXW,Ocean,3/20/14,4/29/14,20-Oct-14,20-Oct-14,24-Oct-14,ARV,Pediatric,Aurobindo Pharma Limited,"Nevirapine 10mg/ml, oral suspension w/syringe, Bottle, 240 ml",Nevirapine,Generic,10mg/ml,Oral suspension,240,1295,1955.45,1.51,0.01,"Aurobindo Unit III, India",Yes,536,1893.24,2.01
18373,108-VN-T30,FPQ-8428,SCMS-123600,ASN-13410,Vietnam,PMO - US,Direct Drop,EXW,Air,9/21/11,10/4/11,18-Feb-12,18-Feb-12,18-Feb-12,ARV,Adult,Aurobindo Pharma Limited,"Efavirenz 600mg, tablets, 30 Tabs",Efavirenz,Generic,600mg,Tablet,30,3548,14369.4,4.05,0.13,"Aurobindo Unit III, India",No,See ASN-13410 (ID#:16901),See ASN-13410 (ID#:16901),23.71
18386,106-HT-T30,FPQ-13797,SCMS-233981,ASN-27710,Haiti,PMO - US,Direct Drop,EXW,Ocean,3/20/14,5/30/14,28-Oct-14,28-Oct-14,21-Nov-14,ARV,Adult,CIPLA LIMITED,"Lamivudine/Nevirapine/Zidovudine 150/200/300mg, tablets, 60 Tabs",Lamivudine/Nevirapine/Zidovudine,Generic,150/300/200mg,Tablet - FDC,60,16435,133123.5,8.1,0.13,"Cipla, Goa, India",Yes,Weight Captured Separately,Invoiced Separately,136.85
18392,101-CD-T30,FPQ-14100,SCMS-239410,ASN-26738,"Congo, DRC",PMO - US,Direct Drop,EXW,Air,4/23/14,5/20/14,5-Sep-14,5-Sep-14,16-Sep-14,HRDT,HIV test,"Trinity Biotech, Plc","HIV 1/2, Uni-Gold HIV Kit, 20 Tests","HIV 1/2, Uni-Gold HIV Kit",Uni-Gold,N/A,Test kit,20,17,544,32,1.6,"Trinity Biotech, Plc",No,See ASN-26738 (ID#:15115),See ASN-26738 (ID#:15115),0.56
18405,106-HT-T30,FPQ-11442,SCMS-177182,ASN-19520,Haiti,PMO - US,Direct Drop,EXW,Air,1/30/13,3/11/13,10-Jun-13,10-Jun-13,10-Jun-13,ARV,Pediatric,Aurobindo Pharma Limited,"Nevirapine 10mg/ml, oral suspension w/syringe, Bottle, 240 ml",Nevirapine,Generic,10mg/ml,Oral suspension,240,2052,3098.52,1.51,0.01,"Aurobindo Unit III, India",Yes,908,6438.91,3.83
18422,110-ZM-T30,FPQ-5516,SCMS-70750,ASN-7387,Zambia,PMO - US,Direct Drop,CIP,Air,4/14/10,5/25/10,8-Jul-10,8-Jul-10,8-Jul-10,ARV,Adult,INTERNATIONAL HEALTHCARE DISTRIBUTORS,"Lopinavir/Ritonavir 200/50mg [Aluvia], tablets, 120 Tabs",Lopinavir/Ritonavir,Aluvia,200/50mg,Tablet,120,10000,369100,36.91,0.31,ABBVIE Ludwigshafen Germany,Yes,2294,1100.2,795.78
18436,117-ET-T30,FPQ-9096,SCMS-133410,ASN-15704,Ethiopia,PMO - US,Direct Drop,EXW,Air,1/5/12,1/23/12,31-Jul-12,31-Jul-12,31-Jul-12,HRDT,HIV test,"SHANGHAI KEHUA BIOENGINEERING CO.,LTD.  (KHB)","HIV 1/2, SKB Colloidal Gold, Diagnostic Kit, Antibody, 50 Tests","HIV 1/2, Colloidal Gold, Diagnostic Kit, Antibody",Colloidal Gold,N/A,Test kit,1,175,4287.5,24.5,24.5,"KHB Test Kit Facility, Shanghai China",Yes,125,1472.03,6.01
18494,117-ET-T30,FPQ-9096,SCMS-133400,ASN-14924,Ethiopia,PMO - US,Direct Drop,EXW,Air,1/5/12,1/23/12,18-May-12,18-May-12,18-May-12,HRDT,HIV test,"SHANGHAI KEHUA BIOENGINEERING CO.,LTD.  (KHB)","HIV 1/2, SKB Colloidal Gold, Diagnostic Kit, Antibody, 50 Tests","HIV 1/2, Colloidal Gold, Diagnostic Kit, Antibody",Colloidal Gold,N/A,Test kit,1,175,4287.5,24.5,24.5,"KHB Test Kit Facility, Shanghai China",Yes,128,1584.09,6.01
18500,108-VN-T30,FPQ-4265,SCMS-56200,ASN-5946,Vietnam,PMO - US,Direct Drop,FCA,Air,10/20/09,11/5/09,11-Mar-10,11-Mar-10,11-Mar-10,ARV,Adult,ABBVIE LOGISTICS (FORMERLY ABBOTT LOGISTICS BV),"Lopinavir/Ritonavir 200/50mg [Aluvia], tablets, 120 Tabs",Lopinavir/Ritonavir,Aluvia,200/50mg,Tablet,120,4280,351816,82.2,0.68,ABBVIE Ludwigshafen Germany,Yes,1063,11167.45,689.56
18509,161-ZA-T30,FPQ-6708,SCMS-93520,ASN-9934,South Africa,PMO - US,Direct Drop,DDP,Ocean,11/26/10,12/6/10,26-Jun-11,7-Apr-11,7-Apr-11,ARV,Adult,Aurobindo Pharma Limited,"Tenofovir Disoproxil Fumarate 300mg, tablets, 30 Tabs",Tenofovir Disoproxil Fumarate,Generic,300mg,Tablet,30,64269,427388.85,6.65,0.22,"Aurobindo Unit III, India",Yes,5999,13829.58,705.19
18538,116-ZA-T30,FPQ-14942,SCMS-259076,ASN-32524,South Africa,PMO - US,Direct Drop,DDP,Truck,9/11/14,6/2/15,2-Jun-15,2-Jun-15,2-Jun-15,ARV,Adult,PHARMACY DIRECT,"Didanosine 250mg, delayed-release capsules, 30 Caps",Didanosine,Generic,250mg,Delayed-release capsules,30,4,44.07,11.02,0.37,"Aurobindo Unit III, India",Yes,Weight Captured Separately,Freight Included in Commodity Cost,0.05
18580,109-TZ-T30,FPQ-14009,SCMS-236750,ASN-25904,Tanzania,PMO - US,Direct Drop,EXW,Air,4/17/14,4/18/14,24-Jun-14,24-Jun-14,24-Jun-14,ARV,Pediatric,STRIDES ARCOLAB LIMITED,"Efavirenz 200mg, scored tablets, 90 Tabs",Efavirenz,Generic,200mg,Tablet,90,15041,139881.3,9.3,0.1,"Strides, Bangalore, India.",Yes,949,4673.77,143.8
18586,105-GH-T30,FPQ-14052,SCMS-237810,ASN-28673,Ghana,PMO - US,Direct Drop,EXW,Air,4/12/14,5/23/14,10-Nov-14,10-Nov-14,12-Nov-14,ARV,Adult,Aurobindo Pharma Limited,"Lamivudine/Nevirapine/Zidovudine 150/200/300mg, tablets, 60 Tabs",Lamivudine/Nevirapine/Zidovudine,Generic,150/300/200mg,Tablet - FDC,60,28853,236594.6,8.2,0.14,"Aurobindo Unit III, India",Yes,3612,18256.1,243.22
18629,108-VN-T30,FPQ-8428,SCMS-123540,ASN-14321,Vietnam,PMO - US,Direct Drop,EXW,Air,9/21/11,10/3/11,16-Apr-12,16-Apr-12,16-Apr-12,ARV,Adult,MYLAN LABORATORIES LTD (FORMERLY MATRIX LABORATORIES),"Efavirenz/Lamivudine/Tenofovir Disoproxil Fumarate 600/300/300mg, tablets, 30 Tabs",Efavirenz/Lamivudine/Tenofovir Disoproxil Fumarate,Generic,600/300/300mg,Tablet - FDC,30,6549,92340.9,14.1,0.47,Mylan (formerly Matrix) Nashik,Yes,1208,3306.51,152.36
18633,102-SD-T30,FPQ-6171,SCMS-81710,ASN-8632,Sudan,PMO - US,Direct Drop,EXW,Air,8/5/10,8/23/10,29-Nov-10,29-Nov-10,29-Nov-10,HRDT,HIV test,"Trinity Biotech, Plc","HIV 1/2, Uni-Gold HIV Kit, 20 Tests","HIV 1/2, Uni-Gold HIV Kit",Uni-Gold,N/A,Test kit,20,50,1600,32,1.6,"Trinity Biotech, Plc",Yes,17,1117.79,3.45
18639,102-BI-T30,FPQ-9231,SCMS-141780,ASN-14979,Burundi,PMO - US,Direct Drop,EXW,Air,2/17/12,4/9/12,5-Jun-12,5-Jun-12,5-Jun-12,HRDT,HIV test,"Orgenics, Ltd","HIV 1/2, Determine Complete HIV Kit, 100 Tests","HIV 1/2, Determine Complete HIV Kit",Determine,N/A,Test kit,100,1200,96000,80,0.8,"Alere Medical Co., Ltd.",Yes,577,14493.81,134.59
18664,108-VN-T30,FPQ-13034,SCMS-210150,ASN-24398,Vietnam,PMO - US,Direct Drop,EXW,Air,10/4/13,10/10/13,23-Apr-14,23-Apr-14,23-Apr-14,ARV,Adult,HETERO LABS LIMITED,"Abacavir 300mg, tablets, 60 Tabs",Abacavir,Generic,300mg,Tablet,60,1436,16442.2,11.45,0.19,Hetero Unit III Hyderabad IN,Yes,2832,7474.2,20.34
18673,108-VN-T30,FPQ-15087,SCMS-261420,ASN-30164,Vietnam,PMO - US,Direct Drop,EXW,Air,10/24/14,10/30/14,19-Mar-15,19-Mar-15,19-Mar-15,ARV,Adult,MYLAN LABORATORIES LTD (FORMERLY MATRIX LABORATORIES),"Lamivudine/Nevirapine/Zidovudine 150/200/300mg, tablets, 60 Tabs",Lamivudine/Nevirapine/Zidovudine,Generic,150/300/200mg,Tablet - FDC,60,9000,72900,8.1,0.13,Mylan (formerly Matrix) Nashik,Yes,Weight Captured Separately,Invoiced Separately,85.8
18679,106-HT-T30,FPQ-11442,SCMS-177150,ASN-19530,Haiti,PMO - US,Direct Drop,EXW,Ocean,1/30/13,3/7/13,25-Jul-13,25-Jul-13,25-Jul-13,ARV,Adult,HETERO LABS LIMITED,"Efavirenz/Lamivudine/Tenofovir Disoproxil Fumarate 600/300/300mg, tablets, 30 Tabs",Efavirenz/Lamivudine/Tenofovir Disoproxil Fumarate,Generic,600/300/300mg,Tablet - FDC,30,54090,567945,10.5,0.35,Hetero Unit III Hyderabad IN,Yes,7140,7992.56,702.55
18694,109-TZ-T30,FPQ-3782,SCMS-47760,ASN-4974,Tanzania,PMO - US,Direct Drop,CIP,Air,6/11/09,6/29/09,21-Oct-09,21-Oct-09,21-Oct-09,ARV,Adult,BRISTOL-MYERS SQUIBB,"Didanosine EC 400mg [Videx EC], delayed-release capsules, Blister 3 x 10 Caps",Didanosine EC,Videx EC,400mg,Delayed-release capsules - blister,30,1000,23670,23.67,0.79,"BMS Meymac, France",Yes,335,888,46.39
18708,113-ZW-T30,FPQ-13939,SCMS-240580,ASN-27034,Zimbabwe,PMO - US,Direct Drop,EXW,Air Charter,4/1/14,5/26/14,23-Jul-14,23-Jul-14,29-Jul-14,ARV,Adult,Aurobindo Pharma Limited,"Lamivudine/Tenofovir Disoproxil Fumarate 300/300mg, tablets, 30 Tabs",Lamivudine/Tenofovir Disoproxil Fumarate,Generic,300/300mg,Tablet - FDC,30,35955,167190.75,4.65,0.16,"Aurobindo Unit VII, IN",Yes,3520,23014.35,171.87
18740,202-GT-T30,FPQ-6944,SCMS-98041,ASN-14350,Guatemala,PMO - US,Direct Drop,DDU,Air,1/17/11,1/25/11,21-May-12,21-May-12,21-May-12,ARV,Pediatric,IDIS LIMITED,"Didanosine 50mg [Videx], chewable tablets, 60 Tabs",Didanosine,Videx,50mg,Chewable/dispersible tablet,60,161,12174.82,75.62,1.26,Bristol-Myers Squibb Anagni IT,Yes,Weight Captured Separately,Freight Included in Commodity Cost,20.09
18762,116-ZA-T30,FPQ-11828,SCMS-183950,ASN-19166,South Africa,South Africa Field Office,Direct Drop,DDP,Truck,3/18/13,Date Not Captured,16-Apr-13,16-Apr-13,16-Apr-13,ARV,Adult,S. BUYS WHOLESALER,"Zidovudine 300mg, tablets, 60 Tabs",Zidovudine,Generic,300mg,Tablet,60,216,5512.38,25.52,0.43,"Aurobindo Unit III, India",No,Weight Captured Separately,Freight Included in Commodity Cost,6.82
18811,104-CI-T30,FPQ-12806,SCMS-206530,ASN-24149,Côte d'Ivoire,PMO - US,Direct Drop,FCA,Air,8/9/13,9/17/13,7-Feb-14,7-Feb-14,10-Feb-14,ARV,Pediatric,ABBVIE LOGISTICS (FORMERLY ABBOTT LOGISTICS BV),"Lopinavir/Ritonavir 100/25mg [Aluvia], tablets, 60 Tabs",Lopinavir/Ritonavir,Generic,100/25mg,Tablet,60,4600,27324,5.94,0.1,ABBVIE Ludwigshafen Germany,Yes,535,5924.33,33.8
18862,106-HT-T30,FPQ-12041,SCMS-189141,ASN-21848,Haiti,PMO - US,Direct Drop,EXW,Air,4/26/13,5/21/13,11-Nov-13,11-Nov-13,13-Nov-13,HRDT,HIV test,"Orgenics, Ltd","HIV 1/2, Determine Complete HIV Kit, 100 Tests","HIV 1/2, Determine Complete HIV Kit",Determine,N/A,Test kit,100,4000,400000,100,1,"Alere Medical Co., Ltd.",Yes,1624,16994.9,494.8
18881,102-BW-T30,FPQ-6645,SCMS-92610,ASN-9635,Botswana,PMO - US,Direct Drop,EXW,Air,11/11/10,12/2/10,16-Mar-11,16-Mar-11,16-Mar-11,HRDT,HIV test,"Trinity Biotech, Plc","HIV 1/2, Uni-Gold HIV Kit, 20 Tests","HIV 1/2, Uni-Gold HIV Kit",Uni-Gold,N/A,Test kit,20,50,1600,32,1.6,"Trinity Biotech, Plc",Yes,17,617.79,2.64
18904,101-CD-T30,FPQ-12093,SCMS-189060,ASN-20777,"Congo, DRC",PMO - US,Direct Drop,FCA,Air,4/23/13,5/23/13,20-Nov-13,20-Nov-13,26-Nov-13,ARV,Pediatric,ABBVIE LOGISTICS (FORMERLY ABBOTT LOGISTICS BV),"Lopinavir/Ritonavir 80/20mg/ml [Kaletra], oral solution, cool, Bottle 5 x 60 ml",Lopinavir/Ritonavir,Kaletra,80/20mg/ml,Oral solution,300,30,924.6,30.82,0.1,ABBVIE (Abbott) Logis. UK,Yes,56,460.9,1.14
18923,109-TZ-T30,FPQ-5437,SCMS-71450,ASN-8079,Tanzania,PMO - US,Direct Drop,EXW,Air,4/15/10,4/23/10,1-Dec-10,1-Dec-10,1-Dec-10,ARV,Pediatric,EMCURE PHARMACEUTICALS LTD,"Atazanavir 150mg, capsules, 60 Caps",Atazanavir,Generic,150mg,Capsule,60,426,11114.34,26.09,0.43,"Emcure Plot No.P-2, I.T-B.T. Park, Phase II, MIDC, Hinjwadi, Pune, India",Yes,45,1013.19,23.96
18980,109-TZ-T30,FPQ-13945,SCMS-235440,ASN-30243,Tanzania,PMO - US,Direct Drop,EXW,Air,3/27/14,4/29/14,28-Apr-15,28-Apr-15,28-Apr-15,HRDT,HIV test,"Orgenics, Ltd","HIV 1/2, Determine Complete HIV Kit, 100 Tests","HIV 1/2, Determine Complete HIV Kit",Determine,N/A,Test kit,100,336,26880,80,0.8,"Alere Medical Co., Ltd.",Yes,139,2234.96,27.63
18992,116-ZA-T30,FPQ-14942,SCMS-259078,ASN-33472,South Africa,PMO - US,Direct Drop,DDP,Truck,9/11/14,10/9/14,24-Jul-15,24-Jul-15,24-Jul-15,ARV,Pediatric,PHARMACY DIRECT,"Atazanavir 150mg [Reyataz], capsules, 60 Caps",Atazanavir,Reyataz,150mg,Capsule,60,9,143.1,15.9,0.26,"BMS Evansville, US",Yes,Weight Captured Separately,Freight Included in Commodity Cost,0.15
18997,105-GY-T30,FPQ-11562,SCMS-180000,ASN-18805,Guyana,PMO - US,Direct Drop,EXW,Air,2/7/13,3/6/13,18-Apr-13,18-Apr-13,18-Apr-13,ARV,Pediatric,Aurobindo Pharma Limited,"Zidovudine 100mg, capsules, 100 Caps",Zidovudine,Generic,100mg,Capsule,100,172,791.2,4.6,0.05,"Aurobindo Unit III, India",Yes,33,882.81,0.98
19013,161-ZA-T30,FPQ-5303,SCMS-68980,ASN-7662,South Africa,PMO - US,Direct Drop,DDP,Air,3/18/10,3/19/10,24-Aug-10,20-Sep-10,20-Sep-10,ARV,Adult,Aurobindo Pharma Limited,"Lamivudine 150mg, tablets, 60 Tabs",Lamivudine,Generic,150mg,Tablet,60,33338,84345.14,2.53,0.04,"Aurobindo Unit III, India",Yes,1791,1791.42,181.85
19014,111-MZ-T30,FPQ-14294,SCMS-247360,ASN-27769,Mozambique,PMO - US,Direct Drop,EXW,Air,5/15/14,7/30/14,10-Sep-14,10-Sep-14,3-Oct-14,HRDT,HIV test,"Orgenics, Ltd","HIV 1/2, Determine Complete HIV Kit, 100 Tests","HIV 1/2, Determine Complete HIV Kit",Determine,N/A,Test kit,100,3173,253840,80,0.8,"Alere Medical Co., Ltd.",Yes,1287,9209,260.95
19019,105-SS-T30,FPQ-12623,SCMS-200921,ASN-22955,South Sudan,PMO - US,Direct Drop,EXW,Air,7/18/13,8/6/13,11-Feb-14,11-Feb-14,11-Feb-14,HRDT,HIV test,"Trinity Biotech, Plc","HIV 1/2, Uni-Gold HIV Kit, 20 Tests","HIV 1/2, Uni-Gold HIV Kit",Uni-Gold,N/A,Test kit,20,25,800,32,1.6,"Trinity Biotech, Plc",Yes,159,2395.42,0.99
19063,105-SS-T30,FPQ-12623,SCMS-200920,ASN-21751,South Sudan,PMO - US,Direct Drop,EXW,Air,7/18/13,8/6/13,18-Oct-13,18-Oct-13,18-Oct-13,HRDT,HIV test,"Trinity Biotech, Plc","HIV 1/2, Uni-Gold HIV Kit, 20 Tests","HIV 1/2, Uni-Gold HIV Kit",Uni-Gold,N/A,Test kit,20,450,14400,32,1.6,"Trinity Biotech, Plc",No,See ASN-21751 (ID#:13968),See ASN-21751 (ID#:13968),17.81
19080,106-HT-T30,FPQ-14895,SCMS-258570,ASN-30652,Haiti,PMO - US,Direct Drop,FCA,Air,9/24/14,11/14/14,11-Mar-15,11-Mar-15,16-Mar-15,ARV,Adult,ABBVIE LOGISTICS (FORMERLY ABBOTT LOGISTICS BV),"Lopinavir/Ritonavir 200/50mg [Aluvia], tablets, 120 Tabs",Lopinavir/Ritonavir,Aluvia,200/50mg,Tablet,120,15560,287393.2,18.47,0.15,ABBVIE Ludwigshafen Germany,Yes,3834,16386.12,295.44
19105,107-RW-T30,FPQ-8741,SCMS-129760,ASN-15231,Rwanda,PMO - US,Direct Drop,EXW,Air,11/30/11,3/9/12,22-Jun-12,22-Jun-12,22-Jun-12,ARV,Pediatric,CIPLA LIMITED,"Abacavir 20mg/ml, oral solution, Bottle, 240 ml",Abacavir,Generic,20mg/ml,Oral solution,240,4534,38539,8.5,0.04,"Cipla, Goa, India",Yes,1631,13116.57,54.03
19142,108-VN-T30,FPQ-10811,SCMS-164530,ASN-18730,Vietnam,PMO - US,Direct Drop,FCA,Air,10/15/12,11/7/12,9-Apr-13,9-Apr-13,9-Apr-13,ARV,Adult,ABBVIE LOGISTICS (FORMERLY ABBOTT LOGISTICS BV),"Ritonavir 100mg [Norvir], film coated tablets, 30 Tabs",Ritonavir,Norvir,100mg,Tablet,30,373,8675.98,23.26,0.78,ABBVIE Ludwigshafen Germany,Yes,55,17.72,10.73
19146,116-ZA-T30,FPQ-14942,SCMS-259075,ASN-32122,South Africa,PMO - US,Direct Drop,DDP,Truck,9/11/14,5/11/15,12-May-15,12-May-15,12-May-15,ARV,Adult,PHARMACY DIRECT,"Zidovudine 300mg, tablets, 60 Tabs",Zidovudine,Generic,300mg,Tablet,60,11,198.35,18.03,0.3,"Aurobindo Unit III, India",No,Weight Captured Separately,Freight Included in Commodity Cost,0.2
19172,105-SS-T30,FPQ-15569,SCMS-272170,ASN-32106,South Sudan,PMO - US,Direct Drop,EXW,Air,12/29/14,2/20/15,2-Jul-15,7-Jul-15,7-Jul-15,HRDT,HIV test,"Orgenics, Ltd","HIV 1/2, Determine Complete HIV Kit, 100 Tests","HIV 1/2, Determine Complete HIV Kit",Determine,N/A,Test kit,100,70,6230,89,0.89,"Alere Medical Co., Ltd.",Yes,Weight Captured Separately,Invoiced Separately,7.33
19177,104-CI-T30,FPQ-12133,SCMS-188291,ASN-22377,Côte d'Ivoire,PMO - US,Direct Drop,EXW,Air,4/18/13,5/21/13,13-Nov-13,13-Nov-13,14-Nov-13,HRDT,HIV test,"Orgenics, Ltd","HIV 1/2, Determine Complete HIV Kit, 100 Tests","HIV 1/2, Determine Complete HIV Kit",Determine,N/A,Test kit,100,4400,352000,80,0.8,"Alere Medical Co., Ltd.",Yes,1033,24728.57,435.42
19225,116-ZA-T30,FPQ-4359,SCMS-54980,ASN-5373,South Africa,PMO - US,Direct Drop,DDP,Truck,10/8/09,10/15/09,19-Oct-09,19-Oct-09,19-Oct-09,ARV,Pediatric,S. BUYS WHOLESALER,"Zidovudine 100mg [Retrovir], capsules, 100 Caps",Zidovudine,Retrovir,100mg,Capsule,100,40,591.97,14.8,0.15,GSK Crawley,No,Weight Captured Separately,Freight Included in Commodity Cost,1.16
19241,116-ZA-T30,FPQ-13214,SCMS-215410,ASN-23875,South Africa,PMO - US,Direct Drop,DDP,Truck,11/14/13,12/2/13,13-Jan-14,13-Jan-14,13-Jan-14,ARV,Pediatric,S. BUYS WHOLESALER,"Abacavir 20mg/ml, oral solution w/syringe, Bottle, 240 ml",Abacavir,Generic,20mg/ml,Oral solution,240,16,367.09,22.94,0.1,"Aurobindo Unit III, India",No,Weight Captured Separately,Freight Included in Commodity Cost,0.38
19243,111-MZ-T30,FPQ-7270,SCMS-103150,ASN-11149,Mozambique,PMO - US,Direct Drop,EXW,Air,3/4/11,3/30/11,3-Sep-11,3-Sep-11,3-Sep-11,HRDT,HIV test,"Orgenics, Ltd","HIV 1/2, Determine HIV Kit, without Lancets, 100 Tests","HIV 1/2, Determine HIV Kit, without Lancets",Determine,N/A,Test kit,100,11800,916860,77.7,0.78,Inverness Japan,Yes,2675,4969.35,1512.82
19244,101-CD-T30,FPQ-14654,SCMS-253260,ASN-28279,"Congo, DRC",PMO - US,Direct Drop,EXW,Air,8/11/14,8/27/14,4-Nov-14,4-Nov-14,20-Nov-14,HRDT,HIV test,"Trinity Biotech, Plc","HIV 1/2, Uni-Gold HIV Kit, 20 Tests","HIV 1/2, Uni-Gold HIV Kit",Uni-Gold,N/A,Test kit,20,9,288,32,1.6,"Trinity Biotech, Plc",No,See ASN-28279 (ID#:13547),See ASN-28279 (ID#:13547),0.3
19246,109-TZ-T30,FPQ-12050,SCMS-186920,ASN-20340,Tanzania,PMO - US,Direct Drop,EXW,Air,4/12/13,5/14/13,5-Sep-13,5-Sep-13,5-Sep-13,ARV,Adult,MYLAN LABORATORIES LTD (FORMERLY MATRIX LABORATORIES),"Atazanavir/Ritonavir 300/100mg, tablets, 30 Tabs",Atazanavir/Ritonavir,Generic,300/100mg,Tablet,30,5175,116437.5,22.5,0.75,Mylan (formerly Matrix) Nashik,Yes,775,4136.58,144.03
19250,104-CI-T30,FPQ-4717,SCMS-59690,ASN-7107,Côte d'Ivoire,PMO - US,Direct Drop,CIP,Air,12/8/09,12/14/09,10-Jun-10,10-Jun-10,10-Jun-10,ARV,Pediatric,BRISTOL-MYERS SQUIBB,"Didanosine 50mg [Videx], chewable tablets, 60 Tabs",Didanosine,Videx,50mg,Chewable/dispersible tablet,60,4245,40327.5,9.5,0.16,"BMS Meymac, France",Yes,833,1134.5,86.95
19263,109-TZ-T30,FPQ-8071,SCMS-116850,ASN-12886,Tanzania,PMO - US,Direct Drop,EXW,Air,7/22/11,8/1/11,30-Jan-12,30-Jan-12,30-Jan-12,HRDT,HIV test,"Orgenics, Ltd","HIV 1/2, Determine Complete HIV Kit, 100 Tests","HIV 1/2, Determine Complete HIV Kit",Determine,N/A,Test kit,100,1500,120000,80,0.8,Inverness Japan,Yes,714,13836.99,198
19272,101-CD-T30,FPQ-16001,SCMS-280210,ASN-31750,"Congo, DRC",PMO - US,Direct Drop,EXW,Air,3/10/15,3/16/15,2-Jul-15,2-Jul-15,30-Jul-15,HRDT,HIV test,"Trinity Biotech, Plc","HIV 1/2, Uni-Gold HIV Kit, 20 Tests","HIV 1/2, Uni-Gold HIV Kit",Uni-Gold,N/A,Test kit,20,70,2240,32,1.6,"Trinity Biotech, Plc",Yes,508,3918.37,2.64
19282,116-ZA-T30,FPQ-3560,SCMS-50950,ASN-5006,South Africa,PMO - US,Direct Drop,DDP,Truck,5/7/09,8/3/09,3-Sep-09,3-Sep-09,3-Sep-09,ARV,Adult,S. BUYS WHOLESALER,"Tenofovir Disoproxil Fumarate 300mg [Viread], tablets, 30 Tabs",Tenofovir Disoproxil Fumarate,Viread,300mg,Tablet,30,800,21392.98,26.74,0.89,"Aspen-OSD, Port Elizabeth, SA",Yes,Weight Captured Separately,Freight Included in Commodity Cost,41.93
19289,106-HT-T30,FPQ-12590,SCMS-210440,ASN-23016,Haiti,PMO - US,Direct Drop,FCA,Air,8/21/13,10/22/13,23-Jan-14,23-Jan-14,24-Jan-14,ARV,Adult,ABBVIE LOGISTICS (FORMERLY ABBOTT LOGISTICS BV),"Lopinavir/Ritonavir 200/50mg [Aluvia], tablets, 120 Tabs",Lopinavir/Ritonavir,Aluvia,200/50mg,Tablet,120,646,12480.72,19.32,0.16,ABBVIE Ludwigshafen Germany,Yes,166,737.11,15.44
19293,111-MZ-T30,FPQ-3588,SCMS-45670,ASN-5525,Mozambique,PMO - US,Direct Drop,CIP,Air,3/25/09,5/13/09,4-Dec-09,4-Dec-09,4-Dec-09,ARV,Adult,GLAXOSMITHKLINE EXPORT LIMITED,"Abacavir/Lamivudine/Zidovudine 300/150/300mg [Trizivir], tablets, 60 Tabs",Abacavir/Lamivudine/Zidovudine,Trizivir,300/150/300mg,Tablet - FDC,60,4,214.84,53.71,0.9,GSK Ware (UK),Yes,155,Freight Included in Commodity Cost,0.42
19335,102-SD-T30,FPQ-8264,SCMS-121850,ASN-13536,Sudan,PMO - US,Direct Drop,EXW,Air,9/7/11,9/14/11,20-Feb-12,20-Feb-12,20-Feb-12,HRDT,HIV test - Ancillary,"Orgenics, Ltd","Capillary Tubes, for Determine, EDTA, 50uL,100 Pcs","HIV, Capillary Tubes, for Determine, EDTA, 50uL,100 Pcs",Determine,N/A,Test kit - Ancillary,100,3,24,8,0.08,"Alere Medical Co., Ltd.",Yes,2,1076.15,0.04
19344,105-GY-T30,FPQ-4922,SCMS-63980,ASN-6490,Guyana,PMO - US,Direct Drop,EXW,Air,1/19/10,1/28/10,9-Apr-10,9-Apr-10,9-Apr-10,ARV,Pediatric,CIPLA LIMITED,"Lamivudine/Nevirapine/Stavudine 60/100/12mg, dispersible tablets, 60 Tabs",Lamivudine/Nevirapine/Stavudine,Generic,60/100/12mg,Chewable/dispersible tablet - FDC,60,90,387,4.3,0.07,"Cipla, Goa, India",Yes,9,541.88,0.83
19346,116-ZA-T30,FPQ-13973,SCMS-238553,ASN-28021,South Africa,PMO - US,Direct Drop,DDP,Truck,4/30/14,8/28/14,28-Aug-14,28-Aug-14,28-Aug-14,ARV,Adult,PHARMACY DIRECT,"Emtricitabine/Tenofovir Disoproxil Fumarate 200/300mg, tablets, 30 Tabs",Emtricitabine/Tenofovir Disoproxil Fumarate,Generic,200/300mg,Tablet - FDC,30,11,332.32,30.21,1.01,"Aurobindo Unit III, India",No,Weight Captured Separately,Freight Included in Commodity Cost,0.34
19348,102-ML-T30,FPQ-10104,SCMS-153790,ASN-16513,Mali,PMO - US,Direct Drop,EXW,Air,7/5/12,8/21/12,4-Oct-12,4-Oct-12,4-Oct-12,HRDT,HIV test,"Orgenics, Ltd","HIV 1/2, Clearview Complete Kit, 25 Tests","HIV 1/2, Clearview Complete Kit",Clearview,N/A,Test kit,25,87,8265,95,3.8,Chembio Diagnostics Sys. Inc.,Yes,40,1333.4,11.59
19359,103-ZW-T30,FPQ-14477,SCMS-248220,ASN-27913,Zimbabwe,PMO - US,Direct Drop,EXW,Air,7/1/14,8/4/14,18-Sep-14,18-Sep-14,19-Sep-14,ARV,Pediatric,ABBVIE LOGISTICS (FORMERLY ABBOTT LOGISTICS BV),"Lopinavir/Ritonavir 80/20mg/ml [Kaletra], oral solution, cool, Bottle 5 x 60 ml",Lopinavir/Ritonavir,Kaletra,80/20mg/ml,Oral solution,300,2025,62410.5,30.82,0.1,ABBVIE (Abbott) Logis. UK,Yes,1902,16777.24,64.16
19405,109-TZ-T30,FPQ-12197,SCMS-189360,ASN-21234,Tanzania,PMO - US,Direct Drop,EXW,Air,4/30/13,5/29/13,17-Sep-13,16-Sep-13,16-Sep-13,HRDT,HIV test,"Standard Diagnostics, Inc.","HIV 1/2, Determine Complete HIV Kit, 100 Tests","HIV 1/2, Determine Complete HIV Kit",Determine,N/A,Test kit,100,3039,0,0,0,"Alere Medical Co., Ltd.",Yes,1257,21351.18,0
19406,108-VN-T30,FPQ-10811,SCMS-164680,ASN-18664,Vietnam,PMO - US,Direct Drop,EXW,Air,10/15/12,11/7/12,2-Apr-13,2-Apr-13,2-Apr-13,ARV,Adult,HETERO LABS LIMITED,"Zidovudine 300mg, tablets, 60 Tabs",Zidovudine,Generic,300mg,Tablet,60,1082,6221.5,5.75,0.1,Hetero Unit III Hyderabad IN,Yes,2228,3565.08,7.7
19410,133-NG-T30,FPQ-7193,SCMS-103110,ASN-11031,Nigeria,PMO - US,Direct Drop,EXW,Air,2/16/11,3/30/11,7-Jul-11,7-Jul-11,7-Jul-11,HRDT,HIV test,"Orgenics, Ltd","HIV 1/2, Determine Complete HIV Kit, 100 Tests","HIV 1/2, Determine Complete HIV Kit",Determine,N/A,Test kit,100,2586,230154,89,0.89,Inverness Japan,Yes,1231,28132.96,379.75
19431,104-CI-T30,FPQ-13603,SCMS-228080,ASN-29972,Côte d'Ivoire,PMO - US,Direct Drop,EXW,Air,1/23/14,2/26/14,23-Jan-15,23-Jan-15,23-Jan-15,HRDT,HIV test,"Standard Diagnostics, Inc.","HIV 1/2, Bioline 3.0 Kit, Lancets, Capillary pipets, Alcohol swabs included, 25 Tests","HIV 1/2, Bioline 3.0 Kit, Lancets, Capillary pipets, Alcohol swabs included",Bioline,N/A,Test kit,25,1400,28700,20.5,0.82,"Standard Diagnostics, Korea",Yes,437,5924.89,29.5
19484,133-NG-T30,FPQ-15504,SCMS-270770,ASN-31785,Nigeria,PMO - US,Direct Drop,EXW,Air,12/8/14,3/13/15,7-May-15,7-May-15,22-May-15,HRDT,HIV test,"Orgenics, Ltd","HIV 1/2, Determine Complete HIV Kit, 100 Tests","HIV 1/2, Determine Complete HIV Kit",Determine,N/A,Test kit,100,5640,501960,89,0.89,"Alere Medical Co., Ltd.",Yes,2292,27361.87,590.81
19512,108-VN-T30,FPQ-8428,SCMS-123530,ASN-14319,Vietnam,PMO - US,Direct Drop,EXW,Air,9/21/11,10/3/11,24-Apr-12,24-Apr-12,24-Apr-12,ARV,Adult,MYLAN LABORATORIES LTD (FORMERLY MATRIX LABORATORIES),"Efavirenz/Lamivudine/Tenofovir Disoproxil Fumarate 600/300/300mg, tablets, 30 Tabs",Efavirenz/Lamivudine/Tenofovir Disoproxil Fumarate,Generic,600/300/300mg,Tablet - FDC,30,5451,76859.1,14.1,0.47,Mylan (formerly Matrix) Nashik,Yes,1675,3401.49,126.82
19514,116-ZA-T30,FPQ-13973,SCMS-238553,ASN-28021,South Africa,PMO - US,Direct Drop,DDP,Truck,4/30/14,8/28/14,28-Aug-14,28-Aug-14,28-Aug-14,ARV,Adult,PHARMACY DIRECT,"Lamivudine/Zidovudine 150/300mg, tablets, 60 Tabs",Lamivudine/Zidovudine,Generic,150/300mg,Tablet - FDC,60,16,499.07,31.19,0.52,"Aurobindo Unit III, India",No,Weight Captured Separately,Freight Included in Commodity Cost,0.51
19584,109-TZ-T30,FPQ-9211,SCMS-136930,ASN-14644,Tanzania,PMO - US,Direct Drop,EXW,Air,1/25/12,2/17/12,25-May-12,25-May-12,25-May-12,HRDT,HIV test,"Orgenics, Ltd","HIV 1/2, Determine Complete HIV Kit, 100 Tests","HIV 1/2, Determine Complete HIV Kit",Determine,N/A,Test kit,100,1337,106960,80,0.8,"Alere Medical Co., Ltd.",Yes,639,12022.17,149.96
19620,104-CI-T30,FPQ-6661,SCMS-91830,ASN-9057,Côte d'Ivoire,PMO - US,Direct Drop,FCA,Air,11/4/10,11/11/10,14-Jan-11,14-Jan-11,14-Jan-11,ARV,Adult,ABBVIE LOGISTICS (FORMERLY ABBOTT LOGISTICS BV),"Lopinavir/Ritonavir 200/50mg [Aluvia], tablets, 120 Tabs",Lopinavir/Ritonavir,Aluvia,200/50mg,Tablet,120,7320,264691.2,36.16,0.3,ABBVIE Ludwigshafen Germany,Yes,1838,13562.36,436.74
19627,111-MZ-T30,FPQ-15324,SCMS-264780,ASN-30261,Mozambique,PMO - US,Direct Drop,EXW,Air,11/12/14,11/19/14,10-Feb-15,10-Feb-15,18-Feb-15,HRDT,HIV test - Ancillary,"Orgenics, Ltd","Chase Buffer, Determine, 100 Tests, 2.5ml x 1 Vial","Chase Buffer, Determine, 100 Tests, 2.5ml x 1 Vial",Determine,N/A,Test kit - Ancillary,1,60,300,5,5,"Alere Medical Co., Ltd.",Yes,Weight Captured Separately,Invoiced Separately,0.35
19630,108-VN-T30,FPQ-10811,SCMS-166140,ASN-17572,Vietnam,PMO - US,Direct Drop,EXW,Air,10/15/12,11/9/12,9-Jan-13,9-Jan-13,9-Jan-13,ARV,Pediatric,Aurobindo Pharma Limited,"Lamivudine 10mg/ml, oral solution w/syringe, Bottle, 240 ml",Lamivudine,Generic,10mg/ml,Oral solution,240,136,251.6,1.85,0.01,"Aurobindo Unit III, India",Yes,173,1079.39,0.31
19647,161-ZA-T30,FPQ-7400,SCMS-104240,ASN-12269,South Africa,PMO - US,Direct Drop,DDP,Ocean,3/11/11,3/30/11,18-Nov-11,18-Nov-11,18-Nov-11,ARV,Pediatric,GLAXOSMITHKLINE EXPORT LIMITED,"Abacavir 20mg/ml [Ziagen], oral solution, Bottle, 240 ml",Abacavir,Ziagen,20mg/ml,Oral solution,240,20000,185600,9.28,0.04,GSK Mississauga (Canada),Yes,7664,17022.13,306.24
19656,161-ZA-T30,FPQ-6262,SCMS-84250,ASN-9052,South Africa,PMO - US,Direct Drop,DDP,Ocean,8/31/10,9/21/10,15-Dec-10,15-Dec-10,15-Dec-10,ARV,Adult,STRIDES ARCOLAB LIMITED,"Lamivudine 150mg, tablets, 60 Tabs",Lamivudine,Generic,150mg,Tablet,60,168711,416716.17,2.47,0.04,"Strides, Bangalore, India.",Yes,8183,12225.76,898.44
19670,116-ZA-T30,FPQ-14942,SCMS-259079,ASN-33852,South Africa,PMO - US,Direct Drop,DDP,Truck,9/11/14,10/9/14,24-Aug-15,24-Aug-15,24-Aug-15,ARV,Adult,PHARMACY DIRECT,"Abacavir 300mg, tablets, 60 Tabs",Abacavir,Generic,300mg,Tablet,60,82,4392.17,53.56,0.89,"Aurobindo Unit III, India",No,Weight Captured Separately,Freight Included in Commodity Cost,4.52
19685,110-ZM-T30,FPQ-11561,SCMS-183050,ASN-19389,Zambia,PMO - US,Direct Drop,FCA,Air,2/13/13,3/28/13,22-May-13,22-May-13,22-May-13,ARV,Pediatric,ABBVIE LOGISTICS (FORMERLY ABBOTT LOGISTICS BV),"Lopinavir/Ritonavir 80/20mg/ml [Kaletra], oral solution, cool, Bottle 5 x 60 ml",Lopinavir/Ritonavir,Kaletra,80/20mg/ml,Oral solution,300,1500,46230,30.82,0.1,ABBVIE (Abbott) Logis. UK,Yes,1374,10365.13,57.19
19689,116-ZA-T30,FPQ-5630,SCMS-72870,ASN-7106,South Africa,PMO - US,Direct Drop,DDP,Truck,4/30/10,5/5/10,12-May-10,12-May-10,12-May-10,ARV,Pediatric,S. BUYS WHOLESALER,"Lopinavir/Ritonavir 80/20mg/ml [Kaletra], oral solution, cool, Bottle 5 x 60 ml",Lopinavir/Ritonavir,Kaletra,80/20mg/ml,Oral solution,300,50,2037.29,40.75,0.14,ABBVIE (Abbott) Logis. UK,Yes,Weight Captured Separately,Freight Included in Commodity Cost,4.39
19694,102-GY-T30,FPQ-4068,SCMS-52270,ASN-4928,Guyana,PMO - US,Direct Drop,EXW,Air,8/13/09,8/31/09,24-Sep-09,24-Sep-09,24-Sep-09,HRDT,HIV test,"Trinity Biotech, Plc","HIV 1/2, Uni-Gold HIV Kit, 20 Tests","HIV 1/2, Uni-Gold HIV Kit",Uni-Gold,N/A,Test kit,20,2551,81632,32,1.6,"Trinity Biotech, Plc",Yes,885,11057.25,160
19696,102-CD-T30,FPQ-9645,SCMS-145470,ASN-15048,"Congo, DRC",PMO - US,Direct Drop,EXW,Air,4/24/12,5/7/12,2-Aug-12,2-Aug-12,2-Aug-12,HRDT,HIV test,"Trinity Biotech, Plc","HIV 1/2, Uni-Gold HIV Kit, 20 Tests","HIV 1/2, Uni-Gold HIV Kit",Uni-Gold,N/A,Test kit,20,400,12800,32,1.6,"Trinity Biotech, Plc",Yes,132,1692.7,17.95
19712,108-VN-T30,FPQ-13034,SCMS-210120,ASN-24394,Vietnam,PMO - US,Direct Drop,EXW,Air,10/4/13,10/10/13,23-Apr-14,23-Apr-14,23-Apr-14,ARV,Adult,HETERO LABS LIMITED,"Efavirenz 600mg, tablets, 30 Tabs",Efavirenz,Generic,600mg,Tablet,30,2516,8151.84,3.24,0.11,Hetero Unit III Hyderabad IN,No,See ASN-24394 (ID#:16053),See ASN-24394 (ID#:16053),10.08
19771,108-VN-T30,FPQ-5317,SCMS-69220,ASN-7411,Vietnam,PMO - US,Direct Drop,FCA,Air,3/22/10,3/31/10,16-Jul-10,16-Jul-10,16-Jul-10,ARV,Adult,ABBVIE LOGISTICS (FORMERLY ABBOTT LOGISTICS BV),"Lopinavir/Ritonavir 200/50mg [Aluvia], tablets, 120 Tabs",Lopinavir/Ritonavir,Aluvia,200/50mg,Tablet,120,5530,454566,82.2,0.68,ABBVIE Ludwigshafen Germany,Yes,1348,10670.09,980.04
19788,161-ZA-T30,FPQ-7175,SCMS-103360,ASN-11433,South Africa,PMO - US,Direct Drop,DDP,Ocean,3/10/11,3/24/11,2-Sep-11,14-Sep-11,14-Sep-11,ARV,Pediatric,Aurobindo Pharma Limited,"Efavirenz 50mg, capsule, 30 Caps",Efavirenz,Generic,50mg,Capsule,30,2247,5482.68,2.44,0.08,"Aurobindo Unit III, India",Yes,Weight Captured Separately,Freight Included in Commodity Cost,9.05
19840,108-VN-T30,FPQ-15040,SCMS-263670,ASN-30942,Vietnam,PMO - US,Direct Drop,EXW,Air,10/30/14,12/8/14,14-Apr-15,14-Apr-15,14-Apr-15,ARV,Adult,HETERO LABS LIMITED,"Abacavir 300mg, tablets, 60 Tabs",Abacavir,Generic,300mg,Tablet,60,1900,21280,11.2,0.19,Hetero Unit III Hyderabad IN,Yes,2356,3688.77,21.88
19851,114-UG-T30,FPQ-12777,SCMS-202560,ASN-22984,Uganda,PMO - US,Direct Drop,EXW,Air,8/5/13,8/9/13,10-Dec-13,12-Dec-13,13-Dec-13,ARV,Pediatric,Aurobindo Pharma Limited,"Nevirapine 10mg/ml, oral suspension w/syringe, Bottle, 100 ml",Nevirapine,Generic,10mg/ml,Oral suspension,100,11310,14703,1.3,0.01,"Aurobindo Unit III, India",Yes,2454,10898.12,18.19
19863,116-ZA-T30,FPQ-14942,SCMS-259078,ASN-33470,South Africa,PMO - US,Direct Drop,DDP,Truck,9/11/14,10/9/14,24-Jul-15,24-Jul-15,24-Jul-15,ARV,Adult,PHARMACY DIRECT,"Lamivudine/Zidovudine 150/300mg, tablets, 60 Tabs",Lamivudine/Zidovudine,Generic,150/300mg,Tablet - FDC,60,23,528.93,23,0.38,"Aurobindo Unit III, India",No,Weight Captured Separately,Freight Included in Commodity Cost,0.54
19873,116-ZA-T30,FPQ-14942,SCMS-259078,ASN-33470,South Africa,PMO - US,Direct Drop,DDP,Truck,9/11/14,10/9/14,24-Jul-15,24-Jul-15,24-Jul-15,ARV,Adult,PHARMACY DIRECT,"Nevirapine 200mg, tablets, 60 Tabs",Nevirapine,Generic,200mg,Tablet,60,23,315.96,13.74,0.23,"Aurobindo Unit III, India",No,Weight Captured Separately,Freight Included in Commodity Cost,0.32
19891,161-ZA-T30,FPQ-6262,SCMS-83890,ASN-9513,South Africa,PMO - US,Direct Drop,DDP,Ocean,8/31/10,9/21/10,24-Feb-11,24-Feb-11,24-Feb-11,ARV,Pediatric,CIPLA LIMITED,"Lamivudine 10mg/ml, oral solution w/syringe, Bottle, 240 ml",Lamivudine,Generic,10mg/ml,Oral solution,240,55000,114400,2.08,0.01,"Cipla, Goa, India",Yes,20419,17267.14,246.65
19905,108-VN-T30,FPQ-5899,SCMS-77250,ASN-8909,Vietnam,PMO - US,Direct Drop,EXW,Air,6/23/10,7/1/10,8-Dec-10,8-Dec-10,8-Dec-10,ARV,Adult,Aurobindo Pharma Limited,"Lamivudine/Zidovudine 150/300mg, tablets, 60 Tabs",Lamivudine/Zidovudine,Generic,150/300mg,Tablet - FDC,60,20000,165000,8.25,0.14,"Aurobindo Unit III, India",Yes,1951,13083.7,355.74
19924,106-HT-T30,FPQ-15102,SCMS-260780,ASN-31452,Haiti,PMO - US,Direct Drop,EXW,Air,10/10/14,11/5/14,5-May-15,5-May-15,11-May-15,HRDT,HIV test,"Orgenics, Ltd","HIV 1/2, Determine Complete HIV Kit, 100 Tests","HIV 1/2, Determine Complete HIV Kit",Determine,N/A,Test kit,100,6302,630200,100,1,"Alere Medical Co., Ltd.",Yes,2557,21256.43,741.75
19940,108-VN-T30,FPQ-13524,SCMS-226251,ASN-27964,Vietnam,PMO - US,Direct Drop,EXW,Air,2/6/14,6/27/14,3-Nov-14,3-Nov-14,3-Nov-14,ARV,Adult,MYLAN LABORATORIES LTD (FORMERLY MATRIX LABORATORIES),"Lamivudine/Zidovudine 150/300mg, tablets, 60 Tabs",Lamivudine/Zidovudine,Generic,150/300mg,Tablet - FDC,60,20000,129800,6.49,0.11,Mylan (formerly Matrix) Nashik,Yes,1725,3273.14,133.43
19958,103-KE-T30,FPQ-10018,SCMS-149610,ASN-15368,Kenya,PMO - US,Direct Drop,EXW,Air,6/5/12,6/14/12,9-Jul-12,9-Jul-12,9-Jul-12,HRDT,HIV test,"Orgenics, Ltd","HIV 1/2, Determine Complete HIV Kit, 100 Tests","HIV 1/2, Determine Complete HIV Kit",Determine,N/A,Test kit,100,1,89,89,0.89,"Alere Medical Co., Ltd.",Yes,985,11034.01,0.12
19959,116-ZA-T30,FPQ-13973,SCMS-238555,ASN-29257,South Africa,PMO - US,Direct Drop,DDP,Truck,4/30/14,11/4/14,5-Nov-14,5-Nov-14,5-Nov-14,ARV,Adult,PHARMACY DIRECT,"Lamivudine 150mg, tablets, 60 Tabs",Lamivudine,Generic,150mg,Tablet,60,203,1855.98,9.14,0.15,"Aurobindo Unit III, India",Yes,Weight Captured Separately,Freight Included in Commodity Cost,1.91
19977,116-ZA-T30,FPQ-4359,SCMS-54980,ASN-5372,South Africa,PMO - US,Direct Drop,DDP,Truck,10/8/09,10/15/09,21-Oct-09,21-Oct-09,21-Oct-09,ARV,Pediatric,S. BUYS WHOLESALER,"Lamivudine 10mg/ml [Epivir], oral solution, Bottle, 240 ml",Lamivudine,Epivir,10mg/ml,Oral solution,240,1000,6669.31,6.67,0.03,GSK Mississauga (Canada),Yes,Weight Captured Separately,Freight Included in Commodity Cost,13.07
19996,119-NA-T30,FPQ-3814,SCMS-47550,ASN-4512,Namibia,PMO - US,Direct Drop,EXW,Air,5/29/09,6/15/09,5-Aug-09,5-Aug-09,5-Aug-09,ARV,Pediatric,CIPLA LIMITED,"Lamivudine/Nevirapine/Stavudine 30/50/6mg, dispersible tablets, 60 Tabs",Lamivudine/Nevirapine/Stavudine,Generic,30/50/6mg,Chewable/dispersible tablet - FDC,60,688,1651.2,2.4,0.04,"Cipla, Goa, India",Yes,53,571.53,3.24
20044,116-ZA-T30,FPQ-13973,SCMS-238552,ASN-27608,South Africa,PMO - US,Direct Drop,DDP,Truck,4/30/14,8/5/14,5-Aug-14,5-Aug-14,5-Aug-14,ARV,Adult,PHARMACY DIRECT,"Saquinavir 200mg [Invirase], capsules, 270 Caps",Saquinavir,Invirase,200mg,Capsule,270,30,2177.92,72.6,0.27,Roche Basel,Yes,Weight Captured Separately,Freight Included in Commodity Cost,2.24
20073,133-NG-T30,FPQ-14995,SCMS-260700,ASN-29931,Nigeria,PMO - US,Direct Drop,EXW,Air,9/22/14,10/29/14,19-Jan-15,20-Jan-15,22-Jan-15,HRDT,HIV test,"Orgenics, Ltd","HIV 1/2, Determine Complete HIV Kit, 100 Tests","HIV 1/2, Determine Complete HIV Kit",Determine,N/A,Test kit,100,3144,279816,89,0.89,"Alere Medical Co., Ltd.",Yes,1276,15681.99,287.65
20133,114-UG-T30,FPQ-4185,SCMS-54140,ASN-5318,Uganda,PMO - US,Direct Drop,FCA,Air,9/8/09,9/30/09,4-Nov-09,4-Nov-09,4-Nov-09,ARV,Adult,ABBVIE LOGISTICS (FORMERLY ABBOTT LOGISTICS BV),"Lopinavir/Ritonavir 200/50mg [Aluvia], tablets, 120 Tabs",Lopinavir/Ritonavir,Aluvia,200/50mg,Tablet,120,60,2169.6,36.16,0.3,ABBVIE Ludwigshafen Germany,Yes,36,814.04,4.25
20172,111-MZ-T30,FPQ-10880,SCMS-164000,ASN-18532,Mozambique,PMO - US,Direct Drop,EXW,Air,10/18/12,11/6/12,20-Mar-13,21-Mar-13,21-Mar-13,HRDT,HIV test,"Orgenics, Ltd","HIV 1/2, Determine Complete HIV Kit, 100 Tests","HIV 1/2, Determine Complete HIV Kit",Determine,N/A,Test kit,100,2939,235120,80,0.8,"Alere Medical Co., Ltd.",Yes,1330,13801.89,290.84
20185,105-SS-T30,FPQ-14470,SCMS-245260,ASN-29409,South Sudan,PMO - US,Direct Drop,EXW,Air,6/17/14,6/30/14,22-Dec-14,22-Dec-14,13-Jan-15,HRDT,HIV test - Ancillary,"Orgenics, Ltd","Chase Buffer, Determine, 100 Tests, 2.5ml x 1 Vial","Chase Buffer, Determine, 100 Tests, 2.5ml x 1 Vial",Determine,N/A,Test kit - Ancillary,1,160,800,5,5,"Alere Medical Co., Ltd.",Yes,149,2084.52,0.82
20219,108-VN-T30,FPQ-10286,SCMS-156310,ASN-17176,Vietnam,PMO - US,Direct Drop,EXW,Air,7/25/12,8/15/12,14-Dec-12,14-Dec-12,14-Dec-12,ARV,Adult,HETERO LABS LIMITED,"Lamivudine/Zidovudine 150/300mg, tablets, 60 Tabs",Lamivudine/Zidovudine,Generic,150/300mg,Tablet - FDC,60,10158,71918.64,7.08,0.12,Hetero Unit III Hyderabad IN,Yes,941,1934.17,100.83
20236,101-CD-T30,FPQ-14255,SCMS-239810,ASN-27324,"Congo, DRC",PMO - US,Direct Drop,EXW,Air,5/15/14,5/19/14,30-Sep-14,30-Sep-14,21-Oct-14,ARV,Pediatric,Aurobindo Pharma Limited,"Didanosine 200mg, delayed-release capsules, 30 Caps",Didanosine,Generic,200mg,Delayed-release capsules,30,550,6050,11,0.37,"Aurobindo Unit III, India",No,See ASN-27324 (ID#:13842),See ASN-27324 (ID#:13842),6.22
20239,107-RW-T30,FPQ-8742,SCMS-137421,ASN-15443,Rwanda,PMO - US,Direct Drop,EXW,Air,12/7/11,6/14/12,20-Jul-12,20-Jul-12,20-Jul-12,ARV,Adult,HETERO LABS LIMITED,"Efavirenz 600mg, tablets, 30 Tabs",Efavirenz,Generic,600mg,Tablet,30,20370,72720.9,3.57,0.12,Hetero Unit III Hyderabad IN,Yes,1751,13244.8,101.95
20245,102-SZ-T30,FPQ-10537,SCMS-159081,ASN-19430,Swaziland,PMO - US,Direct Drop,EXW,Air,8/23/12,9/12/12,21-May-13,21-May-13,21-May-13,HRDT,HIV test,"Trinity Biotech, Plc","HIV 1/2, Uni-Gold HIV Kit, 20 Tests","HIV 1/2, Uni-Gold HIV Kit",Uni-Gold,N/A,Test kit,20,150,4800,32,1.6,"Trinity Biotech, Plc",Yes,58,642.05,6.73
20264,107-RW-T30,FPQ-12518,SCMS-198222,ASN-24715,Rwanda,PMO - US,Direct Drop,EXW,Air,6/21/13,8/12/13,27-Mar-14,27-Mar-14,27-Mar-14,HRDT,HIV test,"SHANGHAI KEHUA BIOENGINEERING CO.,LTD.  (KHB)","HIV 1/2, SKB Colloidal Gold, Diagnostic Kit, Antibody, 50 Tests","HIV 1/2, Colloidal Gold, Diagnostic Kit, Antibody",Colloidal Gold,N/A,Test kit,1,2988,73206,24.5,24.5,"KHB Test Kit Facility, Shanghai China",Yes,1992,26266.34,90.56
20266,114-UG-T30,FPQ-9365,SCMS-142320,ASN-15425,Uganda,PMO - US,Direct Drop,DDP,Air,3/15/12,4/17/12,5-Jul-12,5-Jul-12,5-Jul-12,ARV,Adult,ASPEN PHARMACARE,"Etravirine 100mg [Intelence], tablets, 120 Tabs",Etravirine,Intelence,100mg,Tablet,120,150,11250,75,0.62,"Janssen-Cilag, Latina, IT",Yes,49,475,15.77
20274,108-VN-T30,FPQ-13976,SCMS-236060,ASN-27814,Vietnam,PMO - US,Direct Drop,EXW,Air,4/8/14,4/30/14,22-Sep-14,15-Sep-14,17-Sep-14,ARV,Adult,HETERO LABS LIMITED,"Efavirenz/Lamivudine/Tenofovir Disoproxil Fumarate 600/300/300mg, tablets, 30 Tabs",Efavirenz/Lamivudine/Tenofovir Disoproxil Fumarate,Generic,600/300/300mg,Tablet - FDC,30,17280,181440,10.5,0.35,Hetero Unit III Hyderabad IN,Yes,2401,3701.66,186.52
20280,123-NG-T30,FPQ-4066,SCMS-51270,ASN-5524,Nigeria,PMO - US,Direct Drop,FCA,Air,8/3/09,8/12/09,15-Dec-09,15-Dec-09,15-Dec-09,ARV,Adult,Hoffmann-La Roche ltd Basel,"Saquinavir 500mg [Invirase], tablets, 120 Tabs",Saquinavir,Invirase,500mg,Tablet,120,500,47667.85,95.34,0.79,Roche Basel,Yes,83,852.02,93.43
20291,116-ZA-T30,FPQ-5535,SCMS-71370,ASN-7373,South Africa,PMO - US,Direct Drop,DDP,Truck,4/19/10,4/21/10,31-May-10,31-May-10,31-May-10,ARV,Adult,S. BUYS WHOLESALER,"Emtricitabine/Tenofovir Disoproxil Fumarate 200/300mg [Truvada], tablets, 30 Tabs",Emtricitabine/Tenofovir Disoproxil Fumarate,Truvada,300/200mg,Tablet - FDC,30,540,25796.95,47.77,1.59,"Aspen-OSD, Port Elizabeth, SA",No,Weight Captured Separately,Freight Included in Commodity Cost,55.62
20294,110-ZM-T30,FPQ-12662,SCMS-202390,ASN-23686,Zambia,PMO - US,Direct Drop,EXW,Air,7/22/13,8/12/13,14-Feb-14,14-Feb-14,18-Feb-14,ARV,Adult,MYLAN LABORATORIES LTD (FORMERLY MATRIX LABORATORIES),"Emtricitabine/Tenofovir Disoproxil Fumarate 200/300mg, tablets, 30 Tabs",Emtricitabine/Tenofovir Disoproxil Fumarate,Generic,200/300mg,Tablet - FDC,30,300000,1722000,5.74,0.19,Mylan (formerly Matrix) Nashik,Yes,24233,119474.09,2130.11
20319,110-ZM-T30,FPQ-14236,SCMS-239740,ASN-26572,Zambia,PMO - US,Direct Drop,EXW,Air,5/2/14,5/20/14,12-Sep-14,12-Sep-14,17-Sep-14,HRDT,HIV test,"Orgenics, Ltd","HIV 1/2, Determine Complete HIV Kit, 100 Tests","HIV 1/2, Determine Complete HIV Kit",Determine,N/A,Test kit,100,6000,480000,80,0.8,"Alere Medical Co., Ltd.",Yes,2439,30885.26,493.44
20321,108-VN-T30,FPQ-9576,SCMS-145310,ASN-16124,Vietnam,PMO - US,Direct Drop,EXW,Air,4/11/12,6/11/12,2-Oct-12,2-Oct-12,2-Oct-12,ARV,Adult,MYLAN LABORATORIES LTD (FORMERLY MATRIX LABORATORIES),"Abacavir 300mg, tablets, 60 Tabs",Abacavir,Generic,300mg,Tablet,60,331,4220.25,12.75,0.21,Mylan (formerly Matrix) Nashik,Yes,2951,7211.04,5.92
20349,108-VN-T30,FPQ-9576,SCMS-145310,ASN-16124,Vietnam,PMO - US,Direct Drop,EXW,Air,4/11/12,6/11/12,2-Oct-12,2-Oct-12,2-Oct-12,ARV,Adult,MYLAN LABORATORIES LTD (FORMERLY MATRIX LABORATORIES),"Tenofovir Disoproxil Fumarate 300mg, tablets, 30 Tabs",Tenofovir Disoproxil Fumarate,Generic,300mg,Tablet,30,30704,137860.96,4.49,0.15,Mylan (formerly Matrix) Nashik,No,See ASN-16124 (ID#:20321),See ASN-16124 (ID#:20321),193.28
20371,108-VN-T30,FPQ-9577,SCMS-145530,ASN-16123,Vietnam,PMO - US,Direct Drop,EXW,Air,4/11/12,6/12/12,9-Oct-12,9-Oct-12,9-Oct-12,ARV,Pediatric,MYLAN LABORATORIES LTD (FORMERLY MATRIX LABORATORIES),"Lamivudine/Nevirapine/Zidovudine 30/50/60mg, dispersible tablets, 60 Tabs",Lamivudine/Nevirapine/Zidovudine,Generic,30/50/60mg,Chewable/dispersible tablet - FDC,60,1302,5403.3,4.15,0.07,Mylan (formerly Matrix) Nashik,Yes,4587,11252.53,7.58
20383,106-HT-T30,FPQ-9636,SCMS-148370,ASN-16472,Haiti,PMO - US,Direct Drop,EXW,Ocean,5/14/12,7/3/12,20-Dec-12,20-Dec-12,20-Dec-12,ARV,Adult,MYLAN LABORATORIES LTD (FORMERLY MATRIX LABORATORIES),"Lamivudine/Nevirapine/Zidovudine 150/200/300mg, tablets, 60 Tabs",Lamivudine/Nevirapine/Zidovudine,Generic,150/300/200mg,Tablet - FDC,60,34080,318648,9.35,0.16,Mylan (formerly Matrix) Nashik,Yes,4726,7208.11,446.74
20407,116-ZA-T30,FPQ-12522,SCMS-199289,ASN-28036,South Africa,PMO - US,Direct Drop,DDP,Truck,7/11/13,8/29/14,29-Aug-14,29-Aug-14,29-Aug-14,ARV,Adult,S. BUYS WHOLESALER,"Tenofovir Disoproxil Fumarate 300mg, tablets, 30 Tabs",Tenofovir Disoproxil Fumarate,Generic,300mg,Tablet,30,627,13051.03,20.82,0.69,Hetero Unit III Hyderabad IN,Yes,Weight Captured Separately,Freight Included in Commodity Cost,16.14
20417,116-ZA-T30,FPQ-14942,SCMS-259079,ASN-33851,South Africa,PMO - US,Direct Drop,DDP,Truck,9/11/14,10/9/14,24-Aug-15,24-Aug-15,24-Aug-15,ARV,Adult,PHARMACY DIRECT,"Efavirenz 600mg, tablets, 30 Tabs",Efavirenz,Generic,600mg,Tablet,30,42,507.93,12.09,0.4,"Aurobindo Unit III, India",Yes,Weight Captured Separately,Freight Included in Commodity Cost,0.52
20432,161-ZA-T30,FPQ-7175,SCMS-103390,ASN-12169,South Africa,PMO - US,Direct Drop,DDP,Ocean,3/10/11,3/24/11,10-Oct-11,3-Nov-11,3-Nov-11,ARV,Adult,Aurobindo Pharma Limited,"Efavirenz 600mg, tablets, 30 Tabs",Efavirenz,Generic,600mg,Tablet,30,106589,480716.39,4.51,0.15,"Aurobindo Unit III, India",Yes,9061,9323.3,793.18
20450,101-CD-T30,FPQ-12093,SCMS-189070,ASN-20218,"Congo, DRC",PMO - US,Direct Drop,EXW,Air,4/23/13,5/17/13,28-Nov-13,28-Nov-13,3-Dec-13,ARV,Pediatric,Aurobindo Pharma Limited,"Didanosine 125mg, delayed-release capsules, 30 Caps",Didanosine,Generic,125mg,Delayed-release capsules,30,171,1453.5,8.5,0.28,"Aurobindo Unit III, India",Yes,81,2782.94,1.8
20462,104-CI-T30,FPQ-5209,SCMS-75381,ASN-7842,Côte d'Ivoire,PMO - US,Direct Drop,EXW,Air,2/25/10,6/7/10,8-Sep-10,8-Sep-10,8-Sep-10,HRDT,HIV test,"Orgenics, Ltd","HIV 1/2, Determine HIV Kit, without Lancets, 100 Tests","HIV 1/2, Determine HIV Kit, without Lancets",Determine,N/A,Test kit,100,3000,233100,77.7,0.78,Inverness Japan,Yes,680,11463.46,502.56
20506,108-VN-T30,FPQ-15692,SCMS-281650,ASN-32442,Vietnam,PMO - US,Direct Drop,EXW,Air,1/28/15,3/19/15,7-Jul-15,7-Jul-15,7-Jul-15,ARV,Adult,HETERO LABS LIMITED,"Tenofovir Disoproxil Fumarate 300mg, tablets, 30 Tabs",Tenofovir Disoproxil Fumarate,Generic,300mg,Tablet,30,17300,54495,3.15,0.1,Hetero Unit III Hyderabad IN,Yes,1320,2730.91,64.14
20512,107-RW-T30,FPQ-13853,SCMS-235960,ASN-27544,Rwanda,PMO - US,Direct Drop,EXW,Air,3/25/14,4/29/14,22-Aug-14,22-Aug-14,26-Aug-14,ARV,Pediatric,EMCURE PHARMACEUTICALS LTD,"Atazanavir 200mg, capsules, 60 Caps",Atazanavir,Generic,200mg,Capsule,60,1411,46563,33,0.55,"Emcure Plot No.P-2, I.T-B.T. Park, Phase II, MIDC, Hinjwadi, Pune, India",Yes,145,1950.74,47.87
20544,114-UG-T30,FPQ-15314,SCMS-264740,ASN-30492,Uganda,PMO - US,Direct Drop,EXW,Air,11/11/14,12/4/14,27-Feb-15,27-Feb-15,1-Mar-15,HRDT,HIV test,"Orgenics, Ltd","HIV 1/2, Determine Complete HIV Kit, 100 Tests","HIV 1/2, Determine Complete HIV Kit",Determine,N/A,Test kit,100,4872,389760,80,0.8,"Alere Medical Co., Ltd.",Yes,1978,16876.25,458.75
20558,101-CD-T30,FPQ-16001,SCMS-280220,ASN-32231,"Congo, DRC",PMO - US,Direct Drop,EXW,Air,3/10/15,3/17/15,23-Jul-15,23-Jul-15,29-Jul-15,HRDT,HIV test,"Orgenics, Ltd","HIV 1/2, Determine Complete HIV Kit, 100 Tests","HIV 1/2, Determine Complete HIV Kit",Determine,N/A,Test kit,100,100,8000,80,0.8,"Alere Medical Co., Ltd.",No,See ASN-32231 (ID#:13648),See ASN-32231 (ID#:13648),9.42
20560,105-GH-T30,FPQ-13872,SCMS-235810,ASN-27124,Ghana,PMO - US,Direct Drop,FCA,Air,3/24/14,4/23/14,6-Aug-14,6-Aug-14,15-Aug-14,ARV,Pediatric,ABBVIE LOGISTICS (FORMERLY ABBOTT LOGISTICS BV),"Lopinavir/Ritonavir 100/25mg [Aluvia], tablets, 60 Tabs",Lopinavir/Ritonavir,Generic,100/25mg,Tablet,60,448,2661.12,5.94,0.1,ABBVIE Ludwigshafen Germany,Yes,63,1317.82,2.74
20619,109-TZ-T30,FPQ-12197,SCMS-189361,ASN-21237,Tanzania,PMO - US,Direct Drop,EXW,Air,4/30/13,5/29/13,16-Sep-13,16-Sep-13,16-Sep-13,HRDT,HIV test,"Standard Diagnostics, Inc.","HIV 1/2, Determine Complete HIV Kit, 100 Tests","HIV 1/2, Determine Complete HIV Kit",Determine,N/A,Test kit,100,2500,200000,80,0.8,"Alere Medical Co., Ltd.",Yes,1036,17579.56,247.4
20623,116-ZA-T30,FPQ-14942,SCMS-259071,ASN-29597,South Africa,PMO - US,Direct Drop,DDP,Truck,9/11/14,11/28/14,28-Nov-14,28-Nov-14,28-Nov-14,ARV,Adult,PHARMACY DIRECT,"Tenofovir Disoproxil Fumarate 300mg, tablets, 30 Tabs",Tenofovir Disoproxil Fumarate,Generic,300mg,Tablet,30,121,1671.82,13.82,0.46,Mylan (formerly Matrix) Nashik,No,Weight Captured Separately,Freight Included in Commodity Cost,1.72
20631,111-MZ-T30,FPQ-14844,SCMS-260210,ASN-30569,Mozambique,PMO - US,Direct Drop,CIP,Air,8/27/14,10/30/14,16-Feb-15,16-Feb-15,12-Mar-15,ARV,Adult,JANSSEN SCIENCES IRELAND UC (FORMERLY JANSSEN R&D IRELAND),"Darunavir 600mg [Prezista], tablets, 60 Tabs",Darunavir,Prezista,600mg,Tablet,60,276,14904,54,0.9,"Janssen-Cilag, Latina, IT",Yes,Weight Captured Separately,Freight Included in Commodity Cost,15.32
20666,112-NG-T30,FPQ-4044,SCMS-51240,ASN-4829,Nigeria,PMO - US,Direct Drop,FCA,Air,8/4/09,8/12/09,16-Oct-09,16-Oct-09,16-Oct-09,ARV,Adult,ABBVIE LOGISTICS (FORMERLY ABBOTT LOGISTICS BV),"Lopinavir/Ritonavir 200/50mg [Aluvia], tablets, 120 Tabs",Lopinavir/Ritonavir,Aluvia,200/50mg,Tablet,120,500,18080,36.16,0.3,ABBVIE Ludwigshafen Germany,Yes,130,1599.22,35.44
20667,114-UG-T30,FPQ-12777,SCMS-202560,ASN-22986,Uganda,PMO - US,Direct Drop,EXW,Air,8/5/13,8/9/13,10-Dec-13,12-Dec-13,13-Dec-13,ARV,Pediatric,Aurobindo Pharma Limited,"Nevirapine 10mg/ml, oral suspension w/syringe, Bottle, 100 ml",Nevirapine,Generic,10mg/ml,Oral suspension,100,1503,1953.9,1.3,0.01,"Aurobindo Unit III, India",Yes,Weight Captured Separately,Invoiced Separately,2.42
20671,161-ZA-T30,FPQ-7175,SCMS-123590,ASN-13057,South Africa,PMO - US,Direct Drop,DDP,Ocean,3/10/11,9/30/11,16-Jan-12,23-Jan-12,23-Jan-12,ARV,Adult,Aurobindo Pharma Limited,"Efavirenz 600mg, tablets, 30 Tabs",Efavirenz,Generic,600mg,Tablet,30,91772,390948.72,4.26,0.14,"Aurobindo Unit III, India",Yes,7797,7292.27,645.07
20684,116-ZA-T30,FPQ-14942,SCMS-259072,ASN-30377,South Africa,PMO - US,Direct Drop,DDP,Truck,9/11/14,1/26/15,26-Jan-15,26-Jan-15,26-Jan-15,ARV,Adult,PHARMACY DIRECT,"Efavirenz 600mg, tablets, 30 Tabs",Efavirenz,Generic,600mg,Tablet,30,153,1724.15,11.27,0.38,"Aurobindo Unit III, India",No,Weight Captured Separately,Freight Included in Commodity Cost,1.77
20690,200-ZW-T30,FPQ-6488,SCMS-90651,ASN-10895,Zimbabwe,PMO - US,Direct Drop,FCA,Air,10/26/10,11/10/10,4-Aug-11,4-Aug-11,4-Aug-11,ARV,Pediatric,ABBVIE LOGISTICS (FORMERLY ABBOTT LOGISTICS BV),"Lopinavir/Ritonavir 80/20mg/ml [Kaletra], oral solution, cool, Bottle 5 x 60 ml",Lopinavir/Ritonavir,Kaletra,80/20mg/ml,Oral solution,300,1083,39161.28,36.16,0.12,ABBVIE (Abbott) Logis. UK,Yes,1042,17912.6,84.43
20697,108-VN-T30,FPQ-10286,SCMS-156130,ASN-17075,Vietnam,PMO - US,Direct Drop,EXW,Air,7/25/12,8/14/12,29-Nov-12,29-Nov-12,29-Nov-12,ARV,Pediatric,Aurobindo Pharma Limited,"Nevirapine 10mg/ml, oral suspension w/syringe, Bottle, 240 ml",Nevirapine,Generic,10mg/ml,Oral suspension,240,564,1099.8,1.95,0.01,"Aurobindo Unit III, India",Yes,5939,10770.55,1.54
20723,116-ZA-T30,FPQ-14942,SCMS-259072,ASN-30377,South Africa,PMO - US,Direct Drop,DDP,Truck,9/11/14,1/26/15,26-Jan-15,26-Jan-15,26-Jan-15,ARV,Adult,PHARMACY DIRECT,"Didanosine 400mg, delayed-release capsules, 30 Caps",Didanosine,Generic,400mg,Delayed-release capsules,30,7,99.53,14.22,0.47,"Aurobindo Unit III, India",No,Weight Captured Separately,Freight Included in Commodity Cost,0.1
20735,107-RW-T30,FPQ-8932,SCMS-129780,ASN-13341,Rwanda,PMO - US,Direct Drop,EXW,Ocean,12/6/11,12/13/11,13-Apr-12,13-Apr-12,13-Apr-12,ARV,Adult,Aurobindo Pharma Limited,"Lamivudine/Tenofovir Disoproxil Fumarate 300/300mg, tablets, 30 Tabs",Lamivudine/Tenofovir Disoproxil Fumarate,Generic,300/300mg,Tablet - FDC,30,132000,706200,5.35,0.18,"Aurobindo Unit VII, IN",Yes,12886,102761.99,990.09
20761,114-UG-T30,FPQ-14325,SCMS-244400,ASN-28662,Uganda,PMO - US,Direct Drop,CIP,Air,5/26/14,6/23/14,28-Oct-14,28-Oct-14,28-Oct-14,ARV,Adult,MERCK SHARP & DOHME IDEA GMBH (FORMALLY MERCK SHARP & DOHME B.V.),"Raltegravir 400mg [Isentress], tablets, 60 Tabs",Raltegravir,Isentress,400mg,Tablet,60,1299,72094.5,55.5,0.92,"MSD, Haarlem, NL",Yes,137,309.95,74.11
20774,116-ZA-T30,FPQ-14942,SCMS-259079,ASN-33852,South Africa,PMO - US,Direct Drop,DDP,Truck,9/11/14,10/9/14,24-Aug-15,24-Aug-15,24-Aug-15,ARV,Adult,PHARMACY DIRECT,"Lamivudine 150mg, tablets, 60 Tabs",Lamivudine,Generic,150mg,Tablet,60,119,839.15,7.05,0.12,"Aurobindo Unit III, India",No,Weight Captured Separately,Freight Included in Commodity Cost,0.86
20824,901-CM-T30,FPQ-12837,SCMS-204360,ASN-21528,Cameroon,PMO - US,Direct Drop,EXW,Air,8/19/13,8/23/13,26-Sep-13,26-Sep-13,26-Sep-13,ARV,Adult,CIPLA LIMITED,"Lamivudine/Zidovudine 150/300mg, tablets, 60 Tabs",Lamivudine/Zidovudine,Generic,150/300mg,Tablet - FDC,60,59,388.81,6.59,0.11,"Cipla, Goa, India",Yes,23,1067.02,0.48
20878,108-VN-T30,FPQ-6384,SCMS-87700,ASN-9709,Vietnam,PMO - US,Direct Drop,FCA,Air,9/30/10,10/14/10,24-Feb-11,24-Feb-11,24-Feb-11,ARV,Adult,ABBVIE LOGISTICS (FORMERLY ABBOTT LOGISTICS BV),"Ritonavir 100mg [Norvir], capsules, cool, 4 x 84 Caps",Ritonavir,Norvir,100mg,Capsule,336,12,2478.12,206.51,0.61,ABBVIE (Abbott) Logis. UK,Yes,51,4042.47,5.34
20883,109-TZ-T30,FPQ-6925,SCMS-97120,ASN-9973,Tanzania,PMO - US,Direct Drop,EXW,Air,12/27/10,2/2/11,16-May-11,16-May-11,16-May-11,HRDT,HIV test,"Standard Diagnostics, Inc.","HIV 1/2, Bioline 3.0 Kit, Lancets, Capillary pipets, Alcohol swabs included, 25 Tests","HIV 1/2, Bioline 3.0 Kit, Lancets, Capillary pipets, Alcohol swabs included",Bioline,N/A,Test kit,25,1520,30400,20,0.8,"Standard Diagnostics, Korea",Yes,507,4329.08,50.16
20894,106-HT-T30,FPQ-9066,SCMS-138580,ASN-14408,Haiti,PMO - US,Direct Drop,EXW,Air,1/6/12,2/24/12,22-Apr-12,22-Apr-12,22-Apr-12,ARV,Adult,Aurobindo Pharma Limited,"Lopinavir/Ritonavir 200/50mg, tablets, 120 Tabs",Lopinavir/Ritonavir,Generic,200/50mg,Tablet,120,5240,157200,30,0.25,"Aurobindo Unit III, India",No,See ASN-14408 (ID#:16232),See ASN-14408 (ID#:16232),220.39
20908,116-ZA-T30,FPQ-12522,SCMS-199289,ASN-28036,South Africa,PMO - US,Direct Drop,DDP,Truck,7/11/13,8/29/14,29-Aug-14,29-Aug-14,29-Aug-14,ARV,Pediatric,S. BUYS WHOLESALER,"Lamivudine 10mg/ml, oral solution w/syringe, Bottle, 240 ml",Lamivudine,Generic,10mg/ml,Oral solution,240,43,339.26,7.89,0.03,"Aurobindo Unit III, India",No,Weight Captured Separately,Freight Included in Commodity Cost,0.42
20947,116-ZA-T30,FPQ-14942,SCMS-259073,ASN-30671,South Africa,PMO - US,Direct Drop,DDP,Truck,9/11/14,2/12/15,12-Feb-15,12-Feb-15,12-Feb-15,ARV,Adult,PHARMACY DIRECT,"Tenofovir Disoproxil Fumarate 300mg, tablets, 30 Tabs",Tenofovir Disoproxil Fumarate,Generic,300mg,Tablet,30,135,1865,13.81,0.46,Mylan (formerly Matrix) Nashik,No,Weight Captured Separately,Freight Included in Commodity Cost,1.92
20952,116-ZA-T30,FPQ-13973,SCMS-238556,ASN-31854,South Africa,PMO - US,Direct Drop,DDP,Truck,4/30/14,4/28/15,28-Apr-15,28-Apr-15,28-Apr-15,ARV,Adult,PHARMACY DIRECT,"Didanosine 400mg, delayed-release capsules, 30 Caps",Didanosine,Generic,400mg,Delayed-release capsules,30,4,78.7,19.68,0.66,"Aurobindo Unit III, India",Yes,Weight Captured Separately,Freight Included in Commodity Cost,0.08
20961,108-VN-T30,FPQ-11560,SCMS-177620,ASN-20368,Vietnam,PMO - US,Direct Drop,EXW,Air,2/7/13,2/13/13,1-Aug-13,1-Aug-13,1-Aug-13,ARV,Adult,MYLAN LABORATORIES LTD (FORMERLY MATRIX LABORATORIES),"Efavirenz/Lamivudine/Tenofovir Disoproxil Fumarate 600/300/300mg, tablets, 30 Tabs",Efavirenz/Lamivudine/Tenofovir Disoproxil Fumarate,Generic,600/300/300mg,Tablet - FDC,30,27122,311631.78,11.49,0.38,Mylan (formerly Matrix) Nashik,Yes,2843,9740.27,385.49
20969,107-RW-T30,FPQ-13874,SCMS-232310,ASN-25925,Rwanda,PMO - US,Direct Drop,EXW,Air,3/12/14,4/3/14,28-Apr-14,16-Jun-14,17-Jun-14,HRDT,HIV test,"SHANGHAI KEHUA BIOENGINEERING CO.,LTD.  (KHB)","HIV 1/2, SKB Colloidal Gold, Diagnostic Kit, Antibody, 50 Tests","HIV 1/2, Colloidal Gold, Diagnostic Kit, Antibody",Colloidal Gold,N/A,Test kit,1,4156,101822,24.5,24.5,"KHB Test Kit Facility, Shanghai China",Yes,2771,36502.8,104.67
20975,116-ZA-T30,FPQ-12522,SCMS-199283,ASN-27975,South Africa,PMO - US,Direct Drop,DDP,Truck,7/11/13,8/27/14,27-Aug-14,27-Aug-14,27-Aug-14,ARV,Adult,S. BUYS WHOLESALER,"Tenofovir Disoproxil Fumarate 300mg, tablets, 30 Tabs",Tenofovir Disoproxil Fumarate,Generic,300mg,Tablet,30,1,22.6,22.6,0.75,"Aurobindo Unit III, India",Yes,Weight Captured Separately,Freight Included in Commodity Cost,0.03
21000,106-HT-T30,FPQ-14083,SCMS-240120,ASN-26692,Haiti,PMO - US,Direct Drop,FCA,Air,5/11/14,5/28/14,9-Sep-14,9-Sep-14,10-Sep-14,ARV,Pediatric,ABBVIE LOGISTICS (FORMERLY ABBOTT LOGISTICS BV),"Lopinavir/Ritonavir 100/25mg [Aluvia], tablets, 60 Tabs",Lopinavir/Ritonavir,Generic,100/25mg,Tablet,60,520,3088.8,5.94,0.1,ABBVIE Ludwigshafen Germany,Yes,65,892.5,3.18
21028,116-ZA-T30,FPQ-12522,SCMS-199289,ASN-28037,South Africa,PMO - US,Direct Drop,DDP,Truck,7/11/13,8/29/14,29-Aug-14,29-Aug-14,29-Aug-14,ARV,Adult,S. BUYS WHOLESALER,"Didanosine 400mg, delayed-release capsules, 30 Caps",Didanosine,Generic,400mg,Delayed-release capsules,30,23,499.23,21.71,0.72,"Aurobindo Unit III, India",No,Weight Captured Separately,Freight Included in Commodity Cost,0.62
21033,110-ZM-T30,FPQ-13224,SCMS-215200,ASN-23390,Zambia,PMO - US,Direct Drop,FCA,Air,10/31/13,11/19/13,7-Feb-14,7-Feb-14,13-Feb-14,ARV,Pediatric,ABBVIE LOGISTICS (FORMERLY ABBOTT LOGISTICS BV),"Lopinavir/Ritonavir 80/20mg/ml [Kaletra], oral solution, cool, Bottle 5 x 60 ml",Lopinavir/Ritonavir,Kaletra,80/20mg/ml,Oral solution,300,2569,79176.58,30.82,0.1,ABBVIE (Abbott) Logis. UK,Yes,2410,14384.91,81.39
21037,114-UG-T30,FPQ-6918,SCMS-96930,ASN-10455,Uganda,PMO - US,Direct Drop,CIP,Air,1/6/11,1/21/11,19-Apr-11,19-Apr-11,19-Apr-11,ARV,Adult,MERCK SHARP & DOHME IDEA GMBH (FORMALLY MERCK SHARP & DOHME B.V.),"Raltegravir 400mg [Isentress], tablets, 60 Tabs",Raltegravir,Isentress,400mg,Tablet,60,55,5032.5,91.5,1.52,"MSD, Haarlem, NL",Yes,6,99,8.3
21044,108-VN-T30,FPQ-12539,SCMS-199800,ASN-22999,Vietnam,PMO - US,Direct Drop,EXW,Air,7/11/13,8/2/13,23-Dec-13,23-Dec-13,23-Dec-13,ARV,Adult,MYLAN LABORATORIES LTD (FORMERLY MATRIX LABORATORIES),"Lamivudine/Zidovudine 150/300mg, tablets, 60 Tabs",Lamivudine/Zidovudine,Generic,150/300mg,Tablet - FDC,60,1652,10721.48,6.49,0.11,Mylan (formerly Matrix) Nashik,Yes,146,746.89,13.26
21045,107-RW-T30,FPQ-12518,SCMS-198222,ASN-24718,Rwanda,PMO - US,Direct Drop,EXW,Air,6/21/13,8/12/13,27-Mar-14,27-Mar-14,27-Mar-14,HRDT,HIV test,"SHANGHAI KEHUA BIOENGINEERING CO.,LTD.  (KHB)","HIV 1/2, SKB Colloidal Gold, Diagnostic Kit, Antibody, 50 Tests","HIV 1/2, Colloidal Gold, Diagnostic Kit, Antibody",Colloidal Gold,N/A,Test kit,1,2988,73206,24.5,24.5,"KHB Test Kit Facility, Shanghai China",Yes,1992,26266.34,90.56
21061,111-MZ-T30,FPQ-4108,SCMS-52430,ASN-5474,Mozambique,PMO - US,Direct Drop,FCA,Air,8/20/09,9/3/09,23-Nov-09,23-Nov-09,23-Nov-09,ARV,Adult,Hoffmann-La Roche ltd Basel,"Saquinavir 200mg [Invirase], capsules, 270 Caps",Saquinavir,Invirase,200mg,Capsule,270,168,15864.66,94.43,0.35,Roche Basel,Yes,86,1242.33,31.09
21076,101-KE-T30,FPQ-11883,SCMS-184970,ASN-20150,Kenya,PMO - US,Direct Drop,EXW,Air,3/25/13,5/15/13,5-Aug-13,5-Aug-13,5-Aug-13,HRDT,HIV test,Premier Medical Corporation Ltd.,"HIV 1/2/O, First Response HIV 1-2.0, v.3.0 Cards Kit, 30 Tests","HIV 1/2/O, First Response HIV 1-2.0, v.3.0 Cards Kit",First Response,N/A,Test kit,30,6667,146674,22,0.73,Premier Med. Corp Ltd. India,Yes,2020,10682.41,181.44
21091,106-HT-T30,FPQ-9635,SCMS-148440,ASN-15571,Haiti,PMO - US,Direct Drop,EXW,Ocean,5/14/12,6/28/12,22-Oct-12,22-Oct-12,22-Oct-12,ARV,Pediatric,MYLAN LABORATORIES LTD (FORMERLY MATRIX LABORATORIES),"Lamivudine/Nevirapine/Zidovudine 30/50/60mg, dispersible tablets, 60 Tabs",Lamivudine/Nevirapine/Zidovudine,Generic,30/50/60mg,Chewable/dispersible tablet - FDC,60,5324,22094.6,4.15,0.07,Mylan (formerly Matrix) Nashik,Yes,4654,8538.03,30.98
21092,161-ZA-T30,FPQ-5303,SCMS-68940,ASN-8040,South Africa,PMO - US,Direct Drop,DDP,Air,3/18/10,3/19/10,7-Sep-10,15-Oct-10,15-Oct-10,ARV,Adult,Aurobindo Pharma Limited,"Efavirenz 600mg, tablets, 30 Tabs",Efavirenz,Generic,600mg,Tablet,30,34560,161395.2,4.67,0.16,"Aurobindo Unit III, India",Yes,3240,4263.07,347.97
21096,900-SS-T30,FPQ-8611,SCMS-127510,ASN-13212,South Sudan,PMO - US,Direct Drop,EXW,Air,11/4/11,11/16/11,8-Feb-12,8-Feb-12,8-Feb-12,HRDT,HIV test,"Orgenics, Ltd","HIV 1/2, Determine Complete HIV Kit, 100 Tests","HIV 1/2, Determine Complete HIV Kit",Determine,N/A,Test kit,100,470,41830,89,0.89,"Alere Medical Co., Ltd.",Yes,244,7428.38,58.65
21125,109-TZ-T30,FPQ-6728,SCMS-94240,ASN-9436,Tanzania,PMO - US,Direct Drop,EXW,Air,12/2/10,12/9/10,10-Mar-11,10-Mar-11,10-Mar-11,ARV,Pediatric,EMCURE PHARMACEUTICALS LTD,"Atazanavir 150mg, capsules, 60 Caps",Atazanavir,Generic,150mg,Capsule,60,1135,29612.15,26.09,0.43,"Emcure Plot No.P-2, I.T-B.T. Park, Phase II, MIDC, Hinjwadi, Pune, India",Yes,103,1308.4,48.86
21143,202-GT-T30,FPQ-6944,SCMS-98040,ASN-12152,Guatemala,PMO - US,Direct Drop,DDU,Air,1/17/11,1/25/11,12-Sep-11,12-Sep-11,12-Sep-11,ARV,Pediatric,IDIS LIMITED,"Didanosine 50mg [Videx], chewable tablets, 60 Tabs",Didanosine,Videx,50mg,Chewable/dispersible tablet,60,192,14519.04,75.62,1.26,"BMS Meymac, France",Yes,Weight Captured Separately,Freight Included in Commodity Cost,23.96
21147,133-NG-T30,FPQ-5815,SCMS-77240,ASN-7561,Nigeria,PMO - US,Direct Drop,EXW,Air,6/7/10,6/28/10,22-Jul-10,22-Jul-10,22-Jul-10,HRDT,HIV test,"Trinity Biotech, Plc","HIV 1/2, Uni-Gold HIV Kit, 20 Tests","HIV 1/2, Uni-Gold HIV Kit",Uni-Gold,N/A,Test kit,20,7000,224000,32,1.6,"Trinity Biotech, Plc",Yes,2373,29878.21,482.94
21174,104-CI-T30,FPQ-3882,SCMS-51810,ASN-4979,Côte d'Ivoire,PMO - US,Direct Drop,FCA,Air,7/24/09,8/24/09,8-Oct-09,8-Oct-09,8-Oct-09,ARV,Adult,ABBVIE LOGISTICS (FORMERLY ABBOTT LOGISTICS BV),"Lopinavir/Ritonavir 200/50mg [Aluvia], tablets, 120 Tabs",Lopinavir/Ritonavir,Aluvia,200/50mg,Tablet,120,11480,415116.8,36.16,0.3,ABBVIE Ludwigshafen Germany,Yes,4794,28238.31,813.63
21175,116-ZA-T30,FPQ-13214,SCMS-215410,ASN-23875,South Africa,PMO - US,Direct Drop,DDP,Truck,11/14/13,12/2/13,13-Jan-14,13-Jan-14,13-Jan-14,ARV,Adult,S. BUYS WHOLESALER,"Tenofovir Disoproxil Fumarate 300mg, tablets, 30 Tabs",Tenofovir Disoproxil Fumarate,Generic,300mg,Tablet,30,1485,27749.02,18.69,0.62,Hetero Unit III Hyderabad IN,No,Weight Captured Separately,Freight Included in Commodity Cost,28.53
21193,127-KE-T30,FPQ-7684,SCMS-109250,ASN-11441,Kenya,PMO - US,Direct Drop,EXW,Air,5/5/11,5/19/11,9-Aug-11,11-Aug-11,11-Aug-11,HRDT,HIV test,"Orgenics, Ltd","HIV 1/2, Determine Complete HIV Kit, 100 Tests","HIV 1/2, Determine Complete HIV Kit",Determine,N/A,Test kit,100,8331,741459,89,0.89,Inverness Japan,Yes,1980,37548.87,1223.41
21199,106-HT-T30,FPQ-13797,SCMS-233920,ASN-27200,Haiti,PMO - US,Direct Drop,FCA,Air,3/20/14,4/28/14,29-Aug-14,29-Aug-14,3-Sep-14,ARV,Pediatric,ABBVIE LOGISTICS (FORMERLY ABBOTT LOGISTICS BV),"Lopinavir/Ritonavir 80/20mg/ml [Kaletra], oral solution, cool, Bottle 5 x 60 ml",Lopinavir/Ritonavir,Kaletra,80/20mg/ml,Oral solution,300,40,1232.8,30.82,0.1,ABBVIE (Abbott) Logis. UK,Yes,61,1257.16,1.27
21217,109-TZ-T30,FPQ-13927,SCMS-232850,ASN-25559,Tanzania,PMO - US,Direct Drop,EXW,Air,3/21/14,3/27/14,24-Jun-14,24-Jun-14,24-Jun-14,ARV,Pediatric,MYLAN LABORATORIES LTD (FORMERLY MATRIX LABORATORIES),"Lamivudine/Nevirapine/Zidovudine 30/50/60mg, dispersible tablets, 60 Tabs",Lamivudine/Nevirapine/Zidovudine,Generic,30/50/60mg,Chewable/dispersible tablet - FDC,60,36000,129600,3.6,0.06,Mylan (formerly Matrix) Nashik,Yes,2205,9815.52,133.23
21230,109-TZ-T30,FPQ-12286,SCMS-193860,ASN-21926,Tanzania,PMO - US,Direct Drop,EXW,Air,5/16/13,6/11/13,21-Nov-13,21-Nov-13,21-Nov-13,ARV,Adult,HETERO LABS LIMITED,"Efavirenz/Lamivudine/Tenofovir Disoproxil Fumarate 600/300/300mg, tablets, 30 Tabs",Efavirenz/Lamivudine/Tenofovir Disoproxil Fumarate,Generic,600/300/300mg,Tablet - FDC,30,200000,2100000,10.5,0.35,Hetero Unit III Hyderabad IN,Yes,28168,127285.48,2597.7
21276,161-ZA-T30,FPQ-6708,SCMS-93490,ASN-10251,South Africa,PMO - US,Direct Drop,DDP,Ocean,11/26/10,12/14/10,4-Apr-11,27-May-11,27-May-11,ARV,Pediatric,Aurobindo Pharma Limited,"Nevirapine 10mg/ml, oral suspension w/syringe, Bottle, 240 ml",Nevirapine,Generic,10mg/ml,Oral suspension,240,4529,9601.48,2.12,0.01,"Aurobindo Unit III, India",Yes,1679,3524.93,15.84
21279,101-CD-T30,FPQ-11103,SCMS-170580,ASN-18701,"Congo, DRC",PMO - US,Direct Drop,EXW,Air,12/7/12,1/3/13,11-Jul-13,11-Jul-13,11-Jul-13,ARV,Pediatric,Aurobindo Pharma Limited,"Nevirapine 50mg, dispersible tablets (tablets for oral suspension), 30 Tabs",Nevirapine,Generic,50mg,Chewable/dispersible tablet,30,984,1230,1.25,0.04,"Aurobindo Unit III, India",Yes,53,938.05,1.52
21301,109-TZ-T30,FPQ-5437,SCMS-71420,ASN-7131,Tanzania,PMO - US,Direct Drop,EXW,Air,4/15/10,4/23/10,2-Aug-10,2-Aug-10,2-Aug-10,ARV,Pediatric,EMCURE PHARMACEUTICALS LTD,"Atazanavir 150mg, capsules, 60 Caps",Atazanavir,Generic,150mg,Capsule,60,1065,27785.85,26.09,0.43,"Emcure Plot No.P-2, I.T-B.T. Park, Phase II, MIDC, Hinjwadi, Pune, India",Yes,112,1122.07,59.91
21336,116-ZA-T30,FPQ-5535,SCMS-71370,ASN-7373,South Africa,PMO - US,Direct Drop,DDP,Truck,4/19/10,4/21/10,31-May-10,31-May-10,31-May-10,ARV,Adult,S. BUYS WHOLESALER,"Efavirenz 600mg, tablets, 30 Tabs",Efavirenz,Generic,600mg,Tablet,30,1500,29714.49,19.81,0.66,"Cipla, Goa, India",No,Weight Captured Separately,Freight Included in Commodity Cost,64.06
21338,116-ZA-T30,FPQ-11828,SCMS-183950,ASN-19166,South Africa,South Africa Field Office,Direct Drop,DDP,Truck,3/18/13,Date Not Captured,16-Apr-13,16-Apr-13,16-Apr-13,ARV,Adult,S. BUYS WHOLESALER,"Lamivudine/Zidovudine 150/300mg [Combivir], tablets, 60 Tabs",Lamivudine/Zidovudine,Combivir,150/300mg,Tablet - FDC,60,39,746.32,19.14,0.32,"GSK, U1, Poznan, Poland",No,Weight Captured Separately,Freight Included in Commodity Cost,0.92
21378,114-UG-T30,FPQ-12777,SCMS-202560,ASN-22985,Uganda,PMO - US,Direct Drop,EXW,Air,8/5/13,8/9/13,10-Dec-13,12-Dec-13,13-Dec-13,ARV,Pediatric,Aurobindo Pharma Limited,"Nevirapine 10mg/ml, oral suspension w/syringe, Bottle, 100 ml",Nevirapine,Generic,10mg/ml,Oral suspension,100,10368,13478.4,1.3,0.01,"Aurobindo Unit III, India",Yes,Weight Captured Separately,Invoiced Separately,16.67
21380,110-ZM-T30,FPQ-6263,SCMS-87290,ASN-9000,Zambia,PMO - US,Direct Drop,EXW,Air,9/8/10,10/7/10,17-Dec-10,21-Dec-10,21-Dec-10,HRDT,HIV test,"Orgenics, Ltd","HIV 1/2, Determine Complete HIV Kit, 100 Tests","HIV 1/2, Determine Complete HIV Kit",Determine,N/A,Test kit,100,2415,193200,80,0.8,Inverness Japan,Yes,1167,19610.11,416.54
21390,108-VN-T30,FPQ-14516,SCMS-251671,ASN-29771,Vietnam,PMO - US,Direct Drop,EXW,Air,7/9/14,11/24/14,15-Jan-15,15-Jan-15,24-Feb-15,ARV,Adult,MYLAN LABORATORIES LTD (FORMERLY MATRIX LABORATORIES),"Abacavir 300mg, tablets, 60 Tabs",Abacavir,Generic,300mg,Tablet,60,1200,13308,11.09,0.18,Mylan (formerly Matrix) Nashik,Yes,128,1069.31,13.68
21399,116-ZA-T30,FPQ-14942,SCMS-259072,ASN-30377,South Africa,PMO - US,Direct Drop,DDP,Truck,9/11/14,1/26/15,26-Jan-15,26-Jan-15,26-Jan-15,ARV,Adult,PHARMACY DIRECT,"Lamivudine 150mg, tablets, 60 Tabs",Lamivudine,Generic,150mg,Tablet,60,191,1261.81,6.61,0.11,"Aurobindo Unit III, India",No,Weight Captured Separately,Freight Included in Commodity Cost,1.3
21414,114-UG-T30,FPQ-12477,SCMS-198541,ASN-22494,Uganda,PMO - US,Direct Drop,EXW,Air,7/8/13,9/10/13,16-Nov-13,16-Nov-13,21-Nov-13,ARV,Adult,CIPLA LIMITED,"Lamivudine/Nevirapine/Zidovudine 150/200/300mg, tablets, 60 Tabs",Lamivudine/Nevirapine/Zidovudine,Generic,150/300/200mg,Tablet - FDC,60,60929,493524.9,8.1,0.13,"Cipla, Goa, India",Yes,8638,30764.18,610.49
21469,105-SS-T30,FPQ-15569,SCMS-272170,ASN-32106,South Sudan,PMO - US,Direct Drop,EXW,Air,12/29/14,2/20/15,2-Jul-15,7-Jul-15,7-Jul-15,HRDT,HIV test - Ancillary,"Orgenics, Ltd","Chase Buffer, Determine, 100 Tests, 2.5ml x 1 Vial","Chase Buffer, Determine, 100 Tests, 2.5ml x 1 Vial",Determine,N/A,Test kit - Ancillary,1,20,100,5,5,"Alere Medical Co., Ltd.",No,See ASN-32106 (ID#:19172),See ASN-32106 (ID#:19172),0.12
21478,116-ZA-T30,FPQ-13973,SCMS-238551,ASN-26882,South Africa,PMO - US,Direct Drop,DDP,Truck,4/30/14,6/25/14,25-Jun-14,25-Jun-14,25-Jun-14,ARV,Pediatric,PHARMACY DIRECT,"Abacavir 20mg/ml, oral solution, Bottle, 240 ml",Abacavir,Generic,20mg/ml,Oral solution,240,24,588.25,24.51,0.1,"Aurobindo Unit III, India",Yes,Weight Captured Separately,Freight Included in Commodity Cost,0.6
21480,108-VN-T30,FPQ-13976,SCMS-236060,ASN-27813,Vietnam,PMO - US,Direct Drop,EXW,Air,4/8/14,4/30/14,22-Sep-14,15-Sep-14,17-Sep-14,ARV,Adult,HETERO LABS LIMITED,"Efavirenz/Lamivudine/Tenofovir Disoproxil Fumarate 600/300/300mg, tablets, 30 Tabs",Efavirenz/Lamivudine/Tenofovir Disoproxil Fumarate,Generic,600/300/300mg,Tablet - FDC,30,14780,155190,10.5,0.35,Hetero Unit III Hyderabad IN,Yes,1671,2718.03,159.54
21491,114-UG-T30,FPQ-11098,SCMS-171680,ASN-18883,Uganda,PMO - US,Direct Drop,EXW,Air,12/13/12,1/2/13,29-Apr-13,29-Apr-13,29-Apr-13,HRDT,HIV test,"Orgenics, Ltd","HIV 1/2, Determine Complete HIV Kit, 100 Tests","HIV 1/2, Determine Complete HIV Kit",Determine,N/A,Test kit,100,2957,236560,80,0.8,"Alere Medical Co., Ltd.",Yes,1313,31917.19,292.62
21493,102-BI-T30,FPQ-12580,SCMS-199580,ASN-21349,Burundi,PMO - US,Direct Drop,EXW,Air,7/9/13,7/31/13,20-Sep-13,20-Sep-13,20-Sep-13,HRDT,HIV test,"CHEMBIO DIAGNOSTIC SYSTEMS, INC.","HIV 1/2, Stat-Pak Dipstick Assay Kit, 30 Tests","HIV 1/2, Stat-Pak Dipstick Assay Kit",Stat-Pak,N/A,Test kit,30,1249,34472.4,27.6,0.92,Chembio Diagnostics Sys. Inc.,Yes,145,1682.15,42.64
21525,116-ZA-T30,FPQ-13973,SCMS-238553,ASN-28021,South Africa,PMO - US,Direct Drop,DDP,Truck,4/30/14,8/28/14,28-Aug-14,28-Aug-14,28-Aug-14,ARV,Pediatric,PHARMACY DIRECT,"Abacavir 20mg/ml, oral solution, Bottle, 240 ml",Abacavir,Generic,20mg/ml,Oral solution,240,60,1470.62,24.51,0.1,"Aurobindo Unit III, India",No,Weight Captured Separately,Freight Included in Commodity Cost,1.51
21536,110-PK-T30,FPQ-9896,SCMS-149790,ASN-23519,Pakistan,PMO - US,Direct Drop,EXW,Air,5/18/12,7/9/12,17-Mar-14,17-Mar-14,17-Mar-14,HRDT,HIV test,INVERNESS MEDICAL INNOVATIONS HONG KONG LTD,"HIV 1/2, Determine Complete HIV Kit, 100 Tests","HIV 1/2, Determine Complete HIV Kit",Determine,N/A,Test kit,100,4484,358720,80,0.8,"Alere Medical Co., Ltd.",Yes,1744,19489.83,502.93
21540,116-ZA-T30,FPQ-12522,SCMS-199289,ASN-28036,South Africa,PMO - US,Direct Drop,DDP,Truck,7/11/13,8/29/14,29-Aug-14,29-Aug-14,29-Aug-14,ARV,Adult,S. BUYS WHOLESALER,"Zidovudine 300mg, tablets, 60 Tabs",Zidovudine,Generic,300mg,Tablet,60,17,460.89,27.11,0.45,"Aurobindo Unit III, India",No,Weight Captured Separately,Freight Included in Commodity Cost,0.57
21556,108-VN-T30,FPQ-11418,SCMS-176180,ASN-19098,Vietnam,PMO - US,Direct Drop,EXW,Air,1/29/13,2/5/13,22-May-13,22-May-13,22-May-13,ARV,Pediatric,Aurobindo Pharma Limited,"Nevirapine 10mg/ml, oral suspension w/syringe, Bottle, 240 ml",Nevirapine,Generic,10mg/ml,Oral suspension,240,837,1548.45,1.85,0.01,"Aurobindo Unit III, India",Yes,526,6368.02,1.92
21557,103-ZW-T30,FPQ-9905,SCMS-149110,ASN-18802,Zimbabwe,PMO - US,Direct Drop,FCA,Air,5/29/12,7/18/12,25-Apr-13,25-Apr-13,25-Apr-13,ARV,Pediatric,ABBVIE LOGISTICS (FORMERLY ABBOTT LOGISTICS BV),"Lopinavir/Ritonavir 80/20mg/ml [Kaletra], oral solution, cool, Bottle 5 x 60 ml",Lopinavir/Ritonavir,Kaletra,80/20mg/ml,Oral solution,300,846,26073.72,30.82,0.1,ABBVIE (Abbott) Logis. UK,Yes,798,9299.26,36.56
21563,109-TZ-T30,FPQ-13927,SCMS-233190,ASN-25567,Tanzania,PMO - US,Direct Drop,EXW,Ocean,3/21/14,3/31/14,27-May-14,27-May-14,12-Jun-14,ARV,Pediatric,MYLAN LABORATORIES LTD (FORMERLY MATRIX LABORATORIES),"Lamivudine/Nevirapine/Zidovudine 30/50/60mg, dispersible tablets, 60 Tabs",Lamivudine/Nevirapine/Zidovudine,Generic,30/50/60mg,Chewable/dispersible tablet - FDC,60,115000,414000,3.6,0.06,Mylan (formerly Matrix) Nashik,Yes,10504,28270.78,425.59
21568,104-CI-T30,FPQ-7325,SCMS-106580,ASN-11773,Côte d'Ivoire,PMO - US,Direct Drop,EXW,Air,3/9/11,5/5/11,12-Sep-11,12-Sep-11,12-Sep-11,HRDT,HIV test,"Standard Diagnostics, Inc.","HIV 1/2, Bioline 3.0 Kit, Lancets, Capillary pipets, Alcohol swabs included, 25 Tests","HIV 1/2, Bioline 3.0 Kit, Lancets, Capillary pipets, Alcohol swabs included",Bioline,N/A,Test kit,25,1209,24180,20,0.8,"Standard Diagnostics, Korea",Yes,403,5639.42,39.9
21573,101-CD-T30,FPQ-13548,SCMS-224850,ASN-25795,"Congo, DRC",PMO - US,Direct Drop,DDP,Truck,1/22/14,1/30/14,7-Apr-14,7-Apr-14,23-Apr-14,HRDT,HIV test - Ancillary,WAGENIA,"Chase Buffer, Determine, 100 Tests, 2.5ml x 1 Vial","Chase Buffer, Determine, 100 Tests, 2.5ml x 1 Vial",Determine,N/A,Test kit - Ancillary,1,2500,18775,7.51,7.51,"Alere Medical Co., Ltd.",Yes,Weight Captured Separately,Freight Included in Commodity Cost,19.3
21576,108-VN-T30,FPQ-14516,SCMS-249140,ASN-29592,Vietnam,PMO - US,Direct Drop,FCA,Air,7/9/14,8/11/14,16-Jan-15,16-Jan-15,17-Jan-15,ARV,Adult,ABBVIE LOGISTICS (FORMERLY ABBOTT LOGISTICS BV),"Lopinavir/Ritonavir 200/50mg [Aluvia], tablets, 120 Tabs",Lopinavir/Ritonavir,Aluvia,200/50mg,Tablet,120,5600,340592,60.82,0.51,ABBVIE Ludwigshafen Germany,Yes,1368,4489.32,350.13
21590,104-CI-T30,FPQ-6024,SCMS-80900,ASN-8019,Côte d'Ivoire,PMO - US,Direct Drop,CIP,Air,7/19/10,8/2/10,8-Sep-10,8-Sep-10,8-Sep-10,ARV,Pediatric,BRISTOL-MYERS SQUIBB,"Didanosine 25mg [Videx], chewable tablets, 60 Tabs",Didanosine,Videx,25mg,Chewable/dispersible tablet,60,415,2905,7,0.12,"BMS Meymac, France",No,See ASN-8019 (ID#:14694),See ASN-8019 (ID#:14694),6.26
21606,161-ZA-T30,FPQ-6708,SCMS-93490,ASN-10129,South Africa,PMO - US,Direct Drop,DDP,Ocean,11/26/10,12/14/10,4-Apr-11,4-Apr-11,4-Apr-11,ARV,Pediatric,Aurobindo Pharma Limited,"Nevirapine 10mg/ml, oral suspension w/syringe, Bottle, 240 ml",Nevirapine,Generic,10mg/ml,Oral suspension,240,3971,8418.52,2.12,0.01,"Aurobindo Unit III, India",Yes,1472,3524.95,13.89
21656,110-ZM-T30,FPQ-14151,SCMS-240080,ASN-26468,Zambia,PMO - US,Direct Drop,EXW,Air,4/30/14,5/21/14,20-Jul-14,20-Jul-14,1-Aug-14,ARV,Adult,Aurobindo Pharma Limited,"Nevirapine 200mg, tablets, 60 Tabs",Nevirapine,Generic,200mg,Tablet,60,42813,96329.25,2.25,0.04,"Aurobindo Unit III, India",Yes,4369,22508.32,99.03
21666,108-VN-T30,FPQ-16194,SCMS-285450,ASN-33290,Vietnam,PMO - US,Direct Drop,EXW,Air,4/14/15,5/11/15,7-Sep-15,7-Sep-15,7-Sep-15,ARV,Adult,Aurobindo Pharma Limited,"Efavirenz 600mg, tablets, 30 Tabs",Efavirenz,Generic,600mg,Tablet,30,5000,16500,3.3,0.11,"Aurobindo Unit III, India",Yes,Weight Captured Separately,Invoiced Separately,19.42
21674,108-VN-T30,FPQ-8428,SCMS-123600,ASN-13410,Vietnam,PMO - US,Direct Drop,EXW,Air,9/21/11,10/4/11,18-Feb-12,18-Feb-12,18-Feb-12,ARV,Adult,Aurobindo Pharma Limited,"Lamivudine/Zidovudine 150/300mg, tablets, 60 Tabs",Lamivudine/Zidovudine,Generic,150/300mg,Tablet - FDC,60,15211,120927.45,7.95,0.13,"Aurobindo Unit III, India",No,See ASN-13410 (ID#:16901),See ASN-13410 (ID#:16901),199.53
21705,108-VN-T30,FPQ-10811,SCMS-164570,ASN-18408,Vietnam,PMO - US,Direct Drop,EXW,Air,10/15/12,11/7/12,18-Mar-13,18-Mar-13,18-Mar-13,ARV,Adult,MYLAN LABORATORIES LTD (FORMERLY MATRIX LABORATORIES),"Efavirenz/Lamivudine/Tenofovir Disoproxil Fumarate 600/300/300mg, tablets, 30 Tabs",Efavirenz/Lamivudine/Tenofovir Disoproxil Fumarate,Generic,600/300/300mg,Tablet - FDC,30,23389,268739.61,11.49,0.38,Mylan (formerly Matrix) Nashik,Yes,2741,4802.92,332.43
21706,901-CM-T30,FPQ-12837,SCMS-204360,ASN-21530,Cameroon,PMO - US,Direct Drop,EXW,Air,8/19/13,8/23/13,26-Sep-13,26-Sep-13,26-Sep-13,ARV,Adult,CIPLA LIMITED,"Lamivudine/Zidovudine 150/300mg, tablets, 60 Tabs",Lamivudine/Zidovudine,Generic,150/300mg,Tablet - FDC,60,47268,311496.12,6.59,0.11,"Cipla, Goa, India",Yes,4549,36166.79,385.32
21742,102-GY-T30,FPQ-6501,SCMS-89530,ASN-8827,Guyana,PMO - US,Direct Drop,EXW,Air,10/8/10,10/27/10,19-Nov-10,19-Nov-10,19-Nov-10,HRDT,HIV test,"CHEMBIO DIAGNOSTIC SYSTEMS, INC.","HIV 1/2, Stat-Pak HIV, Kit, 20 Tests","HIV 1/2, Stat-Pak HIV, Kit",Stat-Pak,N/A,Test kit,20,40,1080,27,1.35,Chembio Diagnostics Sys. Inc.,Yes,14,269.98,1.78
21752,108-VN-T30,FPQ-5317,SCMS-69250,ASN-7661,Vietnam,PMO - US,Direct Drop,EXW,Air,3/22/10,3/25/10,13-Aug-10,13-Aug-10,13-Aug-10,ARV,Adult,Aurobindo Pharma Limited,"Didanosine 250mg, delayed-release capsules, 30 Caps",Didanosine,Generic,250mg,Delayed-release capsules,30,252,3276,13,0.43,"Aurobindo Unit III, India",Yes,1553,13320.8,7.06
21755,116-ZA-T30,FPQ-13973,SCMS-238555,ASN-29255,South Africa,PMO - US,Direct Drop,DDP,Truck,4/30/14,11/4/14,5-Nov-14,5-Nov-14,5-Nov-14,ARV,Adult,PHARMACY DIRECT,"Etravirine 100mg [Intelence], tablets, 120 Tabs",Etravirine,Intelence,100mg,Tablet,120,12,424.25,35.35,0.29,"Janssen-Cilag, Latina, IT",No,Weight Captured Separately,Freight Included in Commodity Cost,0.44
21795,108-VN-T30,FPQ-4720,SCMS-62480,ASN-6191,Vietnam,PMO - US,Direct Drop,EXW,Air,1/4/09,1/12/10,13-Mar-10,13-Mar-10,13-Mar-10,ARV,Adult,CIPLA LIMITED,"Lamivudine/Nevirapine/Stavudine 150/200/30mg, tablets, 60 Tabs",Lamivudine/Nevirapine/Stavudine,Generic,150/200/30mg,Tablet - FDC,60,15040,86329.6,5.74,0.1,"Cipla, Goa, India",Yes,1481,6390.83,186.13
21825,114-UG-T30,FPQ-12290,SCMS-192060,ASN-22498,Uganda,PMO - US,Direct Drop,FCA,Air,5/17/13,6/13/13,15-Nov-13,15-Nov-13,15-Nov-13,ARV,Adult,ABBVIE LOGISTICS (FORMERLY ABBOTT LOGISTICS BV),"Ritonavir 100mg [Norvir], film coated tablets, 60 Tabs",Ritonavir,Norvir,100mg,Tablet,60,417,2856.45,6.85,0.11,ABBVIE Ludwigshafen Germany,Yes,65,887.67,3.53
21839,116-ZA-T30,FPQ-12522,SCMS-199289,ASN-28034,South Africa,PMO - US,Direct Drop,DDP,Truck,7/11/13,8/29/14,29-Aug-14,29-Aug-14,29-Aug-14,ARV,Adult,S. BUYS WHOLESALER,"Didanosine 400mg, delayed-release capsules, 30 Caps",Didanosine,Generic,400mg,Delayed-release capsules,30,20,434.11,21.71,0.72,"Aurobindo Unit III, India",No,Weight Captured Separately,Freight Included in Commodity Cost,0.54
21843,161-ZA-T30,FPQ-7175,SCMS-103430,ASN-11393,South Africa,PMO - US,Direct Drop,DDP,Ocean,3/10/11,3/24/11,14-Sep-11,14-Sep-11,14-Sep-11,ARV,Adult,Aurobindo Pharma Limited,"Lamivudine/Zidovudine 150/300mg, tablets, 60 Tabs",Lamivudine/Zidovudine,Generic,150/300mg,Tablet - FDC,60,50000,421000,8.42,0.14,"Aurobindo Unit III, India",Yes,4603,8033.13,694.65
21844,109-TZ-T30,FPQ-14010,SCMS-236760,ASN-25903,Tanzania,PMO - US,Direct Drop,EXW,Air,4/17/14,4/18/14,24-Jun-14,24-Jun-14,24-Jun-14,ARV,Pediatric,STRIDES ARCOLAB LIMITED,"Efavirenz 200mg, scored tablets, 90 Tabs",Efavirenz,Generic,200mg,Tablet,90,9959,92618.7,9.3,0.1,"Strides, Bangalore, India.",Yes,630,3416.2,95.21
21868,108-VN-T30,FPQ-7565,SCMS-107650,ASN-11407,Vietnam,PMO - US,Direct Drop,EXW,Air,4/21/11,5/2/11,27-Jul-11,27-Jul-11,27-Jul-11,ARV,Adult,MYLAN LABORATORIES LTD (FORMERLY MATRIX LABORATORIES),"Zidovudine 300mg, tablets, 60 Tabs",Zidovudine,Generic,300mg,Tablet,60,12000,87000,7.25,0.12,Mylan (formerly Matrix) Nashik,Yes,664,6247.82,143.55
21897,117-ET-T30,FPQ-9096,SCMS-133340,ASN-15539,Ethiopia,PMO - US,Direct Drop,EXW,Air,1/5/12,1/23/12,21-Aug-12,21-Aug-12,21-Aug-12,HRDT,HIV test,"Trinity Biotech, Plc","HIV 1/2, Uni-Gold HIV Kit, 20 Tests","HIV 1/2, Uni-Gold HIV Kit",Uni-Gold,N/A,Test kit,20,27,864,32,1.6,"Trinity Biotech, Plc",Yes,10,512.31,1.21
21942,116-ZA-T30,FPQ-14942,SCMS-259075,ASN-32138,South Africa,PMO - US,Direct Drop,DDP,Truck,9/11/14,5/11/15,12-May-15,12-May-15,12-May-15,ARV,Adult,PHARMACY DIRECT,"Nevirapine 200mg, tablets, 60 Tabs",Nevirapine,Generic,200mg,Tablet,60,3,38.47,12.82,0.21,"Aurobindo Unit III, India",No,Weight Captured Separately,Freight Included in Commodity Cost,0.04
21953,103-SS-T30,FPQ-11382,SCMS-173320,ASN-18203,South Sudan,PMO - US,Direct Drop,EXW,Air,1/4/13,1/22/13,27-Mar-13,27-Mar-13,27-Mar-13,HRDT,HIV test,"Trinity Biotech, Plc","HIV 1/2, Uni-Gold HIV Kit, 20 Tests","HIV 1/2, Uni-Gold HIV Kit",Uni-Gold,N/A,Test kit,20,324,10368,32,1.6,"Trinity Biotech, Plc",Yes,107,2231.97,12.83
21983,116-ZA-T30,FPQ-4770,SCMS-60170,ASN-5933,South Africa,PMO - US,Direct Drop,DDP,Truck,12/17/09,12/23/09,29-Dec-09,29-Dec-09,29-Dec-09,ARV,Adult,S. BUYS WHOLESALER,"Zidovudine 300mg [Retrovir], tablets, 60 Tabs",Zidovudine,Retrovir,300mg,Tablet,60,500,7451.43,14.9,0.25,GSK Ware (UK),No,Weight Captured Separately,Freight Included in Commodity Cost,16.07
21988,116-ZA-T30,FPQ-14942,SCMS-259086,ASN-33674,South Africa,PMO - US,Direct Drop,DDP,Truck,9/11/14,8/11/15,11-Aug-15,11-Aug-15,11-Aug-15,ARV,Pediatric,PHARMACY DIRECT,"Lopinavir/Ritonavir 80/20mg/ml [Kaletra], oral solution, cool, Bottle 5 x 60 ml",Lopinavir/Ritonavir,Kaletra,80/20mg/ml,Oral solution,300,3,51.42,17.14,0.06,ABBVIE (Abbott) Logis. UK,Yes,Weight Captured Separately,Freight Included in Commodity Cost,0.05
21997,106-HT-T30,FPQ-14895,SCMS-258610,ASN-30989,Haiti,PMO - US,Direct Drop,EXW,Ocean,9/24/14,11/14/14,25-May-15,25-May-15,26-May-15,ARV,Adult,CIPLA LIMITED,"Efavirenz/Lamivudine/Tenofovir Disoproxil Fumarate 600/300/300mg, tablets, 30 Tabs",Efavirenz/Lamivudine/Tenofovir Disoproxil Fumarate,Generic,600/300/300mg,Tablet - FDC,30,38530,394932.5,10.25,0.34,Cipla Ltd A-42 MIDC Mahar. IN,Yes,5640,9481.92,405.99
22028,107-RW-T30,FPQ-12518,SCMS-198222,ASN-24716,Rwanda,PMO - US,Direct Drop,EXW,Air,6/21/13,8/12/13,27-Mar-14,27-Mar-14,27-Mar-14,HRDT,HIV test,"SHANGHAI KEHUA BIOENGINEERING CO.,LTD.  (KHB)","HIV 1/2, SKB Colloidal Gold, Diagnostic Kit, Antibody, 50 Tests","HIV 1/2, Colloidal Gold, Diagnostic Kit, Antibody",Colloidal Gold,N/A,Test kit,1,2988,73206,24.5,24.5,"KHB Test Kit Facility, Shanghai China",Yes,1992,26266.34,90.56
22045,106-HT-T30,FPQ-11443,SCMS-180940,ASN-19819,Haiti,PMO - US,Direct Drop,EXW,Ocean,2/7/13,3/22/13,2-Sep-13,2-Sep-13,2-Sep-13,ARV,Adult,Aurobindo Pharma Limited,"Lamivudine/Zidovudine 150/300mg, tablets, 60 Tabs",Lamivudine/Zidovudine,Generic,150/300mg,Tablet - FDC,60,14520,99026.4,6.82,0.11,"Aurobindo Unit III, India",No,See ASN-19819 (ID#:13739),See ASN-19819 (ID#:13739),122.5
22060,116-ZA-T30,FPQ-3596,SCMS-50371,ASN-5866,South Africa,PMO - US,Direct Drop,DDP,Truck,5/7/09,9/22/09,8-Dec-09,8-Dec-09,8-Dec-09,ARV,Pediatric,S. BUYS WHOLESALER,"Efavirenz 50mg, capsule, 30 Caps",Efavirenz,Generic,50mg,Capsule,30,4292,17235.27,4.02,0.13,"Aurobindo Unit III, India",Yes,Weight Captured Separately,Freight Included in Commodity Cost,33.78
22069,114-UG-T30,FPQ-12477,SCMS-198541,ASN-22496,Uganda,PMO - US,Direct Drop,EXW,Air,7/8/13,9/10/13,16-Nov-13,16-Nov-13,21-Nov-13,ARV,Adult,CIPLA LIMITED,"Efavirenz 600mg, tablets, 30 Tabs",Efavirenz,Generic,600mg,Tablet,30,50000,162000,3.24,0.11,"Cipla, Goa, India",Yes,5593,19759.68,200.39
22073,108-VN-T30,FPQ-10287,SCMS-155710,ASN-17021,Vietnam,PMO - US,Direct Drop,FCA,Air,7/25/12,8/14/12,21-Dec-12,21-Dec-12,21-Dec-12,ARV,Adult,ABBVIE LOGISTICS (FORMERLY ABBOTT LOGISTICS BV),"Lopinavir/Ritonavir 200/50mg [Aluvia], tablets, 120 Tabs",Lopinavir/Ritonavir,Aluvia,200/50mg,Tablet,120,5188,315534.16,60.82,0.51,ABBVIE Ludwigshafen Germany,Yes,1138,3622.58,442.38
22076,111-MZ-T30,FPQ-7064,SCMS-98450,ASN-12214,Mozambique,PMO - US,Direct Drop,FCA,Air,1/21/11,2/2/11,8-Nov-11,8-Nov-11,8-Nov-11,ARV,Adult,ABBVIE LOGISTICS (FORMERLY ABBOTT LOGISTICS BV),"Ritonavir 100mg [Norvir], film coated tablets, 60 Tabs",Ritonavir,Norvir,100mg,Tablet,60,2464,16878.4,6.85,0.11,ABBVIE Ludwigshafen Germany,Yes,361,3669.84,27.85
22079,161-ZA-T30,FPQ-6262,SCMS-83820,ASN-9484,South Africa,PMO - US,Direct Drop,DDP,Ocean,8/31/10,9/24/10,10-Mar-11,4-Mar-11,4-Mar-11,ARV,Adult,Aurobindo Pharma Limited,"Efavirenz 600mg, tablets, 30 Tabs",Efavirenz,Generic,600mg,Tablet,30,63967,289770.51,4.53,0.15,"Aurobindo Unit III, India",Yes,5491,15331.49,624.75
22091,105-DO-T30,FPQ-11295,SCMS-172501,ASN-22113,Dominican Republic,PMO - US,Direct Drop,EXW,Air,12/17/12,1/15/13,29-Oct-13,29-Oct-13,1-Nov-13,HRDT,HIV test,"Orgenics, Ltd","HIV 1/2, Determine Complete HIV Kit, 100 Tests","HIV 1/2, Determine Complete HIV Kit",Determine,N/A,Test kit,100,1775,163300,92,0.92,"Alere Medical Co., Ltd.",Yes,721,9165.29,202
22116,133-NG-T30,FPQ-10349,SCMS-155310,ASN-16603,Nigeria,PMO - US,Direct Drop,EXW,Air,7/17/12,8/10/12,8-Oct-12,8-Oct-12,8-Oct-12,HRDT,HIV test,"CHEMBIO DIAGNOSTIC SYSTEMS, INC.","HIV 1/2, Stat-Pak HIV, Kit, 20 Tests","HIV 1/2, Stat-Pak HIV, Kit",Stat-Pak,N/A,Test kit,20,3401,98629,29,1.45,Chembio Diagnostics Sys. Inc.,Yes,972,6418.11,138.28
22160,106-HT-T30,FPQ-14083,SCMS-240201,ASN-27545,Haiti,PMO - US,Direct Drop,EXW,Ocean,5/11/14,6/2/14,20-Oct-14,20-Oct-14,6-Nov-14,ARV,Adult,MYLAN LABORATORIES LTD (FORMERLY MATRIX LABORATORIES),"Efavirenz/Lamivudine/Tenofovir Disoproxil Fumarate 600/300/300mg, tablets, 30 Tabs",Efavirenz/Lamivudine/Tenofovir Disoproxil Fumarate,Generic,600/300/300mg,Tablet - FDC,30,46500,499410,10.74,0.36,Mylan (formerly Matrix) Nashik,Yes,5342,9195.61,513.39
22176,116-ZA-T30,FPQ-13973,SCMS-238556,ASN-31854,South Africa,PMO - US,Direct Drop,DDP,Truck,4/30/14,4/28/15,28-Apr-15,28-Apr-15,28-Apr-15,ARV,Pediatric,PHARMACY DIRECT,"Efavirenz 50mg, capsule, 30 Caps",Efavirenz,Generic,50mg,Capsule,30,15,45.09,3.01,0.1,"Aurobindo Unit III, India",No,Weight Captured Separately,Freight Included in Commodity Cost,0.05
22186,108-VN-T30,FPQ-3896,SCMS-48260,ASN-5132,Vietnam,PMO - US,Direct Drop,EXW,Air,6/25/09,6/26/09,23-Oct-09,23-Oct-09,23-Oct-09,ARV,Adult,Aurobindo Pharma Limited,"Lamivudine/Zidovudine 150/300mg, tablets, 60 Tabs",Lamivudine/Zidovudine,Generic,150/300mg,Tablet - FDC,60,1008,8678.88,8.61,0.14,"Aurobindo Unit III, India",Yes,1015,3796.95,17.01
22191,112-NG-T30,FPQ-3635,SCMS-48420,ASN-4850,Nigeria,PMO - US,Direct Drop,CIP,Air,5/8/09,8/5/09,23-Sep-09,23-Sep-09,23-Sep-09,HRDT,HIV test,BIO-RAD LABORATORIES PTY LTD. (SOUTH AFRICA),"HIV 2, New LAV Blot 2 HIV Kit, 18 Tests","HIV 2, New LAV Blot 2 HIV Kit",LAV,N/A,Test kit,18,1,750.29,750.29,41.68,Bio-Rad Laboratories,Yes,18,Freight Included in Commodity Cost,1.47
22196,108-VN-T30,FPQ-13976,SCMS-236100,ASN-28777,Vietnam,PMO - US,Direct Drop,EXW,Air,4/8/14,4/30/14,26-Nov-14,26-Nov-14,26-Nov-14,ARV,Adult,MICRO LABS LIMITED,"Efavirenz 600mg, tablets, 30 Tabs",Efavirenz,Generic,600mg,Tablet,30,21000,62580,2.98,0.1,"Micro labs, Verna, Goa, India",Yes,3244,6195.84,64.33
22222,116-ZA-T30,FPQ-14942,SCMS-259071,ASN-29597,South Africa,PMO - US,Direct Drop,DDP,Truck,9/11/14,11/28/14,28-Nov-14,28-Nov-14,28-Nov-14,ARV,Adult,PHARMACY DIRECT,"Lamivudine/Zidovudine 150/300mg, tablets, 60 Tabs",Lamivudine/Zidovudine,Generic,150/300mg,Tablet - FDC,60,18,405.71,22.54,0.38,"Aurobindo Unit III, India",No,Weight Captured Separately,Freight Included in Commodity Cost,0.42
22268,101-CD-T30,FPQ-13555,SCMS-234290,ASN-26632,"Congo, DRC",PMO - US,Direct Drop,EXW,Air,3/19/14,5/5/14,22-Aug-14,22-Aug-14,22-Aug-14,ARV,Pediatric,CIPLA LIMITED,"Lamivudine/Zidovudine 30/60mg, tablets, 60 Tabs",Lamivudine/Zidovudine,Generic,30/60mg,Tablet - FDC,60,150,322.5,2.15,0.04,"Cipla, Goa, India",Yes,25,1765.03,0.33
22275,161-ZA-T30,FPQ-5648,SCMS-75940,ASN-8443,South Africa,PMO - US,Direct Drop,DDP,Ocean,6/2/10,6/17/10,17-Nov-10,17-Nov-10,17-Nov-10,ARV,Adult,STRIDES ARCOLAB LIMITED,"Nevirapine 200mg, tablets, 60 Tabs",Nevirapine,Generic,200mg,Tablet,60,100000,282000,2.82,0.05,"Strides, Bangalore, India.",Yes,6297,7526.14,607.99
22280,116-ZA-T30,FPQ-12522,SCMS-199283,ASN-27979,South Africa,PMO - US,Direct Drop,DDP,Truck,7/11/13,8/27/14,27-Aug-14,27-Aug-14,27-Aug-14,ARV,Adult,S. BUYS WHOLESALER,"Lamivudine 150mg, tablets, 60 Tabs",Lamivudine,Generic,150mg,Tablet,60,183,1802.16,9.85,0.16,Hetero Unit III Hyderabad IN,No,Weight Captured Separately,Freight Included in Commodity Cost,2.23
22281,116-ZA-T30,FPQ-14942,SCMS-259079,ASN-33852,South Africa,PMO - US,Direct Drop,DDP,Truck,9/11/14,10/9/14,24-Aug-15,24-Aug-15,24-Aug-15,ARV,Pediatric,PHARMACY DIRECT,"Lamivudine 10mg/ml, oral solution, Bottle, 240 ml",Lamivudine,Generic,10mg/ml,Oral solution,240,17,91.92,5.41,0.02,"Aurobindo Unit III, India",No,Weight Captured Separately,Freight Included in Commodity Cost,0.09
22290,110-ZM-T30,FPQ-12252,SCMS-189240,ASN-20481,Zambia,PMO - US,Direct Drop,EXW,Air,5/2/13,5/22/13,5-Aug-13,9-Aug-13,9-Aug-13,HRDT,HIV test,"Orgenics, Ltd","HIV 1/2, Determine Complete HIV Kit, 100 Tests","HIV 1/2, Determine Complete HIV Kit",Determine,N/A,Test kit,100,3038,243040,80,0.8,"Alere Medical Co., Ltd.",Yes,1259,19517.12,300.64
22295,161-ZA-T30,FPQ-6262,SCMS-83820,ASN-9487,South Africa,PMO - US,Direct Drop,DDP,Ocean,8/31/10,9/24/10,10-Mar-11,4-Mar-11,4-Mar-11,ARV,Adult,Aurobindo Pharma Limited,"Efavirenz 600mg, tablets, 30 Tabs",Efavirenz,Generic,600mg,Tablet,30,108129,489824.37,4.53,0.15,"Aurobindo Unit III, India",Yes,9280,15331.51,1056.06
22301,108-VN-T30,FPQ-10287,SCMS-156280,ASN-17513,Vietnam,PMO - US,Direct Drop,EXW,Air,7/25/12,8/14/12,28-Dec-12,28-Dec-12,28-Dec-12,ARV,Adult,MYLAN LABORATORIES LTD (FORMERLY MATRIX LABORATORIES),"Efavirenz/Lamivudine/Tenofovir Disoproxil Fumarate 600/300/300mg, tablets, 30 Tabs",Efavirenz/Lamivudine/Tenofovir Disoproxil Fumarate,Generic,600/300/300mg,Tablet - FDC,30,23251,278779.49,11.99,0.4,Mylan (formerly Matrix) Nashik,Yes,2641,4503.42,390.85
22312,106-HT-T30,FPQ-12590,SCMS-210500,ASN-24629,Haiti,PMO - US,Direct Drop,CIP,Air,8/21/13,10/23/13,24-Feb-14,24-Feb-14,25-Feb-14,ARV,Adult,ETHNOR DEL ISTMO S.A.,"Darunavir 300mg [Prezista], tablets, 120 Tabs",Darunavir,Prezista,300mg,Tablet,120,22,1465.2,66.6,0.55,"Janssen Ortho LLC, Puerto Rico",Yes,Weight Captured Separately,Freight Included in Commodity Cost,1.81
22323,116-ZA-T30,FPQ-13973,SCMS-238553,ASN-28021,South Africa,PMO - US,Direct Drop,DDP,Truck,4/30/14,8/28/14,28-Aug-14,28-Aug-14,28-Aug-14,ARV,Adult,PHARMACY DIRECT,"Tenofovir Disoproxil Fumarate 300mg, tablets, 30 Tabs",Tenofovir Disoproxil Fumarate,Generic,300mg,Tablet,30,112,2141.49,19.12,0.64,Mylan (formerly Matrix) Nashik,No,Weight Captured Separately,Freight Included in Commodity Cost,2.2
22328,161-ZA-T30,FPQ-6262,SCMS-83730,ASN-10249,South Africa,PMO - US,Direct Drop,DDP,Ocean,8/31/10,9/24/10,3-May-11,3-May-11,3-May-11,ARV,Pediatric,Aurobindo Pharma Limited,"Efavirenz 200mg, capsule, 90 Caps",Efavirenz,Generic,200mg,Capsule,90,22643,225977.14,9.98,0.11,"Aurobindo Unit III, India",Yes,3000,4573.21,487.21
22356,151-NG-T30,FPQ-11025,SCMS-169180,ASN-18584,Nigeria,PMO - US,Direct Drop,EXW,Air,11/15/12,12/18/12,14-Mar-13,14-Mar-13,14-Mar-13,ARV,Pediatric,ABBVIE LOGISTICS (FORMERLY ABBOTT LOGISTICS BV),"Lopinavir/Ritonavir 100/25mg [Aluvia], tablets, 60 Tabs",Lopinavir/Ritonavir,Generic,100/25mg,Tablet,60,2221,13192.74,5.94,0.1,ABBVIE Ludwigshafen Germany,Yes,252,2969.34,16.32
22357,107-RW-T30,FPQ-15065,SCMS-263330,ASN-30485,Rwanda,PMO - US,Direct Drop,EXW,Air,10/15/14,12/18/14,18-Feb-15,18-Feb-15,19-Feb-15,HRDT,HIV test,"SHANGHAI KEHUA BIOENGINEERING CO.,LTD.  (KHB)","HIV 1/2, SKB Colloidal Gold, Diagnostic Kit, Antibody, 50 Tests","HIV 1/2, Colloidal Gold, Diagnostic Kit, Antibody",Colloidal Gold,N/A,Test kit,1,4032,98784,24.5,24.5,"KHB Test Kit Facility, Shanghai China",Yes,2688,35437.38,101.55
22373,111-MZ-T30,FPQ-11915,SCMS-185210,ASN-20547,Mozambique,PMO - US,Direct Drop,EXW,Air,3/20/13,4/11/13,13-Aug-13,13-Aug-13,13-Aug-13,ARV,Adult,HETERO LABS LIMITED,"Zidovudine 300mg, tablets, 60 Tabs",Zidovudine,Generic,300mg,Tablet,60,67098,369039,5.5,0.09,Hetero Unit III Hyderabad IN,Yes,3957,18263.45,456.5
22387,161-ZA-T30,FPQ-7175,SCMS-103390,ASN-12170,South Africa,PMO - US,Direct Drop,DDP,Ocean,3/10/11,3/24/11,10-Oct-11,3-Nov-11,3-Nov-11,ARV,Adult,Aurobindo Pharma Limited,"Efavirenz 600mg, tablets, 30 Tabs",Efavirenz,Generic,600mg,Tablet,30,64316,290065.16,4.51,0.15,"Aurobindo Unit III, India",Yes,5467,9323.3,478.61
22417,106-HT-T30,FPQ-15038,SCMS-262890,ASN-32716,Haiti,PMO - US,Direct Drop,FCA,Air,10/22/14,1/30/15,7-Jul-15,7-Jul-15,7-Jul-15,ARV,Pediatric,ABBVIE LOGISTICS (FORMERLY ABBOTT LOGISTICS BV),"Lopinavir/Ritonavir 100/25mg [Aluvia], tablets, 60 Tabs",Lopinavir/Ritonavir,Generic,100/25mg,Tablet,60,2697,16020.18,5.94,0.1,ABBVIE Ludwigshafen Germany,Yes,1825,4126.9,16.47
22469,110-ZM-T30,FPQ-4691,SCMS-60710,ASN-6290,Zambia,PMO - US,Direct Drop,EXW,Air,12/16/09,12/22/09,18-Mar-10,18-Mar-10,18-Mar-10,HRDT,HIV test,"Orgenics, Ltd","HIV 1/2, Determine Complete HIV Kit, 100 Tests","HIV 1/2, Determine Complete HIV Kit",Determine,N/A,Test kit,100,2639,190008,72,0.72,Inverness Japan,Yes,1276,20121.14,409.66
22477,901-NA-T30,FPQ-14728,SCMS-252640,ASN-28482,Namibia,PMO - US,Direct Drop,EXW,Air,7/30/14,8/14/14,22-Oct-14,22-Oct-14,22-Oct-14,ARV,Adult,HETERO LABS LIMITED,"Lamivudine/Tenofovir Disoproxil Fumarate 300/300mg, tablets, 30 Tabs",Lamivudine/Tenofovir Disoproxil Fumarate,Generic,300/300mg,Tablet - FDC,30,24672,113984.64,4.62,0.15,Hetero Unit III Hyderabad IN,Yes,2631,12463.74,117.18
22511,110-ZM-T30,FPQ-14790,SCMS-253023,ASN-31631,Zambia,PMO - US,Direct Drop,FCA,Air,8/13/14,8/20/14,23-Apr-15,23-Apr-15,23-Apr-15,ARV,Pediatric,ABBVIE LOGISTICS (FORMERLY ABBOTT LOGISTICS BV),"Lopinavir/Ritonavir 80/20mg/ml [Kaletra], oral solution, cool, Bottle 5 x 60 ml",Lopinavir/Ritonavir,Kaletra,80/20mg/ml,Oral solution,300,2266,69838.12,30.82,0.1,ABBVIE (Abbott) Logis. UK,Yes,2272,13949.95,71.79
22516,116-ZA-T30,FPQ-12522,SCMS-199283,ASN-27978,South Africa,PMO - US,Direct Drop,DDP,Truck,7/11/13,8/27/14,27-Aug-14,27-Aug-14,27-Aug-14,ARV,Pediatric,S. BUYS WHOLESALER,"Lamivudine 10mg/ml, oral solution w/syringe, Bottle, 240 ml",Lamivudine,Generic,10mg/ml,Oral solution,240,13,103.95,8,0.03,"Aurobindo Unit III, India",No,Weight Captured Separately,Freight Included in Commodity Cost,0.13
22531,108-VN-T30,FPQ-4265,SCMS-56220,ASN-5683,Vietnam,PMO - US,Direct Drop,EXW,Air,10/20/09,11/2/09,7-Jan-10,7-Jan-10,7-Jan-10,ARV,Adult,CIPLA LIMITED,"Lamivudine/Nevirapine/Stavudine 150/200/30mg, tablets, 60 Tabs",Lamivudine/Nevirapine/Stavudine,Generic,150/200/30mg,Tablet - FDC,60,19600,120540,6.15,0.1,"Cipla, Goa, India",Yes,1926,12423.96,236.26
22595,104-CI-T30,FPQ-8366,SCMS-124280,ASN-13657,Côte d'Ivoire,PMO - US,Direct Drop,FCA,Ocean,9/5/11,10/11/11,23-Mar-12,23-Mar-12,23-Mar-12,ARV,Adult,ABBVIE LOGISTICS (FORMERLY ABBOTT LOGISTICS BV),"Lopinavir/Ritonavir 200/50mg [Aluvia], tablets, 120 Tabs",Lopinavir/Ritonavir,Aluvia,200/50mg,Tablet,120,9800,302036,30.82,0.26,ABBVIE Ludwigshafen Germany,Yes,Weight Captured Separately,Invoiced Separately,498.36
22600,105-SS-T30,FPQ-11539,SCMS-176930,ASN-19142,South Sudan,PMO - US,Direct Drop,EXW,Air,1/24/13,2/26/13,20-Jul-13,20-Jul-13,20-Jul-13,HRDT,HIV test,"Orgenics, Ltd","HIV 1/2, Determine Complete HIV Kit, 100 Tests","HIV 1/2, Determine Complete HIV Kit",Determine,N/A,Test kit,100,250,22250,89,0.89,"Alere Medical Co., Ltd.",Yes,115,2561.61,27.52
22615,101-CD-T30,FPQ-13555,SCMS-234320,ASN-27483,"Congo, DRC",PMO - US,Direct Drop,EXW,Air,3/19/14,5/5/14,30-Sep-14,30-Sep-14,29-Oct-14,ARV,Adult,STRIDES ARCOLAB LIMITED,"Lamivudine/Nevirapine/Zidovudine 150/200/300mg, tablets, 60 Tabs",Lamivudine/Nevirapine/Zidovudine,Generic,150/300/200mg,Tablet - FDC,60,980,7947.8,8.11,0.14,"Strides, Bangalore, India.",Yes,116,2322.08,8.17
22616,161-ZA-T30,FPQ-7175,SCMS-123590,ASN-13054,South Africa,PMO - US,Direct Drop,DDP,Ocean,3/10/11,9/30/11,16-Jan-12,16-Jan-12,16-Jan-12,ARV,Adult,Aurobindo Pharma Limited,"Efavirenz 600mg, tablets, 30 Tabs",Efavirenz,Generic,600mg,Tablet,30,128620,547921.2,4.26,0.14,"Aurobindo Unit III, India",Yes,10643,7292.26,904.07
22620,901-NA-T30,FPQ-14728,SCMS-252640,ASN-28481,Namibia,PMO - US,Direct Drop,EXW,Air,7/30/14,8/14/14,22-Oct-14,22-Oct-14,22-Oct-14,ARV,Adult,HETERO LABS LIMITED,"Lamivudine/Tenofovir Disoproxil Fumarate 300/300mg, tablets, 30 Tabs",Lamivudine/Tenofovir Disoproxil Fumarate,Generic,300/300mg,Tablet - FDC,30,24096,111323.52,4.62,0.15,Hetero Unit III Hyderabad IN,Yes,2630,12463.74,114.44
22658,107-RW-T30,FPQ-8365,SCMS-126490,ASN-14125,Rwanda,PMO - US,Direct Drop,EXW,Air,10/26/11,11/9/11,30-Mar-12,30-Mar-12,30-Mar-12,ARV,Adult,Aurobindo Pharma Limited,"Didanosine 400mg, delayed-release capsules, 30 Caps",Didanosine,Generic,400mg,Delayed-release capsules,30,150,3000,20,0.67,"Aurobindo Unit III, India",Yes,197,5906.43,4.95
22661,106-HT-T30,FPQ-13797,SCMS-233970,ASN-27796,Haiti,PMO - US,Direct Drop,EXW,Air,3/20/14,4/30/14,14-Oct-14,14-Oct-14,20-Oct-14,ARV,Adult,CIPLA LIMITED,"Lamivudine/Nevirapine/Zidovudine 150/200/300mg, tablets, 60 Tabs",Lamivudine/Nevirapine/Zidovudine,Generic,150/300/200mg,Tablet - FDC,60,19835,160663.5,8.1,0.13,"Cipla, Goa, India",Yes,2866,17036.99,165.16
22670,133-NG-T30,FPQ-14305,SCMS-240830,ASN-27474,Nigeria,PMO - US,Direct Drop,EXW,Air,5/16/14,6/2/14,19-Aug-14,5-Sep-14,17-Sep-14,HRDT,HIV test,"Orgenics, Ltd","HIV 1/2, Determine Complete HIV Kit, 100 Tests","HIV 1/2, Determine Complete HIV Kit",Determine,N/A,Test kit,100,4177,371753,89,0.89,"Alere Medical Co., Ltd.",Yes,2755,25709.5,382.16
22675,113-ZW-T30,FPQ-13939,SCMS-234720,ASN-26118,Zimbabwe,PMO - US,Direct Drop,EXW,Air,4/1/14,5/8/14,14-Jun-14,14-Jun-14,16-Jun-14,ARV,Adult,Aurobindo Pharma Limited,"Lamivudine/Tenofovir Disoproxil Fumarate 300/300mg, tablets, 30 Tabs",Lamivudine/Tenofovir Disoproxil Fumarate,Generic,300/300mg,Tablet - FDC,30,32760,152334,4.65,0.16,"Aurobindo Unit VII, IN",Yes,3155,25316.94,156.6
22684,114-UG-T30,FPQ-7268,SCMS-104120,ASN-11009,Uganda,PMO - US,Direct Drop,DDP,Air,3/11/11,3/25/11,31-May-11,31-May-11,31-May-11,ARV,Adult,ASPEN PHARMACARE,"Darunavir 300mg [Prezista], tablets, 120 Tabs",Darunavir,Prezista,300mg,Tablet,120,259,24123.26,93.14,0.78,"Aspen-OSD, Port Elizabeth, SA",Yes,43,466,39.8
22698,105-GY-T30,FPQ-3837,SCMS-47960,ASN-4606,Guyana,PMO - US,Direct Drop,EXW,Air,6/8/09,6/29/09,17-Aug-09,17-Aug-09,17-Aug-09,ARV,Adult,"PUETRO RICO PHARMACEUTICAL, INC.","Emtricitabine/Tenofovir Disoproxil Fumarate 200/300mg [Truvada], tablets, 30 Tabs",Emtricitabine/Tenofovir Disoproxil Fumarate,Truvada,300/200mg,Tablet - FDC,30,4900,147931,30.19,1.01,Gilead(Nycomed) Oranienburg DE,Yes,390,2748.16,289.94
22722,102-SD-T30,FPQ-7321,SCMS-107780,ASN-11002,Sudan,PMO - US,Direct Drop,EXW,Air,3/29/11,5/2/11,1-Jul-11,1-Jul-11,1-Jul-11,HRDT,HIV test,"Trinity Biotech, Plc","HIV 1/2, Uni-Gold HIV Kit, 20 Tests","HIV 1/2, Uni-Gold HIV Kit",Uni-Gold,N/A,Test kit,20,207,6624,32,1.6,"Trinity Biotech, Plc",Yes,71,1626.67,10.93
22726,153-NA-T30,FPQ-8072,SCMS-117210,ASN-12115,Namibia,PMO - US,Direct Drop,EXW,Air,7/22/11,8/3/11,20-Sep-11,20-Sep-11,20-Sep-11,HRDT,HIV test,"Orgenics, Ltd","HIV 1/2, Determine HIV Kit, without Lancets, 100 Tests","HIV 1/2, Determine HIV Kit, without Lancets",Determine,N/A,Test kit,100,150,11655,77.7,0.78,Inverness Japan,Yes,36,859.18,19.23
22728,108-VN-T30,FPQ-4265,SCMS-56320,ASN-6060,Vietnam,PMO - US,Direct Drop,EXW,Air,10/20/09,11/3/09,10-Mar-10,10-Mar-10,10-Mar-10,ARV,Adult,MYLAN LABORATORIES LTD (FORMERLY MATRIX LABORATORIES),"Efavirenz 600mg, tablets, 30 Tabs",Efavirenz,Generic,600mg,Tablet,30,30912,200928,6.5,0.22,Mylan (formerly Matrix) Nashik,Yes,2405,11448.01,393.82
22752,116-ZA-T30,FPQ-12522,SCMS-199289,ASN-28037,South Africa,PMO - US,Direct Drop,DDP,Truck,7/11/13,8/29/14,29-Aug-14,29-Aug-14,29-Aug-14,ARV,Adult,S. BUYS WHOLESALER,"Tenofovir Disoproxil Fumarate 300mg, tablets, 30 Tabs",Tenofovir Disoproxil Fumarate,Generic,300mg,Tablet,30,235,4891.53,20.82,0.69,Hetero Unit III Hyderabad IN,No,Weight Captured Separately,Freight Included in Commodity Cost,6.05
22761,101-CD-T30,FPQ-14584,SCMS-249220,ASN-27933,"Congo, DRC",PMO - US,Direct Drop,EXW,Air,7/16/14,7/18/14,10-Nov-14,10-Nov-14,13-Nov-14,ARV,Pediatric,Aurobindo Pharma Limited,"Didanosine 200mg, delayed-release capsules, 30 Caps",Didanosine,Generic,200mg,Delayed-release capsules,30,1100,12100,11,0.37,"Aurobindo Unit III, India",Yes,95,2453.16,12.44
22778,161-ZA-T30,FPQ-6262,SCMS-83820,ASN-9175,South Africa,PMO - US,Direct Drop,DDP,Ocean,8/31/10,9/24/10,11-Jan-11,11-Jan-11,11-Jan-11,ARV,Adult,Aurobindo Pharma Limited,"Zidovudine 300mg, tablets, 60 Tabs",Zidovudine,Generic,300mg,Tablet,60,1033,7571.89,7.33,0.12,"Aurobindo Unit III, India",Yes,52,4295.61,16.32
22799,106-HT-T30,FPQ-9066,SCMS-138570,ASN-14148,Haiti,PMO - US,Direct Drop,EXW,Air,1/6/12,2/24/12,10-Apr-12,10-Apr-12,10-Apr-12,ARV,Pediatric,Aurobindo Pharma Limited,"Didanosine 125mg, delayed-release capsules, 30 Caps",Didanosine,Generic,125mg,Delayed-release capsules,30,252,2142,8.5,0.28,"Aurobindo Unit III, India",Yes,16,1471.46,3
22812,108-VN-T30,FPQ-15823,SCMS-277320,ASN-33209,Vietnam,PMO - US,Direct Drop,FCA,Air,2/13/15,3/2/15,11-Aug-15,11-Aug-15,11-Aug-15,ARV,Adult,ABBVIE LOGISTICS (FORMERLY ABBOTT LOGISTICS BV),"Ritonavir 100mg [Norvir], film coated tablets, 30 Tabs",Ritonavir,Norvir,100mg,Tablet,30,400,9304,23.26,0.78,ABBVIE Ludwigshafen Germany,Yes,Weight Captured Separately,Invoiced Separately,10.95
22815,161-ZA-T30,FPQ-5303,SCMS-68830,ASN-7191,South Africa,PMO - US,Direct Drop,DDP,Air,3/18/10,3/19/10,27-Jul-10,27-Jul-10,27-Jul-10,ARV,Adult,STRIDES ARCOLAB LIMITED,"Lamivudine 150mg, tablets, 60 Tabs",Lamivudine,Generic,150mg,Tablet,60,294346,756469.22,2.57,0.04,"Strides, Bangalore, India.",Yes,14550,20706.21,1630.95
22817,107-RW-T30,FPQ-4854,SCMS-63650,ASN-6167,Rwanda,PMO - US,Direct Drop,FCA,Air,1/6/10,1/20/10,3-Mar-10,3-Mar-10,3-Mar-10,ARV,Adult,Hoffmann-La Roche ltd Basel,"Nelfinavir (as mesilate) 250mg [Viracept], tablets, 270 Tabs",Nelfinavir (as mesilate),Viracept,250mg,Tablet,270,40,5037.72,125.94,0.47,Roche Madrid,Yes,11,1049.3,10.86
22843,108-VN-T30,FPQ-14516,SCMS-249141,ASN-29593,Vietnam,PMO - US,Direct Drop,FCA,Air,7/9/14,8/11/14,16-Jan-15,16-Jan-15,24-Feb-15,ARV,Adult,ABBVIE LOGISTICS (FORMERLY ABBOTT LOGISTICS BV),"Ritonavir 100mg [Norvir], film coated tablets, 30 Tabs",Ritonavir,Norvir,100mg,Tablet,30,200,4652,23.26,0.78,ABBVIE Ludwigshafen Germany,Yes,Weight Captured Separately,Invoiced Separately,4.78
22855,107-RW-T30,FPQ-10752,SCMS-162530,ASN-18216,Rwanda,PMO - US,Direct Drop,EXW,Ocean,10/3/12,11/9/12,22-Apr-13,22-Apr-13,22-Apr-13,ARV,Adult,MYLAN LABORATORIES LTD (FORMERLY MATRIX LABORATORIES),"Abacavir 300mg, tablets, 60 Tabs",Abacavir,Generic,300mg,Tablet,60,37350,438862.5,11.75,0.2,Mylan (formerly Matrix) Nashik,Yes,3860,59186.46,615.29
22869,116-ZA-T30,FPQ-14942,SCMS-259078,ASN-33473,South Africa,PMO - US,Direct Drop,DDP,Truck,9/11/14,10/9/14,24-Jul-15,24-Jul-15,24-Jul-15,ARV,Adult,PHARMACY DIRECT,"Etravirine 100mg [Intelence], tablets, 120 Tabs",Etravirine,Intelence,100mg,Tablet,120,27,742.84,27.51,0.23,"Janssen-Cilag, Latina, IT",No,Weight Captured Separately,Freight Included in Commodity Cost,0.76
22876,108-VN-T30,FPQ-15692,SCMS-274390,ASN-32269,Vietnam,PMO - US,Direct Drop,EXW,Air,1/28/15,2/17/15,10-Jul-15,7-Jul-15,7-Jul-15,ARV,Adult,HETERO LABS LIMITED,"Efavirenz/Lamivudine/Tenofovir Disoproxil Fumarate 600/300/300mg, tablets, 30 Tabs",Efavirenz/Lamivudine/Tenofovir Disoproxil Fumarate,Generic,600/300/300mg,Tablet - FDC,30,17760,177600,10,0.33,Hetero Unit III Hyderabad IN,Yes,Weight Captured Separately,Invoiced Separately,209.04
22964,116-ZA-T30,FPQ-12522,SCMS-199289,ASN-28036,South Africa,PMO - US,Direct Drop,DDP,Truck,7/11/13,8/29/14,29-Aug-14,29-Aug-14,29-Aug-14,ARV,Adult,S. BUYS WHOLESALER,"Lamivudine/Zidovudine 150/300mg, tablets, 60 Tabs",Lamivudine/Zidovudine,Generic,150/300mg,Tablet - FDC,60,292,9562.36,32.75,0.55,Hetero Unit III Hyderabad IN,No,Weight Captured Separately,Freight Included in Commodity Cost,11.83
23015,133-NG-T30,FPQ-14995,SCMS-260700,ASN-29929,Nigeria,PMO - US,Direct Drop,EXW,Air,9/22/14,10/29/14,19-Jan-15,16-Jan-15,22-Jan-15,HRDT,HIV test,"Orgenics, Ltd","HIV 1/2, Determine Complete HIV Kit, 100 Tests","HIV 1/2, Determine Complete HIV Kit",Determine,N/A,Test kit,100,6110,543790,89,0.89,"Alere Medical Co., Ltd.",Yes,2474,31305.04,559.02
23023,153-NA-T30,FPQ-9698,SCMS-144310,ASN-15069,Namibia,PMO - US,Direct Drop,EXW,Air,4/12/12,5/2/12,5-Jul-12,5-Jul-12,5-Jul-12,HRDT,HIV test,"Orgenics, Ltd","HIV 1/2, Determine HIV Kit, without Lancets, 100 Tests","HIV 1/2, Determine HIV Kit, without Lancets",Determine,N/A,Test kit,100,75,5827.5,77.7,0.78,Inverness Japan,Yes,19,718.32,8.17
23024,161-ZA-T30,FPQ-7175,SCMS-103710,ASN-12153,South Africa,PMO - US,Direct Drop,DDP,Ocean,3/10/11,3/23/11,17-Oct-11,17-Oct-11,17-Oct-11,ARV,Adult,HETERO LABS LIMITED,"Efavirenz 600mg, tablets, 30 Tabs",Efavirenz,Generic,600mg,Tablet,30,92500,435675,4.71,0.16,Hetero Unit III Hyderabad IN,Yes,7778,20684.73,718.86
23050,104-CI-T30,FPQ-9065,SCMS-138120,ASN-15225,Côte d'Ivoire,PMO - US,Direct Drop,FCA,Air,1/4/12,3/8/12,3-Jul-12,3-Jul-12,3-Jul-12,ARV,Adult,ABBVIE LOGISTICS (FORMERLY ABBOTT LOGISTICS BV),"Ritonavir 100mg [Norvir], film coated tablets, 60 Tabs",Ritonavir,Norvir,100mg,Tablet,60,760,5206,6.85,0.11,ABBVIE Ludwigshafen Germany,Yes,99,1462.71,7.3
23051,109-TZ-T30,FPQ-12540,SCMS-198771,ASN-22835,Tanzania,PMO - US,Direct Drop,EXW,Air,7/3/13,8/27/13,27-Dec-13,27-Dec-13,27-Dec-13,ARV,Adult,CIPLA LIMITED,"Lamivudine/Nevirapine/Zidovudine 150/200/300mg, tablets, 60 Tabs",Lamivudine/Nevirapine/Zidovudine,Generic,150/300/200mg,Tablet - FDC,60,16245,131584.5,8.1,0.13,"Cipla, Goa, India",Yes,2368,11363.07,162.77
23070,102-MW-T30,FPQ-11638,SCMS-179341,ASN-21750,Malawi,PMO - US,Direct Drop,EXW,Air,2/22/13,3/14/13,2-Oct-13,2-Oct-13,2-Oct-13,HRDT,HIV test,"Trinity Biotech, Plc","HIV 1/2, Uni-Gold HIV Kit, 20 Tests","HIV 1/2, Uni-Gold HIV Kit",Uni-Gold,N/A,Test kit,20,32,1024,32,1.6,"Trinity Biotech, Plc",Yes,17,703.25,1.27
23076,105-SS-T30,FPQ-11754,SCMS-181381,ASN-20235,South Sudan,PMO - US,Direct Drop,EXW,Air,2/22/13,4/1/13,12-Sep-13,12-Sep-13,12-Sep-13,HRDT,HIV test,"Trinity Biotech, Plc","HIV 1/2, Uni-Gold HIV Kit, 20 Tests","HIV 1/2, Uni-Gold HIV Kit",Uni-Gold,N/A,Test kit,20,450,14400,32,1.6,"Trinity Biotech, Plc",Yes,165,2329.14,17.81
23096,116-ZA-T30,FPQ-14942,SCMS-259079,ASN-33855,South Africa,PMO - US,Direct Drop,DDP,Truck,9/11/14,10/9/14,24-Aug-15,24-Aug-15,24-Aug-15,ARV,Adult,PHARMACY DIRECT,"Raltegravir 400mg [Isentress], tablets, 60 Tabs",Raltegravir,Isentress,400mg,Tablet,60,1,65.75,65.75,1.1,"MSD, Haarlem, NL",Yes,Weight Captured Separately,Freight Included in Commodity Cost,0.07
23105,108-VN-T30,FPQ-6818,SCMS-98180,ASN-10619,Vietnam,PMO - US,Direct Drop,FCA,Air,1/17/11,2/9/11,9-May-11,9-May-11,9-May-11,ARV,Adult,ABBVIE LOGISTICS (FORMERLY ABBOTT LOGISTICS BV),"Ritonavir 100mg [Norvir], capsules, cool, 4 x 84 Caps",Ritonavir,Norvir,100mg,Capsule,336,14,2891.14,206.51,0.61,ABBVIE (Abbott) Logis. UK,Yes,52,7339.84,4.77
23120,116-ZA-T30,FPQ-14942,SCMS-259079,ASN-33852,South Africa,PMO - US,Direct Drop,DDP,Truck,9/11/14,10/9/14,24-Aug-15,24-Aug-15,24-Aug-15,ARV,Adult,PHARMACY DIRECT,"Tenofovir Disoproxil Fumarate 300mg, tablets, 30 Tabs",Tenofovir Disoproxil Fumarate,Generic,300mg,Tablet,30,36,534.69,14.85,0.5,Mylan (formerly Matrix) Nashik,No,Weight Captured Separately,Freight Included in Commodity Cost,0.55
23149,105-SS-T30,FPQ-15569,SCMS-272170,ASN-32106,South Sudan,PMO - US,Direct Drop,EXW,Air,12/29/14,2/20/15,2-Jul-15,7-Jul-15,7-Jul-15,HRDT,HIV test - Ancillary,"Orgenics, Ltd","Capillary Tubes, for Determine, EDTA, 50uL,100 Pcs","HIV, Capillary Tubes, for Determine, EDTA, 50uL,100 Pcs",Determine,N/A,Test kit - Ancillary,100,20,160,8,0.08,"Alere Medical Co., Ltd.",No,See ASN-32106 (ID#:19172),See ASN-32106 (ID#:19172),0.19
23156,108-VN-T30,FPQ-13524,SCMS-226260,ASN-26928,Vietnam,PMO - US,Direct Drop,EXW,Air,2/6/14,3/10/14,13-Aug-14,30-Jul-14,1-Aug-14,ARV,Adult,HETERO LABS LIMITED,"Efavirenz/Lamivudine/Tenofovir Disoproxil Fumarate 600/300/300mg, tablets, 30 Tabs",Efavirenz/Lamivudine/Tenofovir Disoproxil Fumarate,Generic,600/300/300mg,Tablet - FDC,30,16528,173544,10.5,0.35,Hetero Unit III Hyderabad IN,Yes,3283,5173.14,178.4
23159,108-VN-T30,FPQ-5899,SCMS-77170,ASN-7779,Vietnam,PMO - US,Direct Drop,FCA,Air,6/23/10,7/1/10,6-Sep-10,6-Sep-10,6-Sep-10,ARV,Adult,ABBVIE LOGISTICS (FORMERLY ABBOTT LOGISTICS BV),"Ritonavir 100mg [Norvir], capsules, cool, 4 x 84 Caps",Ritonavir,Norvir,100mg,Capsule,336,24,7365.12,306.88,0.91,ABBVIE (Abbott) Logis. UK,Yes,60,3981.97,15.88
23173,106-HT-T30,FPQ-14895,SCMS-261110,ASN-30364,Haiti,PMO - US,Direct Drop,EXW,Ocean,9/24/14,11/14/14,31-Mar-15,31-Mar-15,1-Apr-15,ARV,Adult,MYLAN LABORATORIES LTD (FORMERLY MATRIX LABORATORIES),"Lamivudine/Zidovudine 150/300mg, tablets, 60 Tabs",Lamivudine/Zidovudine,Generic,150/300mg,Tablet - FDC,60,75816,492045.84,6.49,0.11,Mylan (formerly Matrix) Nashik,Yes,6452,10477.63,505.82
23192,108-VN-T30,FPQ-13034,SCMS-210120,ASN-24394,Vietnam,PMO - US,Direct Drop,EXW,Air,10/4/13,10/10/13,23-Apr-14,23-Apr-14,23-Apr-14,ARV,Adult,HETERO LABS LIMITED,"Tenofovir Disoproxil Fumarate 300mg, tablets, 30 Tabs",Tenofovir Disoproxil Fumarate,Generic,300mg,Tablet,30,9683,34374.65,3.55,0.12,Hetero Unit III Hyderabad IN,No,See ASN-24394 (ID#:16053),See ASN-24394 (ID#:16053),42.52
23194,106-HT-T30,FPQ-7066,SCMS-100140,ASN-10007,Haiti,PMO - US,Direct Drop,FCA,Air,1/27/11,2/15/11,5-Apr-11,5-Apr-11,5-Apr-11,ARV,Pediatric,BRISTOL-MYERS SQUIBB,"Didanosine 25mg [Videx], chewable tablets, 60 Tabs",Didanosine,Videx,25mg,Chewable/dispersible tablet,60,160,1120,7,0.12,"BMS Meymac, France",Yes,43,1082.89,1.85
23211,109-TZ-T30,FPQ-13927,SCMS-233190,ASN-25567,Tanzania,PMO - US,Direct Drop,EXW,Ocean,3/21/14,3/31/14,27-May-14,27-May-14,12-Jun-14,ARV,Adult,MYLAN LABORATORIES LTD (FORMERLY MATRIX LABORATORIES),"Efavirenz/Emtricitabine/Tenofovir Disoproxil Fumarate 600/200/300mg, tablets, 30 Tabs",Efavirenz/Emtricitabine/Tenofovir Disoproxil Fumarate,Generic,600/200/300mg,Tablet - FDC,30,35000,410900,11.74,0.39,Mylan (formerly Matrix) Nashik,No,See ASN-25567 (ID#:21563),See ASN-25567 (ID#:21563),422.41
23223,116-ZA-T30,FPQ-12523,SCMS-199315,ASN-27210,South Africa,PMO - US,Direct Drop,DDP,Truck,7/12/13,7/11/14,11-Jul-14,11-Jul-14,11-Jul-14,ARV,Pediatric,S. BUYS WHOLESALER,"Atazanavir 150mg [Reyataz], capsules, 60 Caps",Atazanavir,Reyataz,150mg,Capsule,60,2,51.37,25.68,0.43,"BMS Evansville, US",Yes,Weight Captured Separately,Freight Included in Commodity Cost,0.06
23224,161-ZA-T30,FPQ-7175,SCMS-103510,ASN-11886,South Africa,PMO - US,Direct Drop,DDP,Ocean,3/10/11,3/24/11,10-Oct-11,10-Oct-11,10-Oct-11,ARV,Adult,Aurobindo Pharma Limited,"Efavirenz 600mg, tablets, 30 Tabs",Efavirenz,Generic,600mg,Tablet,30,110291,497412.41,4.51,0.15,"Aurobindo Unit III, India",Yes,9375,9951.38,820.73
23238,106-HT-T30,FPQ-14083,SCMS-240201,ASN-27545,Haiti,PMO - US,Direct Drop,EXW,Ocean,5/11/14,6/2/14,20-Oct-14,20-Oct-14,6-Nov-14,ARV,Pediatric,MYLAN LABORATORIES LTD (FORMERLY MATRIX LABORATORIES),"Abacavir/Lamivudine 60/30mg, tablets, 60 Tabs",Abacavir/Lamivudine,Generic,60/30mg,Tablet - FDC,60,2160,8532,3.95,0.07,Mylan (formerly Matrix) Nashik,No,See ASN-27545 (ID#:22160),See ASN-27545 (ID#:22160),8.77
23267,116-ZA-T30,FPQ-12522,SCMS-199289,ASN-28037,South Africa,PMO - US,Direct Drop,DDP,Truck,7/11/13,8/29/14,29-Aug-14,29-Aug-14,29-Aug-14,ARV,Pediatric,S. BUYS WHOLESALER,"Efavirenz 50mg, capsule, 30 Caps",Efavirenz,Generic,50mg,Capsule,30,92,305.1,3.32,0.11,"Aurobindo Unit III, India",No,Weight Captured Separately,Freight Included in Commodity Cost,0.38
23280,161-ZA-T30,FPQ-5303,SCMS-68910,ASN-7439,South Africa,PMO - US,Direct Drop,DDP,Air,3/18/10,3/19/10,24-Aug-10,24-Aug-10,24-Aug-10,ARV,Adult,Aurobindo Pharma Limited,"Efavirenz 600mg, tablets, 30 Tabs",Efavirenz,Generic,600mg,Tablet,30,57600,268992,4.67,0.16,"Aurobindo Unit III, India",Yes,4872,5886.9,579.95
23283,161-ZA-T30,FPQ-5303,SCMS-68980,ASN-8251,South Africa,PMO - US,Direct Drop,DDP,Air,3/18/10,3/19/10,24-Aug-10,19-Nov-10,19-Nov-10,ARV,Adult,Aurobindo Pharma Limited,"Lamivudine 150mg, tablets, 60 Tabs",Lamivudine,Generic,150mg,Tablet,60,2004,5070.12,2.53,0.04,"Aurobindo Unit III, India",Yes,3,1791.41,10.93
23315,107-RW-T30,FPQ-15654,SCMS-272600,ASN-30399,Rwanda,PMO - US,Direct Drop,EXW,Air,12/23/14,1/19/15,17-Feb-15,17-Feb-15,17-Feb-15,ARV,Pediatric,EMCURE PHARMACEUTICALS LTD,"Atazanavir 150mg, capsules, 60 Caps",Atazanavir,Generic,150mg,Capsule,60,912,18240,20,0.33,"Emcure Plot No.P-2, I.T-B.T. Park, Phase II, MIDC, Hinjwadi, Pune, India",Yes,102,1600.98,21.47
23340,123-NG-T30,FPQ-8755,SCMS-129160,ASN-13338,Nigeria,PMO - US,Direct Drop,EXW,Air,11/11/11,12/9/11,9-Jan-12,9-Jan-12,9-Jan-12,ANTM,Malaria,IDA FOUNDATION,"Sulfadoxine/Pyrimethamine 500/25mg, tablets, Blister 10 x 3 Tabs",Sulfadoxine/Pyrimethamine,Generic,500/25mg,Tablet - FDC + blister,30,300,477,1.59,0.05,"Micro Labs Ltd. (Brown & Burk), India",Yes,14,350.02,0.67
23365,107-RW-T30,FPQ-3859,SCMS-48872,ASN-6489,Rwanda,PMO - US,Direct Drop,CIP,Air,6/30/09,7/7/09,15-Apr-10,15-Apr-10,15-Apr-10,ARV,Adult,Aurobindo Pharma Limited,"Didanosine 250mg, delayed-release capsules, 30 Caps",Didanosine,Generic,250mg,Delayed-release capsules,30,558,8174.7,14.65,0.49,"Aurobindo Unit III, India",Yes,1297,23760.45,16.02
23370,102-ZW-T30,FPQ-13030,SCMS-210650,ASN-22850,Zimbabwe,PMO - US,Direct Drop,EXW,Air,10/4/13,10/16/13,21-Jan-14,21-Jan-14,22-Jan-14,ARV,Adult,MYLAN LABORATORIES LTD (FORMERLY MATRIX LABORATORIES),"Abacavir/Lamivudine 600/300mg, tablets, 30 Tabs",Abacavir/Lamivudine,Generic,600/300mg,Tablet - FDC,30,9810,132336.9,13.49,0.45,Mylan (formerly Matrix) Nashik,Yes,962,6773.13,163.7
23375,106-HT-T30,FPQ-15038,SCMS-263030,ASN-30812,Haiti,PMO - US,Direct Drop,EXW,Air,10/22/14,12/24/14,26-Mar-15,26-Mar-15,30-Mar-15,ARV,Adult,HETERO LABS LIMITED,"Lamivudine 150mg, tablets, 60 Tabs",Lamivudine,Generic,150mg,Tablet,60,3600,6480,1.8,0.03,Hetero Unit III Hyderabad IN,Yes,216,2612.79,6.66
23381,100-ZW-T30,FPQ-6716,SCMS-95570,ASN-10269,Zimbabwe,PMO - US,Direct Drop,CIF,Air,12/10/10,1/12/11,10-May-11,10-May-11,10-May-11,HRDT,HIV test,BIOLYTICAL LABORATORIES INC.,"#109440**HIV 1/2, INSTI HIV Antibody Individual POC, 1 Test","HIV 1/2, INSTI HIV Antibody Individual POC, 1 Test",INSTi,N/A,Test kit,1,7199,23396.75,3.25,3.25,bioLytical Laboratories,Yes,369,1014.5,38.6
23387,116-ZA-T30,FPQ-14942,SCMS-259078,ASN-33470,South Africa,PMO - US,Direct Drop,DDP,Truck,9/11/14,10/9/14,24-Jul-15,24-Jul-15,24-Jul-15,ARV,Adult,PHARMACY DIRECT,"Lamivudine 150mg, tablets, 60 Tabs",Lamivudine,Generic,150mg,Tablet,60,74,521.82,7.05,0.12,"Aurobindo Unit III, India",No,Weight Captured Separately,Freight Included in Commodity Cost,0.54
23404,105-SS-T30,FPQ-15569,SCMS-272160,ASN-31323,South Sudan,PMO - US,Direct Drop,EXW,Air,12/29/14,2/20/15,3-Jun-15,3-Jun-15,5-Jun-15,HRDT,HIV test - Ancillary,"Orgenics, Ltd","Chase Buffer, Determine, 100 Tests, 2.5ml x 1 Vial","Chase Buffer, Determine, 100 Tests, 2.5ml x 1 Vial",Determine,N/A,Test kit - Ancillary,1,20,100,5,5,"Alere Medical Co., Ltd.",No,See ASN-31323 (ID#:14240),See ASN-31323 (ID#:14240),0.12
23445,104-CI-T30,FPQ-12806,SCMS-206591,ASN-26596,Côte d'Ivoire,PMO - US,Direct Drop,EXW,Air,8/9/13,2/10/14,30-Jun-14,30-Jun-14,7-Jul-14,ARV,Adult,MYLAN LABORATORIES LTD (FORMERLY MATRIX LABORATORIES),"Atazanavir/Ritonavir 300/100mg, tablets, 30 Tabs",Atazanavir/Ritonavir,Generic,300/100mg,Tablet,30,2100,42000,20,0.67,Mylan (formerly Matrix) Nashik,Yes,293,3316.79,51.95
23452,200-ZW-T30,FPQ-6488,SCMS-90690,ASN-13957,Zimbabwe,PMO - US,Direct Drop,FCA,Air,10/26/10,11/10/10,2-Apr-12,2-Apr-12,2-Apr-12,ARV,Pediatric,ABBVIE LOGISTICS (FORMERLY ABBOTT LOGISTICS BV),"Lopinavir/Ritonavir 80/20mg/ml [Kaletra], oral solution, cool, Bottle 5 x 60 ml",Lopinavir/Ritonavir,Kaletra,80/20mg/ml,Oral solution,300,1251,38555.82,30.82,0.1,ABBVIE (Abbott) Logis. UK,Yes,Weight Captured Separately,Invoiced Separately,83.13
23466,107-RW-T30,FPQ-3859,SCMS-48890,ASN-6725,Rwanda,PMO - US,Direct Drop,CIP,Air,6/30/09,7/16/09,26-Apr-10,26-Apr-10,26-Apr-10,ARV,Adult,Aurobindo Pharma Limited,"Lopinavir/Ritonavir 200/50mg, tablets, 120 Tabs",Lopinavir/Ritonavir,Generic,200/50mg,Tablet,120,2240,83686.4,37.36,0.31,"Aurobindo Unit III, India",Yes,554,7531.78,164.03
23467,161-ZA-T30,FPQ-7175,SCMS-104070,ASN-11381,South Africa,PMO - US,Direct Drop,DDP,Ocean,3/10/11,3/28/11,2-Nov-11,2-Nov-11,2-Nov-11,ARV,Adult,CIPLA LIMITED,"Nevirapine 200mg, tablets, 60 Tabs",Nevirapine,Generic,200mg,Tablet,60,89674,243913.28,2.72,0.05,"Cipla, Goa, India",Yes,9667,17703.62,402.46
23488,105-SS-T30,FPQ-14470,SCMS-245230,ASN-27241,South Sudan,PMO - US,Direct Drop,EXW,Air,6/17/14,7/1/14,29-Sep-14,29-Sep-14,30-Sep-14,HRDT,HIV test,"Trinity Biotech, Plc","HIV 1/2, Uni-Gold HIV Kit, 20 Tests","HIV 1/2, Uni-Gold HIV Kit",Uni-Gold,N/A,Test kit,20,25,800,32,1.6,"Trinity Biotech, Plc",Yes,175,4011.66,0.82
23509,116-ZA-T30,FPQ-3560,SCMS-49641,ASN-5157,South Africa,PMO - US,Direct Drop,DDP,Truck,5/7/09,7/21/09,12-Aug-09,12-Aug-09,12-Aug-09,ARV,Adult,S. BUYS WHOLESALER,"Lopinavir/Ritonavir 200/50mg [Aluvia], tablets, 120 Tabs",Lopinavir/Ritonavir,Aluvia,200/50mg,Tablet,120,8000,375880.98,46.99,0.39,ABBVIE Ludwigshafen Germany,Yes,Weight Captured Separately,Freight Included in Commodity Cost,736.73
23524,104-CI-T30,FPQ-7654,SCMS-113780,ASN-13752,Côte d'Ivoire,PMO - US,Direct Drop,CIP,Air,5/3/11,7/8/11,20-Feb-12,20-Feb-12,20-Feb-12,ARV,Pediatric,MERCK SHARP & DOHME IDEA GMBH (FORMALLY MERCK SHARP & DOHME B.V.),"Efavirenz 30mg/ml [Stocrin/Sustiva], oral solution, Bottle, 180 ml",Efavirenz,Stocrin/Sustiva,30mg/ml,Oral solution,180,1184,20080.64,16.96,0.09,"MSD, Haarlem, NL",Yes,361,783.22,33.13
23557,116-ZA-T30,FPQ-3560,SCMS-49610,ASN-5004,South Africa,PMO - US,Direct Drop,DDP,Truck,5/7/09,7/21/09,11-Aug-09,12-Aug-09,12-Aug-09,ARV,Adult,S. BUYS WHOLESALER,"Tenofovir Disoproxil Fumarate 300mg [Viread], tablets, 30 Tabs",Tenofovir Disoproxil Fumarate,Viread,300mg,Tablet,30,2837,73030.7,25.74,0.86,"Aspen-OSD, Port Elizabeth, SA",Yes,Weight Captured Separately,Freight Included in Commodity Cost,143.14
23573,133-NG-T30,FPQ-7553,SCMS-108720,ASN-11271,Nigeria,PMO - US,Direct Drop,EXW,Air,4/28/11,5/23/11,27-Jul-11,27-Jul-11,27-Jul-11,HRDT,HIV test,"Orgenics, Ltd","HIV 1/2, Determine Complete HIV Kit, 100 Tests","HIV 1/2, Determine Complete HIV Kit",Determine,N/A,Test kit,100,2687,239143,89,0.89,Inverness Japan,Yes,1277,26014.88,394.59
23584,114-UG-T30,FPQ-3891,SCMS-52560,ASN-5281,Uganda,PMO - US,Direct Drop,CIP,Air,7/22/09,9/14/09,17-Nov-09,17-Nov-09,17-Nov-09,ARV,Adult,MERCK SHARP & DOHME IDEA GMBH (FORMALLY MERCK SHARP & DOHME B.V.),"Indinavir 400mg [Crixivan], capsules, 180 Caps",Indinavir,Crixivan,400mg,Capsule,180,48,2400,50,0.28,"MSD, Haarlem, NL",Yes,11,48,4.7
23596,116-ZA-T30,FPQ-13035,SCMS-215370,ASN-24415,South Africa,PMO - US,Direct Drop,DDP,Truck,10/8/13,12/2/13,6-Feb-14,6-Feb-14,6-Feb-14,ARV,Adult,S. BUYS WHOLESALER,"Nevirapine 200mg, tablets, 60 Tabs",Nevirapine,Generic,200mg,Tablet,60,226,4088.15,18.09,0.3,"Cipla, Goa, India",Yes,Weight Captured Separately,Freight Included in Commodity Cost,5.06
23664,108-VN-T30,FPQ-5317,SCMS-69730,ASN-8446,Vietnam,PMO - US,Direct Drop,EXW,Air,3/22/10,3/29/10,9-Nov-10,9-Nov-10,9-Nov-10,ARV,Adult,MYLAN LABORATORIES LTD (FORMERLY MATRIX LABORATORIES),"Efavirenz 600mg, tablets, 30 Tabs",Efavirenz,Generic,600mg,Tablet,30,42836,184194.8,4.3,0.14,Mylan (formerly Matrix) Nashik,Yes,3494,10711.06,397.12
23666,116-ZA-T30,FPQ-13214,SCMS-215410,ASN-23875,South Africa,PMO - US,Direct Drop,DDP,Truck,11/14/13,12/2/13,13-Jan-14,13-Jan-14,13-Jan-14,ARV,Pediatric,S. BUYS WHOLESALER,"Lamivudine 10mg/ml, oral solution w/syringe, Bottle, 240 ml",Lamivudine,Generic,10mg/ml,Oral solution,240,54,382.47,7.08,0.03,"Aurobindo Unit III, India",No,Weight Captured Separately,Freight Included in Commodity Cost,0.39
23691,108-VN-T30,FPQ-11418,SCMS-176200,ASN-19695,Vietnam,PMO - US,Direct Drop,EXW,Air,1/29/13,2/5/13,2-Jul-13,2-Jul-13,2-Jul-13,ARV,Adult,MICRO LABS LIMITED,"Efavirenz 600mg, tablets, 30 Tabs",Efavirenz,Generic,600mg,Tablet,30,30118,97281.14,3.23,0.11,"Micro labs, Verna, Goa, India",Yes,1782,9648.44,120.34
23718,144-BW-T30,FPQ-4487,SCMS-57522,ASN-6033,Botswana,PMO - US,Direct Drop,EXW,Air,11/2/09,11/13/09,4-Mar-10,4-Mar-10,4-Mar-10,HRDT,HIV test - Ancillary,"Trinity Biotech, Plc","#109436**HIV 1, Uni-Gold Recombigen HIV Control, Vial 2 x 0.5 ml","HIV 1, Uni-Gold Recombigen HIV Control, Vial 2 x 0.5 ml",Uni-Gold,N/A,Test kit - Ancillary,2,15,465,31,15.5,"Trinity Biotech, Plc",Yes,1,599.73,1
23724,161-ZA-T30,FPQ-7400,SCMS-104170,ASN-11477,South Africa,PMO - US,Direct Drop,DDP,Ocean,3/11/11,3/30/11,23-Sep-11,23-Sep-11,23-Sep-11,ARV,Pediatric,GLAXOSMITHKLINE EXPORT LIMITED,"Abacavir 20mg/ml [Ziagen], oral solution, Bottle, 240 ml",Abacavir,Ziagen,20mg/ml,Oral solution,240,20000,185600,9.28,0.04,GSK Mississauga (Canada),Yes,7656,9650.6,306.24
23727,116-ZA-T30,FPQ-14942,SCMS-295800,ASN-33865,South Africa,PMO - US,Direct Drop,DDP,Truck,9/11/14,8/24/15,24-Aug-15,24-Aug-15,24-Aug-15,ARV,Adult,PHARMACY DIRECT,"Didanosine 250mg, delayed-release capsules, 30 Caps",Didanosine,Generic,250mg,Delayed-release capsules,30,6,71.03,11.84,0.39,"Aurobindo Unit III, India",Yes,Weight Captured Separately,Freight Included in Commodity Cost,0.07
23750,109-TZ-T30,FPQ-11919,SCMS-205460,ASN-22365,Tanzania,PMO - US,Direct Drop,EXW,Air,3/25/13,9/11/13,23-Dec-13,23-Dec-13,3-Jan-14,HRDT,HIV test,"Trinity Biotech, Plc","HIV 1/2, Uni-Gold HIV Kit, 20 Tests","HIV 1/2, Uni-Gold HIV Kit",Uni-Gold,N/A,Test kit,20,3,96,32,1.6,"Trinity Biotech, Plc",Yes,0,1002.35,0.12
23756,901-NA-T30,FPQ-14689,SCMS-253440,ASN-29096,Namibia,PMO - US,Direct Drop,EXW,Air,7/30/14,8/29/14,19-Nov-14,19-Nov-14,3-Dec-14,ARV,Adult,HETERO LABS LIMITED,"Lamivudine/Nevirapine/Zidovudine 150/200/300mg, tablets, 60 Tabs",Lamivudine/Nevirapine/Zidovudine,Generic,150/300/200mg,Tablet - FDC,60,33516,277847.64,8.29,0.14,"Hetero, Jadcherla, unit 5, IN",Yes,4237,6786.64,285.63
23787,144-BW-T30,FPQ-4167,SCMS-54110,ASN-5951,Botswana,PMO - US,Direct Drop,EXW,Air,9/9/09,9/30/09,3-Mar-10,3-Mar-10,3-Mar-10,HRDT,HIV test,"Trinity Biotech, Plc","HIV 1/2, Uni-Gold HIV Kit, 20 Tests","HIV 1/2, Uni-Gold HIV Kit",Uni-Gold,N/A,Test kit,20,5,160,32,1.6,"Trinity Biotech, Plc",Yes,3,603.53,0.31
23791,116-ZA-T30,FPQ-13973,SCMS-238554,ASN-28626,South Africa,PMO - US,Direct Drop,DDP,Truck,4/30/14,10/3/14,3-Oct-14,3-Oct-14,3-Oct-14,ARV,Adult,PHARMACY DIRECT,"Raltegravir 400mg [Isentress], tablets, 60 Tabs",Raltegravir,Isentress,400mg,Tablet,60,6,507.86,84.64,1.41,"MSD, Haarlem, NL",Yes,Weight Captured Separately,Freight Included in Commodity Cost,0.52
23831,106-HT-T30,FPQ-13494,SCMS-225420,ASN-24982,Haiti,PMO - US,Direct Drop,EXW,Air,1/21/14,2/19/14,14-Apr-14,14-Apr-14,16-Apr-14,HRDT,HIV test,"SHANGHAI KEHUA BIOENGINEERING CO.,LTD.  (KHB)","HIV 1/2, SKB Colloidal Gold, Diagnostic Kit, Antibody, 50 Tests","HIV 1/2, Colloidal Gold, Diagnostic Kit, Antibody",Colloidal Gold,N/A,Test kit,1,350,8575,24.5,24.5,"KHB Test Kit Facility, Shanghai China",Yes,240,3126.61,8.82
23842,116-ZA-T30,FPQ-12522,SCMS-199289,ASN-28034,South Africa,PMO - US,Direct Drop,DDP,Truck,7/11/13,8/29/14,29-Aug-14,29-Aug-14,29-Aug-14,ARV,Adult,S. BUYS WHOLESALER,"Lopinavir/Ritonavir 200/50mg [Aluvia], tablets, 120 Tabs",Lopinavir/Ritonavir,Aluvia,200/50mg,Tablet,120,101,2601.73,25.76,0.21,ABBVIE Ludwigshafen Germany,No,Weight Captured Separately,Freight Included in Commodity Cost,3.22
23866,108-VN-T30,FPQ-3934,SCMS-48730,ASN-4803,Vietnam,PMO - US,Direct Drop,FCA,Air,7/6/09,7/14/09,15-Sep-09,15-Sep-09,15-Sep-09,ARV,Adult,ABBVIE LOGISTICS (FORMERLY ABBOTT LOGISTICS BV),"Lopinavir/Ritonavir 200/50mg [Aluvia], tablets, 120 Tabs",Lopinavir/Ritonavir,Aluvia,200/50mg,Tablet,120,560,46032,82.2,0.68,ABBVIE Ludwigshafen Germany,Yes,83,436.86,90.22
23875,104-CI-T30,FPQ-8327,SCMS-124790,ASN-13316,Côte d'Ivoire,PMO - US,Direct Drop,FCA,Ocean,9/8/11,11/18/11,23-Mar-12,23-Mar-12,23-Mar-12,ARV,Adult,ABBVIE LOGISTICS (FORMERLY ABBOTT LOGISTICS BV),"Lopinavir/Ritonavir 200/50mg [Aluvia], tablets, 120 Tabs",Lopinavir/Ritonavir,Aluvia,200/50mg,Tablet,120,20580,634275.6,30.82,0.26,ABBVIE Ludwigshafen Germany,Yes,5139,40289,1046.55
23904,108-VN-T30,FPQ-4266,SCMS-56250,ASN-6253,Vietnam,PMO - US,Direct Drop,EXW,Air,10/20/09,11/2/09,20-Mar-10,20-Mar-10,20-Mar-10,ARV,Adult,MYLAN LABORATORIES LTD (FORMERLY MATRIX LABORATORIES),"Zidovudine 300mg, tablets, 60 Tabs",Zidovudine,Generic,300mg,Tablet,60,168,1260,7.5,0.12,Mylan (formerly Matrix) Nashik,Yes,9,4138.11,2.47
23939,161-ZA-T30,FPQ-7175,SCMS-103370,ASN-12256,South Africa,PMO - US,Direct Drop,DDP,Ocean,3/10/11,3/24/11,8-Nov-11,8-Nov-11,8-Nov-11,ARV,Adult,Aurobindo Pharma Limited,"Efavirenz 600mg, tablets, 30 Tabs",Efavirenz,Generic,600mg,Tablet,30,249500,1125245,4.51,0.15,"Aurobindo Unit III, India",Yes,21205,25129.15,1856.65
23957,108-VN-T30,FPQ-14516,SCMS-249050,ASN-29373,Vietnam,PMO - US,Direct Drop,EXW,Air,7/9/14,8/11/14,17-Dec-14,17-Dec-14,17-Dec-14,ARV,Adult,HETERO LABS LIMITED,"Efavirenz/Lamivudine/Tenofovir Disoproxil Fumarate 600/300/300mg, tablets, 30 Tabs",Efavirenz/Lamivudine/Tenofovir Disoproxil Fumarate,Generic,600/300/300mg,Tablet - FDC,30,19200,201600,10.5,0.35,Hetero Unit III Hyderabad IN,Yes,2877,4312.92,207.24
23967,116-ZA-T30,FPQ-13973,SCMS-238555,ASN-29257,South Africa,PMO - US,Direct Drop,DDP,Truck,4/30/14,11/4/14,5-Nov-14,5-Nov-14,5-Nov-14,ARV,Adult,PHARMACY DIRECT,"Abacavir 300mg, tablets, 60 Tabs",Abacavir,Generic,300mg,Tablet,60,84,5795.22,68.99,1.15,"Aurobindo Unit III, India",No,Weight Captured Separately,Freight Included in Commodity Cost,5.96
23993,100-DO-T30,FPQ-6126,SCMS-83580,ASN-8577,Dominican Republic,PMO - US,Direct Drop,EXW,Truck,8/19/10,9/2/10,22-Oct-10,22-Oct-10,22-Oct-10,ARV,Adult,"ABBVIE, SRL (FORMALLY ABBOTT LABORATORIES INTERNATIONAL CO.)","Ritonavir 100mg [Norvir], capsules, cool, 2 x 84 Caps",Ritonavir,Norvir,100mg,Capsule,168,52,7488,144,0.86,ABBVIE (Abbott) St. P'burg USA,Yes,Weight Captured Separately,Invoiced Separately,16.14
24018,102-KE-T30,FPQ-3976,SCMS-52792,ASN-5143,Kenya,PMO - US,Direct Drop,EXW,Air,7/20/09,9/3/09,6-Nov-09,6-Nov-09,6-Nov-09,HRDT,HIV test,"Orgenics, Ltd","HIV 1/2, Determine Complete HIV Kit, 100 Tests","HIV 1/2, Determine Complete HIV Kit",Determine,N/A,Test kit,100,20000,1600000,80,0.8,Inverness Japan,Yes,5902,52057.8,3136
24028,133-NG-T30,FPQ-10765,SCMS-162440,ASN-18599,Nigeria,PMO - US,Direct Drop,EXW,Air,10/5/12,10/16/12,9-Jan-13,20-Mar-13,20-Mar-13,HRDT,HIV test,"Orgenics, Ltd","HIV 1/2, Determine Complete HIV Kit, 100 Tests","HIV 1/2, Determine Complete HIV Kit",Determine,N/A,Test kit,100,2874,255786,89,0.89,"Alere Medical Co., Ltd.",Yes,1252,26380.35,358.61
24048,101-CD-T30,FPQ-14654,SCMS-253260,ASN-28279,"Congo, DRC",PMO - US,Direct Drop,EXW,Air,8/11/14,8/27/14,4-Nov-14,4-Nov-14,20-Nov-14,HRDT,HIV test,"Trinity Biotech, Plc","HIV 1/2, Uni-Gold HIV Kit, 20 Tests","HIV 1/2, Uni-Gold HIV Kit",Uni-Gold,N/A,Test kit,20,353,11296,32,1.6,"Trinity Biotech, Plc",No,See ASN-28279 (ID#:13547),See ASN-28279 (ID#:13547),11.61
24051,109-TZ-T30,FPQ-4157,SCMS-52776,ASN-5222,Tanzania,PMO - US,Direct Drop,EXW,Air,8/27/09,9/11/09,24-Dec-09,24-Dec-09,24-Dec-09,HRDT,HIV test,"Standard Diagnostics, Inc.","HIV 1/2, Bioline 3.0 Kit, (no accessories), 30 Tests","HIV 1/2, Bioline 3.0 Kit (no accessories)",Bioline,N/A,Test kit,30,9720,233280,24,0.8,"Standard Diagnostics, Korea",Yes,3240,36096.76,457.23
24053,109-TZ-T30,FPQ-10809,SCMS-162831,ASN-18313,Tanzania,PMO - US,Direct Drop,EXW,Air,10/11/12,10/18/12,23-Apr-13,23-Apr-13,23-Apr-13,HRDT,HIV test,"Trinity Biotech, Plc","HIV 1/2, Uni-Gold HIV Kit, 20 Tests","HIV 1/2, Uni-Gold HIV Kit",Uni-Gold,N/A,Test kit,20,107,3424,32,1.6,"Trinity Biotech, Plc",Yes,39,1158.73,4.24
24060,107-RW-T30,FPQ-4047,SCMS-50800,ASN-5455,Rwanda,PMO - US,Direct Drop,CIP,Air,7/28/09,8/18/09,23-Nov-09,23-Nov-09,23-Nov-09,ARV,Adult,HETERO LABS LIMITED,"Lamivudine 150mg, tablets, 60 Tabs",Lamivudine,Generic,150mg,Tablet,60,10620,27505.8,2.59,0.04,Hetero Unit III Hyderabad IN,Yes,593,730.81,53.91
24063,109-TZ-T30,FPQ-11881,SCMS-182810,ASN-19486,Tanzania,PMO - US,Direct Drop,EXW,Air,3/14/13,4/11/13,11-Jun-13,11-Jun-13,11-Jun-13,HRDT,HIV test,"Trinity Biotech, Plc","HIV 1/2, Uni-Gold HIV Kit, 20 Tests","HIV 1/2, Uni-Gold HIV Kit",Uni-Gold,N/A,Test kit,20,311,9952,32,1.6,"Trinity Biotech, Plc",Yes,1,1979.1,12.31
24115,102-KE-T30,FPQ-9127,SCMS-134410,ASN-13751,Kenya,PMO - US,Direct Drop,CIP,Air,1/13/12,1/19/12,21-Feb-12,21-Feb-12,21-Feb-12,HRDT,HIV test,EY Laboratories,"HIV 1/2, InstantChek HIV 1+2 Kit, 100 Tests","HIV 1/2, InstantChek HIV 1+2 Kit",InstantCHEK,N/A,Test kit,100,15,1125,75,0.75,"EY Laboratories, USA",Yes,18,803.6,1.58
24116,116-ZA-T30,FPQ-12522,SCMS-199283,ASN-27976,South Africa,PMO - US,Direct Drop,DDP,Truck,7/11/13,8/27/14,27-Aug-14,27-Aug-14,27-Aug-14,ARV,Pediatric,S. BUYS WHOLESALER,"Efavirenz 200mg, capsule, 90 Caps",Efavirenz,Generic,200mg,Capsule,90,25,659.22,26.37,0.29,"Aurobindo Unit III, India",Yes,Weight Captured Separately,Freight Included in Commodity Cost,0.82
24123,103-ZW-T30,FPQ-13325,SCMS-216230,ASN-26314,Zimbabwe,PMO - US,Direct Drop,FCA,Air,11/26/13,11/28/13,24-Jun-14,24-Jun-14,25-Jun-14,ARV,Pediatric,ABBVIE LOGISTICS (FORMERLY ABBOTT LOGISTICS BV),"Lopinavir/Ritonavir 100/25mg [Aluvia], tablets, 60 Tabs",Lopinavir/Ritonavir,Generic,100/25mg,Tablet,60,9670,57439.8,5.94,0.1,ABBVIE Ludwigshafen Germany,Yes,1128,13330.73,59.05
24129,102-SD-T30,FPQ-8261,SCMS-120442,ASN-12833,Sudan,PMO - US,Direct Drop,EXW,Air,8/29/11,9/14/11,6-Jan-12,6-Jan-12,6-Jan-12,HRDT,HIV test,"Orgenics, Ltd","HIV 1/2, Determine Complete HIV Kit, 100 Tests","HIV 1/2, Determine Complete HIV Kit",Determine,N/A,Test kit,100,77,6853,89,0.89,"Alere Medical Co., Ltd.",Yes,36,1712.6,11.31
24151,106-HT-T30,FPQ-15884,SCMS-288090,ASN-33666,Haiti,PMO - US,Direct Drop,CIP,Air,3/4/15,5/18/15,7-Sep-15,7-Sep-15,8-Sep-15,ARV,Adult,"MSD LATIN AMERICA SERVICES, S. DE R.L. DE C.V.","Raltegravir 400mg [Isentress], tablets, 60 Tabs",Raltegravir,Isentress,400mg,Tablet,60,400,22200,55.5,0.92,"MSD, Haarlem, NL",Yes,Weight Captured Separately,Freight Included in Commodity Cost,26.13
24187,161-ZA-T30,FPQ-6262,SCMS-83830,ASN-9486,South Africa,PMO - US,Direct Drop,DDP,Ocean,8/31/10,9/24/10,1-Feb-11,4-Mar-11,4-Mar-11,ARV,Adult,Aurobindo Pharma Limited,"Efavirenz 600mg, tablets, 30 Tabs",Efavirenz,Generic,600mg,Tablet,30,116218,526467.54,4.53,0.15,"Aurobindo Unit III, India",Yes,12410,10446.37,1135.06
24192,102-KE-T30,FPQ-6406,SCMS-88211,ASN-9549,Kenya,PMO - US,Direct Drop,EXW,Air,9/27/10,11/22/10,10-Feb-11,10-Feb-11,10-Feb-11,HRDT,HIV test,"Orgenics, Ltd","HIV 1/2, Determine Complete HIV Kit, 100 Tests","HIV 1/2, Determine Complete HIV Kit",Determine,N/A,Test kit,100,1,89,89,0.89,Inverness Japan,Yes,800,8826,0.19
24246,117-ET-T30,FPQ-9990,SCMS-148080,ASN-15260,Ethiopia,PMO - US,Direct Drop,FCA,Air,5/24/12,6/1/12,27-Jun-12,27-Jun-12,27-Jun-12,ARV,Pediatric,ABBVIE LOGISTICS (FORMERLY ABBOTT LOGISTICS BV),"Lopinavir/Ritonavir 80/20mg/ml [Kaletra], oral solution, cool, Bottle 5 x 60 ml",Lopinavir/Ritonavir,Kaletra,80/20mg/ml,Oral solution,300,700,21574,30.82,0.1,ABBVIE (Abbott) Logis. UK,Yes,1050,4672.77,30.25
24270,161-ZA-T30,FPQ-5303,SCMS-68980,ASN-7687,South Africa,PMO - US,Direct Drop,DDP,Air,3/18/10,3/19/10,24-Aug-10,20-Sep-10,20-Sep-10,ARV,Adult,Aurobindo Pharma Limited,"Lamivudine 150mg, tablets, 60 Tabs",Lamivudine,Generic,150mg,Tablet,60,34067,86189.51,2.53,0.04,"Aurobindo Unit III, India",Yes,1828,1791.42,185.82
24276,113-ZW-T30,FPQ-13669,SCMS-225840,ASN-28465,Zimbabwe,PMO - US,Direct Drop,EXW,Air,2/3/14,2/12/14,7-Nov-14,7-Nov-14,7-Nov-14,HRDT,HIV test,"Orgenics, Ltd","HIV 1/2, Determine Complete HIV Kit, 100 Tests","HIV 1/2, Determine Complete HIV Kit",Determine,N/A,Test kit,100,7233,578640,80,0.8,"Alere Medical Co., Ltd.",Yes,2933,42028.45,594.84
24285,116-ZA-T30,FPQ-13973,SCMS-238554,ASN-28627,South Africa,PMO - US,Direct Drop,DDP,Truck,4/30/14,10/3/14,3-Oct-14,3-Oct-14,3-Oct-14,ARV,Adult,PHARMACY DIRECT,"Didanosine 250mg, delayed-release capsules, 30 Caps",Didanosine,Generic,250mg,Delayed-release capsules,30,1,15.25,15.25,0.51,"Aurobindo Unit III, India",No,Weight Captured Separately,Freight Included in Commodity Cost,0.02
24297,101-CD-T30,FPQ-14244,SCMS-240240,ASN-26540,"Congo, DRC",PMO - US,Direct Drop,EXW,Air,5/15/14,5/23/14,9-Oct-14,9-Oct-14,21-Oct-14,ANTM,Malaria,AMSTELFARMA B.V.,"Sulfadoxine/Pyrimethamine 500/25mg, tablets, 1000 Tabs",Sulfadoxine/Pyrimethamine,Generic,500/25mg,Tablet - FDC,1000,1070,25680,24,0.02,"Micro Labs, Hosur, India",Yes,902,5914,26.4
24300,116-ZA-T30,FPQ-12522,SCMS-199283,ASN-27976,South Africa,PMO - US,Direct Drop,DDP,Truck,7/11/13,8/27/14,27-Aug-14,27-Aug-14,27-Aug-14,ARV,Pediatric,S. BUYS WHOLESALER,"Lamivudine 10mg/ml, oral solution w/syringe, Bottle, 240 ml",Lamivudine,Generic,10mg/ml,Oral solution,240,13,103.95,8,0.03,"Aurobindo Unit III, India",No,Weight Captured Separately,Freight Included in Commodity Cost,0.13
24324,161-ZA-T30,FPQ-5303,SCMS-68790,ASN-6911,South Africa,PMO - US,Direct Drop,DDP,Air,3/18/10,3/19/10,7-Jul-10,7-Jul-10,7-Jul-10,ARV,Adult,STRIDES ARCOLAB LIMITED,"Lamivudine 150mg, tablets, 60 Tabs",Lamivudine,Generic,150mg,Tablet,60,303125,779031.25,2.57,0.04,"Strides, Bangalore, India.",Yes,15006,20134.62,1679.59
24345,108-VN-T30,FPQ-5094,SCMS-68500,ASN-7171,Vietnam,PMO - US,Direct Drop,EXW,Air,3/15/10,3/24/10,22-Jun-10,22-Jun-10,22-Jun-10,ARV,Adult,STRIDES ARCOLAB LIMITED,"Lamivudine/Nevirapine/Zidovudine 150/200/300mg, tablets, 60 Tabs",Lamivudine/Nevirapine/Zidovudine,Generic,150/300/200mg,Tablet - FDC,60,20651,227161,11,0.18,"Strides, Bangalore, India.",Yes,2367,10648.45,489.76
24358,109-TZ-T30,FPQ-14049,SCMS-239380,ASN-27718,Tanzania,PMO - US,Direct Drop,FCA,Air,4/11/14,5/16/14,2-Oct-14,2-Oct-14,3-Oct-14,ARV,Pediatric,ABBVIE LOGISTICS (FORMERLY ABBOTT LOGISTICS BV),"Lopinavir/Ritonavir 100/25mg [Aluvia], tablets, 60 Tabs",Lopinavir/Ritonavir,Generic,100/25mg,Tablet,60,5273,31321.62,5.94,0.1,ABBVIE Ludwigshafen Germany,Yes,668,4835.39,32.2
24366,117-ET-T30,FPQ-9098,SCMS-133590,ASN-14914,Ethiopia,PMO - US,Direct Drop,EXW,Air,1/10/12,1/23/12,18-May-12,18-May-12,18-May-12,HRDT,HIV test,"SHANGHAI KEHUA BIOENGINEERING CO.,LTD.  (KHB)","HIV 1/2, SKB Colloidal Gold, Diagnostic Kit, Antibody, 50 Tests","HIV 1/2, Colloidal Gold, Diagnostic Kit, Antibody",Colloidal Gold,N/A,Test kit,1,1362,33369,24.5,24.5,"KHB Test Kit Facility, Shanghai China",Yes,970,9718.85,46.78
24368,106-HT-T30,FPQ-15038,SCMS-262930,ASN-31826,Haiti,PMO - US,Direct Drop,EXW,Air,10/22/14,1/20/15,10-Jun-15,10-Jun-15,11-Jun-15,ARV,Pediatric,Aurobindo Pharma Limited,"Zidovudine 10mg/ml, oral solution, Bottle, 240 ml",Zidovudine,Generic,10mg/ml,Oral solution,240,5730,10887,1.9,0.01,"Aurobindo Unit III, India",Yes,2254,12791.34,11.19
24374,107-RW-T30,FPQ-3859,SCMS-48920,ASN-5840,Rwanda,PMO - US,Direct Drop,CIP,Air,6/30/09,7/17/09,27-Jan-10,27-Jan-10,27-Jan-10,ARV,Adult,Aurobindo Pharma Limited,"Tenofovir Disoproxil Fumarate 300mg, tablets, 30 Tabs",Tenofovir Disoproxil Fumarate,Generic,300mg,Tablet,30,5520,47251.2,8.56,0.29,"Aurobindo Unit III, India",Yes,516,2355.52,92.61
24384,114-UG-T30,FPQ-10788,SCMS-162740,ASN-17430,Uganda,PMO - US,Direct Drop,DAP,Air,10/10/12,10/25/12,14-Dec-12,14-Dec-12,14-Dec-12,ARV,Adult,ASPEN PHARMACARE,"Darunavir 300mg [Prezista], tablets, 120 Tabs",Darunavir,Prezista,300mg,Tablet,120,288,19180.8,66.6,0.55,"Aspen-OSD, Port Elizabeth, SA",Yes,94,1061,23.73
24386,151-NG-T30,FPQ-16312,SCMS-287700,ASN-32527,Nigeria,PMO - US,Direct Drop,EXW,Air,5/4/15,5/7/15,24-Jun-15,24-Jun-15,30-Jun-15,ARV,Adult,HETERO LABS LIMITED,"Lamivudine/Zidovudine 150/300mg, tablets, 60 Tabs",Lamivudine/Zidovudine,Generic,150/300mg,Tablet - FDC,60,58462,385849.2,6.6,0.11,Hetero Unit III Hyderabad IN,Yes,6093,42199.11,454.14
24427,110-ZM-T30,FPQ-4141,SCMS-53261,ASN-5853,Zambia,PMO - US,Direct Drop,EXW,Air,8/31/09,9/11/09,28-Jan-10,28-Jan-10,28-Jan-10,HRDT,HIV test - Ancillary,"Orgenics, Ltd","HIV, Lancet, Safety, for HIV Test kits, 100 Pcs","HIV, Lancet, Safety, for HIV Test kits, 100 Pcs",Generic,N/A,Test kit - Ancillary,100,7000,35000,5,0.05,Inverness Japan,Yes,1382,18369.56,68.6
24440,116-ZA-T30,FPQ-12522,SCMS-199287,ASN-27748,South Africa,PMO - US,Direct Drop,DDP,Truck,7/11/13,8/13/14,13-Aug-14,13-Aug-14,13-Aug-14,ARV,Pediatric,S. BUYS WHOLESALER,"Lopinavir/Ritonavir 80/20mg/ml [Kaletra], oral solution, cool, Bottle 5 x 60 ml",Lopinavir/Ritonavir,Kaletra,80/20mg/ml,Oral solution,300,2,46.9,23.45,0.08,ABBVIE (Abbott) Logis. UK,Yes,Weight Captured Separately,Freight Included in Commodity Cost,0.06
24461,116-ZA-T30,FPQ-12522,SCMS-199289,ASN-28036,South Africa,PMO - US,Direct Drop,DDP,Truck,7/11/13,8/29/14,29-Aug-14,29-Aug-14,29-Aug-14,ARV,Pediatric,S. BUYS WHOLESALER,"Efavirenz 50mg, capsule, 30 Caps",Efavirenz,Generic,50mg,Capsule,30,119,394.64,3.32,0.11,"Aurobindo Unit III, India",No,Weight Captured Separately,Freight Included in Commodity Cost,0.49
24473,114-UG-T30,FPQ-9365,SCMS-143500,ASN-15426,Uganda,PMO - US,Direct Drop,DDP,Air,3/15/12,4/17/12,5-Jul-12,5-Jul-12,5-Jul-12,ARV,Adult,ASPEN PHARMACARE,"Etravirine 100mg [Intelence], tablets, 120 Tabs",Etravirine,Intelence,100mg,Tablet,120,144,10800,75,0.62,"Janssen-Cilag, Latina, IT",Yes,47,449,15.14
24488,116-ZA-T30,FPQ-14942,SCMS-259074,ASN-31069,South Africa,PMO - US,Direct Drop,DDP,Truck,9/11/14,3/9/15,9-Mar-15,9-Mar-15,9-Mar-15,ARV,Adult,PHARMACY DIRECT,"Darunavir 300mg [Prezista], tablets, 120 Tabs",Darunavir,Prezista,300mg,Tablet,120,47,2215.03,47.13,0.39,"Janssen-Cilag, Latina, IT",Yes,Weight Captured Separately,Freight Included in Commodity Cost,2.28
24519,107-RW-T30,FPQ-7987,SCMS-118030,ASN-12645,Rwanda,PMO - US,Direct Drop,EXW,Air,7/25/11,8/12/11,23-Nov-11,23-Nov-11,23-Nov-11,HRDT,HIV test,"Trinity Biotech, Plc","HIV 1/2, Uni-Gold HIV Kit, 20 Tests","HIV 1/2, Uni-Gold HIV Kit",Uni-Gold,N/A,Test kit,20,873,27936,32,1.6,"Trinity Biotech, Plc",Yes,292,6233.79,46.09
24530,127-KE-T30,FPQ-8155,SCMS-119180,ASN-12300,Kenya,PMO - US,Direct Drop,EXW,Air,8/5/11,8/29/11,4-Nov-11,4-Nov-11,4-Nov-11,HRDT,HIV test,"Trinity Biotech, Plc","HIV 1/2, Uni-Gold HIV Kit, 20 Tests","HIV 1/2, Uni-Gold HIV Kit",Uni-Gold,N/A,Test kit,20,1500,48000,32,1.6,"Trinity Biotech, Plc",Yes,499,4976.33,79.2
24547,102-GY-T30,FPQ-5495,SCMS-71620,ASN-7512,Guyana,PMO - US,Direct Drop,EXW,Air,4/15/10,6/21/10,9-Aug-10,9-Aug-10,9-Aug-10,HRDT,HIV test,"Orgenics, Ltd","HIV 1/2, Determine Complete HIV Kit, 100 Tests","HIV 1/2, Determine Complete HIV Kit",Determine,N/A,Test kit,100,618,55620,90,0.9,Inverness Japan,Yes,304,6363.92,119.92
24571,901-NA-T30,FPQ-14689,SCMS-253440,ASN-29097,Namibia,PMO - US,Direct Drop,EXW,Air,7/30/14,8/29/14,19-Nov-14,19-Nov-14,19-Nov-14,ARV,Adult,HETERO LABS LIMITED,"Lamivudine/Nevirapine/Zidovudine 150/200/300mg, tablets, 60 Tabs",Lamivudine/Nevirapine/Zidovudine,Generic,150/300/200mg,Tablet - FDC,60,12788,106012.52,8.29,0.14,"Hetero, Jadcherla, unit 5, IN",No,See ASN-29097 (ID#:17900),See ASN-29097 (ID#:17900),108.98
24581,116-ZA-T30,FPQ-14942,SCMS-259075,ASN-32138,South Africa,PMO - US,Direct Drop,DDP,Truck,9/11/14,5/11/15,12-May-15,12-May-15,12-May-15,ARV,Adult,PHARMACY DIRECT,"Etravirine 100mg [Intelence], tablets, 120 Tabs",Etravirine,Intelence,100mg,Tablet,120,3,76.78,25.59,0.21,"Janssen-Cilag, Latina, IT",No,Weight Captured Separately,Freight Included in Commodity Cost,0.08
24591,108-VN-T30,FPQ-6818,SCMS-98060,ASN-10712,Vietnam,PMO - US,Direct Drop,FCA,Air,1/17/11,2/15/11,28-May-11,28-May-11,28-May-11,ARV,Adult,ABBVIE LOGISTICS (FORMERLY ABBOTT LOGISTICS BV),"Lopinavir/Ritonavir 200/50mg [Aluvia], tablets, 120 Tabs",Lopinavir/Ritonavir,Aluvia,200/50mg,Tablet,120,3010,247422,82.2,0.68,ABBVIE Ludwigshafen Germany,Yes,756,9193.82,408.25
24604,106-HT-T30,FPQ-15038,SCMS-262900,ASN-31866,Haiti,PMO - US,Direct Drop,FCA,Air,10/22/14,12/24/14,5-Jun-15,5-Jun-15,8-Jun-15,ARV,Pediatric,ABBVIE LOGISTICS (FORMERLY ABBOTT LOGISTICS BV),"Lopinavir/Ritonavir 80/20mg/ml [Kaletra], oral solution, cool, Bottle 5 x 60 ml",Lopinavir/Ritonavir,Kaletra,80/20mg/ml,Oral solution,300,420,12944.4,30.82,0.1,ABBVIE (Abbott) Logis. UK,Yes,494,2737.95,13.31
24620,104-CI-T30,FPQ-4698,SCMS-64950,ASN-7285,Côte d'Ivoire,PMO - US,Direct Drop,CIP,Air,12/28/09,2/12/10,28-Jun-10,28-Jun-10,28-Jun-10,ARV,Pediatric,MERCK SHARP & DOHME IDEA GMBH (FORMALLY MERCK SHARP & DOHME B.V.),"Efavirenz 30mg/ml [Stocrin/Sustiva], oral solution, Bottle, 180 ml",Efavirenz,Stocrin/Sustiva,30mg/ml,Oral solution,180,2737,46419.52,16.96,0.09,"MSD, Haarlem, NL",Yes,805,1659.71,100.08
24653,109-TZ-T30,FPQ-12197,SCMS-189360,ASN-21231,Tanzania,PMO - US,Direct Drop,EXW,Air,4/30/13,5/29/13,17-Sep-13,15-Sep-13,15-Sep-13,HRDT,HIV test,"Standard Diagnostics, Inc.","HIV 1/2, Determine Complete HIV Kit, 100 Tests","HIV 1/2, Determine Complete HIV Kit",Determine,N/A,Test kit,100,3029,0,0,0,"Alere Medical Co., Ltd.",Yes,1255,21384.75,0
24706,106-HT-T30,FPQ-11442,SCMS-177130,ASN-21190,Haiti,PMO - US,Direct Drop,FCA,Air,1/30/13,2/11/13,3-Sep-13,3-Sep-13,3-Sep-13,ARV,Pediatric,BRISTOL-MYERS SQUIBB,"Didanosine 25mg [Videx], chewable tablets, 60 Tabs",Didanosine,Videx,25mg,Chewable/dispersible tablet,60,1040,7280,7,0.12,Bristol-Myers Squibb Anagni IT,Yes,226,1962.1,9.01
24754,116-ZA-T30,FPQ-12522,SCMS-199283,ASN-27979,South Africa,PMO - US,Direct Drop,DDP,Truck,7/11/13,8/27/14,27-Aug-14,27-Aug-14,27-Aug-14,ARV,Adult,S. BUYS WHOLESALER,"Lamivudine/Zidovudine 150/300mg, tablets, 60 Tabs",Lamivudine/Zidovudine,Generic,150/300mg,Tablet - FDC,60,31,1022.62,32.99,0.55,Hetero Unit III Hyderabad IN,No,Weight Captured Separately,Freight Included in Commodity Cost,1.26
24766,116-ZA-T30,FPQ-5535,SCMS-71370,ASN-7373,South Africa,PMO - US,Direct Drop,DDP,Truck,4/19/10,4/21/10,31-May-10,31-May-10,31-May-10,ARV,Adult,S. BUYS WHOLESALER,"Tenofovir Disoproxil Fumarate 300mg [Viread], tablets, 30 Tabs",Tenofovir Disoproxil Fumarate,Viread,300mg,Tablet,30,1200,34631.24,28.86,0.96,"Aspen-OSD, Port Elizabeth, SA",No,Weight Captured Separately,Freight Included in Commodity Cost,74.66
24790,108-VN-T30,FPQ-11418,SCMS-176300,ASN-19787,Vietnam,PMO - US,Direct Drop,EXW,Air,1/29/13,2/6/13,1-Jul-13,1-Jul-13,1-Jul-13,ARV,Adult,HETERO LABS LIMITED,"Abacavir 300mg, tablets, 60 Tabs",Abacavir,Generic,300mg,Tablet,60,717,8783.25,12.25,0.2,Hetero Unit III Hyderabad IN,No,See ASN-19787 (ID#:13978),See ASN-19787 (ID#:13978),10.86
24819,105-GY-T30,FPQ-10249,SCMS-153880,ASN-16583,Guyana,PMO - US,Direct Drop,EXW,Air,7/5/12,7/26/12,15-Oct-12,15-Oct-12,15-Oct-12,HRDT,HIV test,"Orgenics, Ltd","HIV 1/2, Determine Complete HIV Kit, 100 Tests","HIV 1/2, Determine Complete HIV Kit",Determine,N/A,Test kit,100,564,56400,100,1,"Alere Medical Co., Ltd.",Yes,272,8128.95,79.07
24842,900-TZ-T30,FPQ-10396,SCMS-157660,ASN-16907,Tanzania,PMO - US,Direct Drop,EXW,Air,7/31/12,8/21/12,20-Nov-12,20-Nov-12,20-Nov-12,HRDT,HIV test,"Orgenics, Ltd","HIV 1/2, Determine Complete HIV Kit, 100 Tests","HIV 1/2, Determine Complete HIV Kit",Determine,N/A,Test kit,100,8000,640000,80,0.8,"Alere Medical Co., Ltd.",Yes,3803,64075.1,897.28
24862,116-ZA-T30,FPQ-13035,SCMS-215370,ASN-24415,South Africa,PMO - US,Direct Drop,DDP,Truck,10/8/13,12/2/13,6-Feb-14,6-Feb-14,6-Feb-14,ARV,Pediatric,S. BUYS WHOLESALER,"Lopinavir/Ritonavir 100/25mg [Aluvia], tablets, 60 Tabs",Lopinavir/Ritonavir,Generic,100/25mg,Tablet,60,17,98.29,5.78,0.1,ABBVIE Ludwigshafen Germany,No,Weight Captured Separately,Freight Included in Commodity Cost,0.12
24865,161-ZA-T30,FPQ-5303,SCMS-69010,ASN-7316,South Africa,PMO - US,Direct Drop,DDP,Air,3/18/10,3/19/10,24-Jun-10,24-Jun-10,24-Jun-10,ARV,Adult,Aurobindo Pharma Limited,"Zidovudine 300mg, tablets, 60 Tabs",Zidovudine,Generic,300mg,Tablet,60,60234,447538.62,7.43,0.12,"Aurobindo Unit III, India",Yes,3221,3296.57,964.89
24868,108-VN-T30,FPQ-10811,SCMS-164530,ASN-18729,Vietnam,PMO - US,Direct Drop,FCA,Air,10/15/12,11/7/12,9-Apr-13,9-Apr-13,9-Apr-13,ARV,Adult,ABBVIE LOGISTICS (FORMERLY ABBOTT LOGISTICS BV),"Lopinavir/Ritonavir 200/50mg [Aluvia], tablets, 120 Tabs",Lopinavir/Ritonavir,Aluvia,200/50mg,Tablet,120,4164,253254.48,60.82,0.51,ABBVIE Ludwigshafen Germany,Yes,992,3212.25,313.28
24872,108-VN-T30,FPQ-11417,SCMS-174380,ASN-18759,Vietnam,PMO - US,Direct Drop,EXW,Air,1/10/13,1/22/13,13-May-13,13-May-13,13-May-13,ARV,Adult,HETERO LABS LIMITED,"Nevirapine 200mg, tablets, 60 Tabs",Nevirapine,Generic,200mg,Tablet,60,26997,59663.37,2.21,0.04,Hetero Unit III Hyderabad IN,Yes,1726,11984.91,73.8
24875,108-VN-T30,FPQ-13524,SCMS-226250,ASN-27132,Vietnam,PMO - US,Direct Drop,EXW,Air,2/6/14,3/10/14,16-Aug-14,16-Aug-14,25-Aug-14,ARV,Adult,MYLAN LABORATORIES LTD (FORMERLY MATRIX LABORATORIES),"Lamivudine/Nevirapine/Zidovudine 150/200/300mg, tablets, 60 Tabs",Lamivudine/Nevirapine/Zidovudine,Generic,150/300/200mg,Tablet - FDC,60,27900,225990,8.1,0.13,Mylan (formerly Matrix) Nashik,Yes,3868,7238.46,232.32
24884,110-ZM-T30,FPQ-9074,SCMS-134290,ASN-13651,Zambia,PMO - US,Direct Drop,EXW,Air,12/22/11,1/24/12,29-Feb-12,29-Feb-12,29-Feb-12,ARV,Adult,Aurobindo Pharma Limited,"Emtricitabine/Tenofovir Disoproxil Fumarate 200/300mg, tablets, 30 Tabs",Emtricitabine/Tenofovir Disoproxil Fumarate,Generic,200/300mg,Tablet - FDC,30,100000,735000,7.35,0.24,"Aurobindo Unit III, India",Yes,9369,50030.37,1030.47
24905,114-UG-T30,FPQ-12777,SCMS-202560,ASN-22982,Uganda,PMO - US,Direct Drop,EXW,Air,8/5/13,8/9/13,10-Dec-13,10-Dec-13,10-Dec-13,ARV,Pediatric,Aurobindo Pharma Limited,"Nevirapine 10mg/ml, oral suspension w/syringe, Bottle, 100 ml",Nevirapine,Generic,10mg/ml,Oral suspension,100,10368,13478.4,1.3,0.01,"Aurobindo Unit III, India",Yes,2127,10898.13,16.67
24934,151-NG-T30,FPQ-5124,SCMS-66900,ASN-6712,Nigeria,PMO - US,Direct Drop,FCA,Air,2/15/10,3/5/10,21-Jun-10,21-Jun-10,21-Jun-10,ARV,Adult,Hoffmann-La Roche ltd Basel,"Saquinavir 500mg [Invirase], tablets, 120 Tabs",Saquinavir,Invirase,500mg,Tablet,120,430,40713.32,94.68,0.79,Roche Basel,Yes,77,729.03,87.78
24970,116-ZA-T30,FPQ-12522,SCMS-199289,ASN-28034,South Africa,PMO - US,Direct Drop,DDP,Truck,7/11/13,8/29/14,29-Aug-14,29-Aug-14,29-Aug-14,ARV,Adult,S. BUYS WHOLESALER,"Efavirenz 600mg, tablets, 30 Tabs",Efavirenz,Generic,600mg,Tablet,30,915,15162.72,16.57,0.55,Hetero Unit III Hyderabad IN,No,Weight Captured Separately,Freight Included in Commodity Cost,18.76
24974,107-RW-T30,FPQ-6341,SCMS-84920,ASN-9798,Rwanda,PMO - US,Direct Drop,EXW,Ocean,9/3/10,9/27/10,31-Mar-11,31-Mar-11,31-Mar-11,ARV,Adult,CIPLA LIMITED,"Lopinavir/Ritonavir 200/50mg, tablets, 120 Tabs",Lopinavir/Ritonavir,Generic,200/50mg,Tablet,120,17587,587405.8,33.4,0.28,Cipla Ltd A-42 MIDC Mahar. IN,Yes,5480,19123.35,1266.45
24983,106-HT-T30,FPQ-15038,SCMS-263170,ASN-31572,Haiti,PMO - US,Direct Drop,EXW,Air,10/22/14,12/24/14,11-May-15,11-May-15,13-May-15,ARV,Adult,Aurobindo Pharma Limited,"Lamivudine/Nevirapine/Zidovudine 150/200/300mg, tablets, 60 Tabs",Lamivudine/Nevirapine/Zidovudine,Generic,150/300/200mg,Tablet - FDC,60,24000,196800,8.2,0.14,"Aurobindo Unit III, India",Yes,Weight Captured Separately,Invoiced Separately,202.31
24990,119-NA-T30,FPQ-4267,SCMS-54590,ASN-5308,Namibia,PMO - US,Direct Drop,EXW,Air,9/15/09,10/6/09,11-Nov-09,11-Nov-09,11-Nov-09,HRDT,HIV test,"Trinity Biotech, Plc","HIV 1/2, Uni-Gold HIV Kit, 20 Tests","HIV 1/2, Uni-Gold HIV Kit",Uni-Gold,N/A,Test kit,20,25,0.25,0.01,0,"Trinity Biotech, Plc",Yes,10,751.43,0
24993,108-VN-T30,FPQ-13976,SCMS-236100,ASN-28777,Vietnam,PMO - US,Direct Drop,EXW,Air,4/8/14,4/30/14,26-Nov-14,26-Nov-14,26-Nov-14,ARV,Adult,MICRO LABS LIMITED,"Lamivudine 150mg, tablets, 60 Tabs",Lamivudine,Generic,150mg,Tablet,60,14500,24940,1.72,0.03,"Micro labs, Verna, Goa, India",No,See ASN-28777 (ID#:22196),See ASN-28777 (ID#:22196),25.64
24999,107-RW-T30,FPQ-3859,SCMS-48871,ASN-5799,Rwanda,PMO - US,Direct Drop,CIP,Air,6/30/09,12/8/09,27-Jan-10,27-Jan-10,27-Jan-10,ARV,Adult,Aurobindo Pharma Limited,"Tenofovir Disoproxil Fumarate 300mg, tablets, 30 Tabs",Tenofovir Disoproxil Fumarate,Generic,300mg,Tablet,30,1630,13952.8,8.56,0.29,"Aurobindo Unit III, India",Yes,153,2483.49,27.35
25019,116-ZA-T30,FPQ-13973,SCMS-238553,ASN-28021,South Africa,PMO - US,Direct Drop,DDP,Truck,4/30/14,8/28/14,28-Aug-14,28-Aug-14,28-Aug-14,ARV,Adult,PHARMACY DIRECT,"Lamivudine 150mg, tablets, 60 Tabs",Lamivudine,Generic,150mg,Tablet,60,220,2011.46,9.14,0.15,"Aurobindo Unit III, India",No,Weight Captured Separately,Freight Included in Commodity Cost,2.07
25037,161-ZA-T30,FPQ-6708,SCMS-93570,ASN-11701,South Africa,PMO - US,Direct Drop,DDP,Ocean,11/26/10,12/14/10,5-Oct-11,5-Oct-11,5-Oct-11,ARV,Adult,Aurobindo Pharma Limited,"Tenofovir Disoproxil Fumarate 300mg, tablets, 30 Tabs",Tenofovir Disoproxil Fumarate,Generic,300mg,Tablet,30,71984,478693.6,6.65,0.22,"Aurobindo Unit III, India",Yes,6719,9726.54,789.84
25074,111-MZ-T30,FPQ-14294,SCMS-247360,ASN-27768,Mozambique,PMO - US,Direct Drop,EXW,Air,5/15/14,7/30/14,10-Sep-14,10-Sep-14,3-Oct-14,HRDT,HIV test,"Orgenics, Ltd","HIV 1/2, Determine Complete HIV Kit, 100 Tests","HIV 1/2, Determine Complete HIV Kit",Determine,N/A,Test kit,100,3319,265520,80,0.8,"Alere Medical Co., Ltd.",Yes,1351,9168.48,272.95
25075,104-CI-T30,FPQ-14253,SCMS-243790,ASN-30570,Côte d'Ivoire,PMO - US,Direct Drop,EXW,Air,5/14/14,7/9/14,20-Feb-15,20-Feb-15,20-Feb-15,HRDT,HIV test,"CHEMBIO DIAGNOSTIC SYSTEMS, INC.","HIV 1/2, Stat-Pak HIV, Kit, 20 Tests","HIV 1/2, Stat-Pak HIV, Kit",Stat-Pak,N/A,Test kit,20,2120,65720,31,1.55,Chembio Diagnostics Sys. Inc.,Yes,610,8231.14,67.56
25083,102-SZ-T30,FPQ-10537,SCMS-159080,ASN-16585,Swaziland,PMO - US,Direct Drop,EXW,Air,8/23/12,9/12/12,18-Jun-13,18-Jun-13,18-Jun-13,HRDT,HIV test,"Trinity Biotech, Plc","HIV 1/2, Uni-Gold HIV Kit, 20 Tests","HIV 1/2, Uni-Gold HIV Kit",Uni-Gold,N/A,Test kit,20,150,4800,32,1.6,"Trinity Biotech, Plc",Yes,54,752.58,6.73
25085,117-ET-T30,FPQ-6608,SCMS-92050,ASN-10239,Ethiopia,PMO - US,Direct Drop,EXW,Air,11/9/10,11/24/10,8-Apr-11,8-Apr-11,8-Apr-11,HRDT,HIV test,"Trinity Biotech, Plc","HIV 1/2, Uni-Gold HIV Kit, 20 Tests","HIV 1/2, Uni-Gold HIV Kit",Uni-Gold,N/A,Test kit,20,336,10752,32,1.6,"Trinity Biotech, Plc",Yes,Weight Captured Separately,1921.14,17.74
25103,109-TZ-T30,FPQ-8071,SCMS-116860,ASN-13529,Tanzania,PMO - US,Direct Drop,EXW,Air,7/22/11,8/1/11,9-Feb-12,9-Feb-12,9-Feb-12,HRDT,HIV test,"Orgenics, Ltd","HIV 1/2, Determine Complete HIV Kit, 100 Tests","HIV 1/2, Determine Complete HIV Kit",Determine,N/A,Test kit,100,3500,280000,80,0.8,Inverness Japan,Yes,1669,30754.1,462
25127,116-ZA-T30,FPQ-4359,SCMS-54980,ASN-5373,South Africa,PMO - US,Direct Drop,DDP,Truck,10/8/09,10/15/09,19-Oct-09,19-Oct-09,19-Oct-09,ARV,Pediatric,S. BUYS WHOLESALER,"Didanosine 100mg [Videx],chewable tablets, 60 Tabs",Didanosine,Videx,100mg,Chewable/dispersible tablet,60,10,162.9,16.29,0.27,"BMS Meymac, France",No,Weight Captured Separately,Freight Included in Commodity Cost,0.32
25141,116-ZA-T30,FPQ-14942,SCMS-295800,ASN-33865,South Africa,PMO - US,Direct Drop,DDP,Truck,9/11/14,8/24/15,24-Aug-15,24-Aug-15,24-Aug-15,ARV,Pediatric,PHARMACY DIRECT,"Abacavir 20mg/ml, oral solution, Bottle, 240 ml",Abacavir,Generic,20mg/ml,Oral solution,240,17,322.98,19,0.08,"Aurobindo Unit III, India",No,Weight Captured Separately,Freight Included in Commodity Cost,0.33
25189,116-ZA-T30,FPQ-13973,SCMS-238556,ASN-31854,South Africa,PMO - US,Direct Drop,DDP,Truck,4/30/14,4/28/15,28-Apr-15,28-Apr-15,28-Apr-15,ARV,Adult,PHARMACY DIRECT,"Didanosine 250mg, delayed-release capsules, 30 Caps",Didanosine,Generic,250mg,Delayed-release capsules,30,4,60.98,15.24,0.51,"Aurobindo Unit III, India",No,Weight Captured Separately,Freight Included in Commodity Cost,0.06
25201,108-VN-T30,FPQ-4266,SCMS-56530,ASN-7262,Vietnam,PMO - US,Direct Drop,EXW,Air,10/20/09,11/9/09,6-Jul-10,6-Jul-10,6-Jul-10,ARV,Adult,Aurobindo Pharma Limited,"Lamivudine/Nevirapine/Zidovudine 150/200/300mg, tablets, 60 Tabs",Lamivudine/Nevirapine/Zidovudine,Generic,150/300/200mg,Tablet - FDC,60,16500,183975,11.15,0.19,"Aurobindo Unit III, India",Yes,3802,26084.14,360.59
25220,133-NG-T30,FPQ-10765,SCMS-162440,ASN-17647,Nigeria,PMO - US,Direct Drop,EXW,Air,10/5/12,10/16/12,9-Jan-13,28-Jan-13,28-Jan-13,HRDT,HIV test,"Orgenics, Ltd","HIV 1/2, Determine Complete HIV Kit, 100 Tests","HIV 1/2, Determine Complete HIV Kit",Determine,N/A,Test kit,100,2352,209328,89,0.89,"Alere Medical Co., Ltd.",Yes,1058,21683.23,293.48
25230,161-ZA-T30,FPQ-7175,SCMS-103330,ASN-11045,South Africa,PMO - US,Direct Drop,DDP,Ocean,3/10/11,3/24/11,2-Sep-11,2-Sep-11,2-Sep-11,ARV,Adult,Aurobindo Pharma Limited,"Efavirenz 600mg, tablets, 30 Tabs",Efavirenz,Generic,600mg,Tablet,30,174500,786995,4.51,0.15,"Aurobindo Unit III, India",Yes,14833,21555.16,1298.54
25279,114-UG-T30,FPQ-15314,SCMS-264750,ASN-31498,Uganda,PMO - US,Direct Drop,EXW,Air,11/11/14,12/4/14,5-May-15,5-May-15,5-May-15,HRDT,HIV test,"Orgenics, Ltd","HIV 1/2, Determine Complete HIV Kit, 100 Tests","HIV 1/2, Determine Complete HIV Kit",Determine,N/A,Test kit,100,5655,452400,80,0.8,"Alere Medical Co., Ltd.",Yes,2290,18423.91,532.47
25293,107-RW-T30,FPQ-4248,SCMS-43810,ASN-5827,Rwanda,PMO - US,Direct Drop,CIP,Air,2/27/09,4/15/09,3-Feb-10,3-Feb-10,3-Feb-10,ARV,Adult,MYLAN LABORATORIES LTD (FORMERLY MATRIX LABORATORIES),"Lamivudine/Zidovudine 150/300mg, tablets, 60 Tabs",Lamivudine/Zidovudine,Generic,150/300mg,Tablet - FDC,60,34464,310176,9,0.15,Mylan (formerly Matrix) Nashik,Yes,2768,29603.24,607.94
25319,116-ZA-T30,FPQ-5381,SCMS-69591,ASN-7345,South Africa,PMO - US,Direct Drop,DDP,Truck,3/23/10,3/25/10,4-Jun-10,4-Jun-10,4-Jun-10,ARV,Adult,S. BUYS WHOLESALER,"Stavudine 20mg [Zerit], capsules, 60 Caps",Stavudine,Zerit,20mg,Capsule,60,150,910.31,6.07,0.1,"BMS Meymac, France",Yes,Weight Captured Separately,Freight Included in Commodity Cost,1.96
25323,108-VN-T30,FPQ-16194,SCMS-285500,ASN-33269,Vietnam,PMO - US,Direct Drop,EXW,Air,4/14/15,5/13/15,3-Sep-15,3-Sep-15,3-Sep-15,ARV,Adult,HETERO LABS LIMITED,"Nevirapine 200mg, tablets, 60 Tabs",Nevirapine,Generic,200mg,Tablet,60,2500,5400,2.16,0.04,Hetero Unit III Hyderabad IN,Yes,Weight Captured Separately,Invoiced Separately,6.36
25328,116-ZA-T30,FPQ-4770,SCMS-60170,ASN-5934,South Africa,PMO - US,Direct Drop,DDP,Truck,12/17/09,12/23/09,28-Dec-09,28-Dec-09,28-Dec-09,ARV,Adult,S. BUYS WHOLESALER,"Lopinavir/Ritonavir 200/50mg [Aluvia], tablets, 120 Tabs",Lopinavir/Ritonavir,Aluvia,200/50mg,Tablet,120,150,6083.68,40.56,0.34,ABBVIE Ludwigshafen Germany,Yes,Weight Captured Separately,Freight Included in Commodity Cost,13.12
25343,105-GY-T30,FPQ-10249,SCMS-153850,ASN-16935,Guyana,PMO - US,Direct Drop,EXW,Air,7/5/12,7/26/12,7-Nov-12,7-Nov-12,7-Nov-12,HRDT,HIV test,"Trinity Biotech, Plc","HIV 1/2, Uni-Gold HIV Kit, 20 Tests","HIV 1/2, Uni-Gold HIV Kit",Uni-Gold,N/A,Test kit,20,461,14752,32,1.6,"Trinity Biotech, Plc",Yes,149,2115.21,20.68
25393,103-CM-T30,FPQ-10128,SCMS-151590,ASN-15819,Cameroon,PMO - US,Direct Drop,EXW,Air,6/22/12,7/16/12,17-Aug-12,17-Aug-12,17-Aug-12,HRDT,HIV test,Orasure Technologies Inc.,"HIV 1/2, OraQuick Advance HIV Rapid Antibody Kit, 100 Tests","HIV 1/2, OraQuick Advance HIV Rapid Antibody Kit",OraQuick,N/A,Test kit,100,30,10500,350,3.5,"Pacific Biotech, Thailand",Yes,72,1765.54,14.72
25412,111-MZ-T30,FPQ-7270,SCMS-103120,ASN-10799,Mozambique,PMO - US,Direct Drop,EXW,Ocean,3/4/11,3/30/11,22-Nov-11,22-Nov-11,22-Nov-11,HRDT,HIV test,"Trinity Biotech, Plc","HIV 1/2, Uni-Gold HIV Kit, 20 Tests","HIV 1/2, Uni-Gold HIV Kit",Uni-Gold,N/A,Test kit,20,1065,34080,32,1.6,"Trinity Biotech, Plc",Yes,Weight Captured Separately,Invoiced Separately,56.23
25423,114-UG-T30,FPQ-9365,SCMS-143490,ASN-14880,Uganda,PMO - US,Direct Drop,DDP,Air,3/15/12,4/17/12,18-May-12,18-May-12,18-May-12,ARV,Adult,ASPEN PHARMACARE,"Darunavir 300mg [Prezista], tablets, 120 Tabs",Darunavir,Prezista,300mg,Tablet,120,63,4195.8,66.6,0.55,"Aspen-OSD, Port Elizabeth, SA",Yes,57,548.2,5.88
25476,116-ZA-T30,FPQ-14942,SCMS-259073,ASN-30671,South Africa,PMO - US,Direct Drop,DDP,Truck,9/11/14,2/12/15,12-Feb-15,12-Feb-15,12-Feb-15,ARV,Adult,PHARMACY DIRECT,"Emtricitabine/Tenofovir Disoproxil Fumarate 200/300mg, tablets, 30 Tabs",Emtricitabine/Tenofovir Disoproxil Fumarate,Generic,200/300mg,Tablet - FDC,30,11,240.13,21.83,0.73,"Aurobindo Unit III, India",No,Weight Captured Separately,Freight Included in Commodity Cost,0.25
25477,114-UG-T30,FPQ-7268,SCMS-104110,ASN-12478,Uganda,PMO - US,Direct Drop,CIP,Air,3/11/11,3/25/11,19-Oct-11,19-Oct-11,19-Oct-11,ARV,Adult,MERCK SHARP & DOHME IDEA GMBH (FORMALLY MERCK SHARP & DOHME B.V.),"Raltegravir 400mg [Isentress], tablets, 60 Tabs",Raltegravir,Isentress,400mg,Tablet,60,274,25071,91.5,1.52,"MSD, Haarlem, NL",Yes,28,501,41.37
25483,900-TG-T30,FPQ-15921,SCMS-278370,ASN-31081,Togo,PMO - US,Direct Drop,EXW,Air,2/18/15,2/27/15,23-Apr-15,23-Apr-15,1-Jun-15,ARV,Adult,HETERO LABS LIMITED,"Lamivudine/Tenofovir Disoproxil Fumarate 300/300mg, tablets, 30 Tabs",Lamivudine/Tenofovir Disoproxil Fumarate,Generic,300/300mg,Tablet - FDC,30,6678,30051,4.5,0.15,Hetero Unit III Hyderabad IN,Yes,734,3710.65,35.37
25521,161-ZA-T30,FPQ-6262,SCMS-83830,ASN-9178,South Africa,PMO - US,Direct Drop,DDP,Ocean,8/31/10,9/24/10,8-Dec-10,1-Feb-11,1-Feb-11,ARV,Adult,Aurobindo Pharma Limited,"Zidovudine 300mg, tablets, 60 Tabs",Zidovudine,Generic,300mg,Tablet,60,10357,75916.81,7.33,0.12,"Aurobindo Unit III, India",Yes,523,3161.68,163.68
25522,108-VN-T30,FPQ-6384,SCMS-87770,ASN-9407,Vietnam,PMO - US,Direct Drop,EXW,Air,9/30/10,10/18/10,9-Feb-11,9-Feb-11,9-Feb-11,ARV,Adult,HETERO LABS LIMITED,"Nevirapine 200mg, tablets, 60 Tabs",Nevirapine,Generic,200mg,Tablet,60,5977,14524.11,2.43,0.04,Hetero Unit III Hyderabad IN,No,See ASN-9407 (ID#:17697),See ASN-9407 (ID#:17697),31.31
25536,151-NG-T30,FPQ-12803,SCMS-206340,ASN-23739,Nigeria,PMO - US,Direct Drop,EXW,Air,8/13/13,9/17/13,11-Feb-14,11-Feb-14,13-Feb-14,ARV,Pediatric,CIPLA LIMITED,"Abacavir 60mg, dispersible tablets, 60 Tabs",Abacavir,Generic,60mg,Chewable/dispersible tablet,60,7325,36625,5,0.08,"Cipla, Patalganga, India",Yes,455,4967.03,45.31
25539,116-ZA-T30,FPQ-15950,SCMS-277981,ASN-32394,South Africa,PMO - US,Direct Drop,DDP,Truck,2/20/15,5/29/15,26-May-15,26-May-15,26-May-15,ARV,Pediatric,PHARMACY DIRECT,"Ritonavir 80mg/ml [Norvir], oral solution, cool, Bottle, 90 ml",Ritonavir,Norvir,80mg/ml,Oral solution,90,2,9.24,4.62,0.05,ABBVIE (Abbott) France,Yes,Weight Captured Separately,Freight Included in Commodity Cost,0.01
25566,116-ZA-T30,FPQ-14942,SCMS-259071,ASN-29597,South Africa,PMO - US,Direct Drop,DDP,Truck,9/11/14,11/28/14,28-Nov-14,28-Nov-14,28-Nov-14,ARV,Adult,PHARMACY DIRECT,"Efavirenz 600mg, tablets, 30 Tabs",Efavirenz,Generic,600mg,Tablet,30,132,1487.53,11.27,0.38,"Aurobindo Unit III, India",No,Weight Captured Separately,Freight Included in Commodity Cost,1.53
25587,114-UG-T30,FPQ-13116,SCMS-212350,ASN-24416,Uganda,PMO - US,Direct Drop,EXW,Air,10/23/13,10/30/13,21-Mar-14,21-Mar-14,21-Mar-14,ARV,Pediatric,CIPLA LIMITED,"Lamivudine/Nevirapine/Zidovudine 30/50/60mg, dispersible tablets, 60 Tabs",Lamivudine/Nevirapine/Zidovudine,Generic,30/50/60mg,Chewable/dispersible tablet - FDC,60,15021,60084,4,0.07,"Cipla, Goa, India",Yes,1411,13983.98,61.77
25599,113-ZW-T30,FPQ-13939,SCMS-234750,ASN-25953,Zimbabwe,PMO - US,Direct Drop,EXW,Air Charter,4/1/14,4/11/14,14-Jun-14,14-Jun-14,16-Jun-14,ARV,Adult,MICRO LABS LIMITED,"Nevirapine 200mg, tablets, 60 Tabs",Nevirapine,Generic,200mg,Tablet,60,55000,114400,2.08,0.03,"Micro labs, Verna, Goa, India",Yes,5810,46213.4,117.6
25642,102-GY-T30,FPQ-5495,SCMS-71630,ASN-8224,Guyana,PMO - US,Direct Drop,EXW,Air,4/15/10,6/21/10,27-Oct-10,27-Oct-10,27-Oct-10,HRDT,HIV test,"Orgenics, Ltd","HIV 1/2, Determine Complete HIV Kit, 100 Tests","HIV 1/2, Determine Complete HIV Kit",Determine,N/A,Test kit,100,336,30240,90,0.9,Inverness Japan,Yes,154,4268.93,65.2
25676,116-ZA-T30,FPQ-14942,SCMS-259077,ASN-33477,South Africa,PMO - US,Direct Drop,DDP,Truck,9/11/14,10/9/14,24-Jul-15,24-Jul-15,24-Jul-15,ARV,Adult,PHARMACY DIRECT,"Didanosine 250mg, delayed-release capsules, 30 Caps",Didanosine,Generic,250mg,Delayed-release capsules,30,5,55.08,11.02,0.37,"Aurobindo Unit III, India",Yes,Weight Captured Separately,Freight Included in Commodity Cost,0.06
25706,106-HT-T30,FPQ-12538,SCMS-198150,ASN-21072,Haiti,PMO - US,Direct Drop,EXW,Air,6/25/13,7/22/13,30-Aug-13,30-Aug-13,30-Aug-13,ARV,Adult,MYLAN LABORATORIES LTD (FORMERLY MATRIX LABORATORIES),"Atazanavir/Ritonavir 300/100mg, tablets, 30 Tabs",Atazanavir/Ritonavir,Generic,300/100mg,Tablet,30,4816,96320,20,0.67,Mylan (formerly Matrix) Nashik,Yes,647,4444.33,119.15
25726,107-RW-T30,FPQ-4954,SCMS-64520,ASN-7396,Rwanda,PMO - US,Direct Drop,CIP,Air,1/29/10,2/9/10,30-Jun-10,30-Jun-10,30-Jun-10,ARV,Adult,MYLAN LABORATORIES LTD (FORMERLY MATRIX LABORATORIES),"Abacavir 300mg, tablets, 60 Tabs",Abacavir,Generic,300mg,Tablet,60,26100,424125,16.25,0.27,Mylan (formerly Matrix) Nashik,Yes,2586,1170.2,914.41
25749,106-HT-T30,FPQ-6834,SCMS-96430,ASN-9759,Haiti,Haiti Field Office,Direct Drop,EXW,Air,12/14/10,1/12/11,11-Mar-11,11-Mar-11,11-Mar-11,HRDT,HIV test,Orasure Technologies Inc.,"HIV 1/2, OraQuick Advance HIV Rapid Antibody Kit, 100 Tests","HIV 1/2, OraQuick Advance HIV Rapid Antibody Kit",OraQuick,N/A,Test kit,100,127,44450,350,3.5,"Orasure Technologies, Inc",Yes,22,4625.81,73.34
25752,161-ZA-T30,FPQ-5303,SCMS-68710,ASN-6750,South Africa,PMO - US,Direct Drop,DDP,Air,3/18/10,3/19/10,11-Jun-10,11-Jun-10,11-Jun-10,ARV,Adult,CIPLA LIMITED,"Tenofovir Disoproxil Fumarate 300mg, tablets, 30 Tabs",Tenofovir Disoproxil Fumarate,Generic,300mg,Tablet,30,38890,304119.8,7.82,0.26,"Cipla, Goa, India",Yes,2649,3908.55,655.68
25760,108-VN-T30,FPQ-5899,SCMS-77430,ASN-8081,Vietnam,PMO - US,Direct Drop,EXW,Air,6/23/10,7/1/10,21-Sep-10,21-Sep-10,21-Sep-10,ARV,Adult,STRIDES ARCOLAB LIMITED,"Nevirapine 200mg, tablets, 60 Tabs",Nevirapine,Generic,200mg,Tablet,60,1247,3167.38,2.54,0.04,"Strides, Bangalore, India.",Yes,71,4035.45,6.83
25767,102-MW-T30,FPQ-11638,SCMS-179350,ASN-19144,Malawi,PMO - US,Direct Drop,EXW,Air,2/22/13,3/14/13,30-Apr-13,30-Apr-13,30-Apr-13,HRDT,HIV test,"Orgenics, Ltd","HIV 1/2, Determine Complete HIV Kit, 100 Tests","HIV 1/2, Determine Complete HIV Kit",Determine,N/A,Test kit,100,461,36880,80,0.8,"Alere Medical Co., Ltd.",Yes,207,5248.93,45.62
25782,108-VN-T30,FPQ-13976,SCMS-236120,ASN-27809,Vietnam,PMO - US,Direct Drop,EXW,Air,4/8/14,4/30/14,16-Sep-14,16-Sep-14,1-Oct-14,ARV,Adult,HETERO LABS LIMITED,"Abacavir 300mg, tablets, 60 Tabs",Abacavir,Generic,300mg,Tablet,60,600,6870,11.45,0.19,Hetero Unit III Hyderabad IN,No,See ASN-27809 (ID#:13106),See ASN-27809 (ID#:13106),7.06
25796,108-VN-T30,FPQ-12051,SCMS-188660,ASN-22072,Vietnam,PMO - US,Direct Drop,EXW,Air,5/3/13,5/15/13,27-Nov-13,27-Nov-13,27-Nov-13,ARV,Adult,MYLAN LABORATORIES LTD (FORMERLY MATRIX LABORATORIES),"Lamivudine/Zidovudine 150/300mg, tablets, 60 Tabs",Lamivudine/Zidovudine,Generic,150/300mg,Tablet - FDC,60,23063,155675.25,6.75,0.11,Mylan (formerly Matrix) Nashik,Yes,1984,3225.12,192.57
25809,108-VN-T30,FPQ-12051,SCMS-188680,ASN-20555,Vietnam,PMO - US,Direct Drop,EXW,Air,5/3/13,5/17/13,3-Sep-13,3-Sep-13,3-Sep-13,ARV,Adult,Aurobindo Pharma Limited,"Lamivudine/Nevirapine/Zidovudine 150/200/300mg, tablets, 60 Tabs",Lamivudine/Nevirapine/Zidovudine,Generic,150/300/200mg,Tablet - FDC,60,12488,101777.2,8.15,0.14,"Aurobindo Unit III, India",Yes,1846,3314.03,125.9
25824,111-MZ-T30,FPQ-8116,SCMS-118370,ASN-12475,Mozambique,PMO - US,Direct Drop,EXW,Air,8/4/11,8/30/11,22-Nov-11,22-Nov-11,22-Nov-11,HRDT,HIV test,"Orgenics, Ltd","HIV 1/2, Determine HIV Kit, without Lancets, 100 Tests","HIV 1/2, Determine HIV Kit, without Lancets",Determine,N/A,Test kit,100,7409,575679.3,77.7,0.78,Inverness Japan,Yes,1275,15873.44,949.87
25828,161-ZA-T30,FPQ-6708,SCMS-93580,ASN-10111,South Africa,PMO - US,Direct Drop,DDP,Ocean,11/26/10,12/14/10,8-Apr-11,5-May-11,5-May-11,ARV,Adult,CIPLA LIMITED,"Tenofovir Disoproxil Fumarate 300mg, tablets, 30 Tabs",Tenofovir Disoproxil Fumarate,Generic,300mg,Tablet,30,12346,84693.56,6.86,0.23,"Cipla, Goa, India",Yes,820,9177.19,139.74
25830,161-ZA-T30,FPQ-5303,SCMS-68980,ASN-8160,South Africa,PMO - US,Direct Drop,DDP,Air,3/18/10,3/19/10,24-Aug-10,8-Dec-10,8-Dec-10,ARV,Pediatric,Aurobindo Pharma Limited,"Lamivudine 10mg/ml, oral solution w/syringe, Bottle, 240 ml",Lamivudine,Generic,10mg/ml,Oral solution,240,11640,34920,3,0.01,"Aurobindo Unit III, India",Yes,4386,12917.3,75.29
25844,109-TZ-T30,FPQ-9211,SCMS-136920,ASN-14276,Tanzania,PMO - US,Direct Drop,EXW,Air,1/25/12,2/17/12,8-May-12,8-May-12,8-May-12,HRDT,HIV test,"Orgenics, Ltd","HIV 1/2, Determine Complete HIV Kit, 100 Tests","HIV 1/2, Determine Complete HIV Kit",Determine,N/A,Test kit,100,1130,90400,80,0.8,"Alere Medical Co., Ltd.",Yes,537,10626.8,126.74
25854,123-NG-T30,FPQ-8934,SCMS-140020,ASN-15131,Nigeria,PMO - US,Direct Drop,EXW,Air,2/8/12,5/15/12,29-Jun-12,29-Jun-12,29-Jun-12,ACT,ACT,NOVARTIS PHARMA SERVICES AG,"Artemether/Lumefantrine 20/120mg [Coartem], scored tablets, Blister 30 x 24 Tabs",Artemether/Lumefantrine,Coartem,20/120mg,Tablet - FDC + blister,720,2884,131510.4,45.6,0.06,"Novartis Pharma Suffern, USA",Yes,2006,12723.32,184.38
25886,108-VN-T30,FPQ-3896,SCMS-48270,ASN-5131,Vietnam,PMO - US,Direct Drop,EXW,Air,6/25/09,6/26/09,26-Oct-09,26-Oct-09,26-Oct-09,ARV,Adult,Aurobindo Pharma Limited,"Lamivudine/Nevirapine/Zidovudine 150/200/300mg, tablets, 60 Tabs",Lamivudine/Nevirapine/Zidovudine,Generic,150/300/200mg,Tablet - FDC,60,8500,94775,11.15,0.19,"Aurobindo Unit III, India",Yes,3099,5018.69,185.76
25915,105-SS-T30,FPQ-15569,SCMS-272170,ASN-32109,South Sudan,PMO - US,Direct Drop,EXW,Air,12/29/14,2/20/15,2-Jul-15,7-Jul-15,7-Jul-15,HRDT,HIV test - Ancillary,"Orgenics, Ltd","Chase Buffer, Determine, 100 Tests, 2.5ml x 1 Vial","Chase Buffer, Determine, 100 Tests, 2.5ml x 1 Vial",Determine,N/A,Test kit - Ancillary,1,45,225,5,5,"Alere Medical Co., Ltd.",Yes,Weight Captured Separately,Invoiced Separately,0.26
25926,108-VN-T30,FPQ-13976,SCMS-236060,ASN-27812,Vietnam,PMO - US,Direct Drop,EXW,Air,4/8/14,4/30/14,22-Sep-14,22-Sep-14,4-Nov-14,ARV,Adult,HETERO LABS LIMITED,"Tenofovir Disoproxil Fumarate 300mg, tablets, 30 Tabs",Tenofovir Disoproxil Fumarate,Generic,300mg,Tablet,30,7000,24850,3.55,0.12,Hetero Unit III Hyderabad IN,Yes,2190,3467.7,25.55
25928,106-HT-T30,FPQ-15038,SCMS-262980,ASN-30463,Haiti,PMO - US,Direct Drop,EXW,Ocean,10/22/14,1/7/15,9-Apr-15,9-Apr-15,13-Apr-15,ARV,Adult,HETERO LABS LIMITED,"Nevirapine 200mg, tablets, 60 Tabs",Nevirapine,Generic,200mg,Tablet,60,12600,27216,2.16,0.04,Hetero Unit III Hyderabad IN,No,See ASN-30463 (ID#:15460),See ASN-30463 (ID#:15460),27.98
25930,104-CI-T30,FPQ-6739,SCMS-94620,ASN-10120,Côte d'Ivoire,PMO - US,Direct Drop,EXW,Air,11/19/10,12/22/10,28-Mar-11,28-Mar-11,28-Mar-11,HRDT,HIV test,"Orgenics, Ltd","HIV 1/2, Determine HIV Kit, without Lancets, 100 Tests","HIV 1/2, Determine HIV Kit, without Lancets",Determine,N/A,Test kit,100,3293,255866.1,77.7,0.78,Inverness Japan,Yes,747,14934.26,422.18
25956,901-CM-T30,FPQ-12837,SCMS-206310,ASN-22467,Cameroon,PMO - US,Direct Drop,EXW,Air,8/19/13,9/13/13,7-Nov-13,7-Nov-13,8-Nov-13,ARV,Adult,STRIDES ARCOLAB LIMITED,"Efavirenz 600mg, tablets, 30 Tabs",Efavirenz,Generic,600mg,Tablet,30,25945,82764.55,3.19,0.11,"Strides, Bangalore, India.",Yes,1638,18141.62,102.38
25967,133-NG-T30,FPQ-10349,SCMS-155321,ASN-17166,Nigeria,PMO - US,Direct Drop,EXW,Air,7/17/12,8/13/12,28-Nov-12,27-Nov-12,27-Nov-12,HRDT,HIV test,"Orgenics, Ltd","HIV 1/2, Determine Complete HIV Kit, 100 Tests","HIV 1/2, Determine Complete HIV Kit",Determine,N/A,Test kit,100,2744,244216,89,0.89,"Alere Medical Co., Ltd.",Yes,1303,28734.43,342.39
25982,102-SD-T30,FPQ-6171,SCMS-81730,ASN-8853,Sudan,PMO - US,Direct Drop,EXW,Air,8/5/10,8/23/10,1-Dec-10,1-Dec-10,1-Dec-10,HRDT,HIV test,"Standard Diagnostics, Inc.","HIV 1/2, Bioline 3.0 Kit, Lancets, Capillary pipets, Alcohol swabs included, 25 Tests","HIV 1/2, Bioline 3.0 Kit, Lancets, Capillary pipets, Alcohol swabs included",Bioline,N/A,Test kit,25,16,320,20,0.8,"Standard Diagnostics, Korea",Yes,139,1629.85,0.69
25990,900-SS-T30,FPQ-10504,SCMS-157880,ASN-16852,South Sudan,PMO - US,Direct Drop,EXW,Air,8/15/12,8/21/12,13-Dec-12,13-Dec-12,13-Dec-12,HRDT,HIV test - Ancillary,"Orgenics, Ltd","Capillary Tubes, for Determine, EDTA, 50uL,100 Pcs","HIV, Capillary Tubes, for Determine, EDTA, 50uL,100 Pcs",Determine,N/A,Test kit - Ancillary,100,640,5120,8,0.08,"Alere Medical Co., Ltd.",Yes,331,7539.52,7.18
26002,101-CD-T30,FPQ-13548,SCMS-224840,ASN-24721,"Congo, DRC",PMO - US,Direct Drop,EXW,Air,1/22/14,1/28/14,4-Apr-14,4-Apr-14,28-Apr-14,HRDT,HIV test,"Trinity Biotech, Plc","HIV 1/2, Uni-Gold HIV Kit, 20 Tests","HIV 1/2, Uni-Gold HIV Kit",Uni-Gold,N/A,Test kit,20,17,544,32,1.6,"Trinity Biotech, Plc",No,See ASN-24721 (ID#:13708),See ASN-24721 (ID#:13708),0.56
26015,116-ZA-T30,FPQ-3596,SCMS-50370,ASN-5458,South Africa,PMO - US,Direct Drop,DDP,Truck,5/7/09,9/22/09,27-Oct-09,27-Oct-09,27-Oct-09,ARV,Pediatric,S. BUYS WHOLESALER,"Efavirenz 50mg, capsule, 30 Caps",Efavirenz,Generic,50mg,Capsule,30,708,2696.29,3.81,0.13,"Aurobindo Unit III, India",Yes,Weight Captured Separately,Freight Included in Commodity Cost,5.28
26019,107-RW-T30,FPQ-9965,SCMS-148040,ASN-15289,Rwanda,PMO - US,Direct Drop,FCA,Air,5/25/12,6/1/12,29-Jun-12,29-Jun-12,29-Jun-12,ARV,Pediatric,ABBVIE LOGISTICS (FORMERLY ABBOTT LOGISTICS BV),"Lopinavir/Ritonavir 80/20mg/ml [Kaletra], oral solution, cool, Bottle 5 x 60 ml",Lopinavir/Ritonavir,Kaletra,80/20mg/ml,Oral solution,300,255,7859.1,30.82,0.1,ABBVIE (Abbott) Logis. UK,Yes,253,2455.7,11.02
26082,107-RW-T30,FPQ-6185,SCMS-84440,ASN-9043,Rwanda,PMO - US,Direct Drop,CIP,Air,9/3/10,9/17/10,9-Dec-10,9-Dec-10,9-Dec-10,ARV,Adult,HETERO LABS LIMITED,"Nevirapine 200mg, tablets, 60 Tabs",Nevirapine,Generic,200mg,Tablet,60,62671,165451.44,2.64,0.04,Hetero Unit III Hyderabad IN,Yes,3666,14890.63,356.71
26093,107-RW-T30,FPQ-10223,SCMS-152910,ASN-15896,Rwanda,PMO - US,Direct Drop,EXW,Air,7/5/12,7/16/12,9-Sep-12,9-Sep-12,9-Sep-12,ARV,Adult,Aurobindo Pharma Limited,"Nevirapine 200mg, tablets, 60 Tabs",Nevirapine,Generic,200mg,Tablet,60,57364,129069,2.25,0.04,"Aurobindo Unit III, India",Yes,5468,48501.5,180.95
26117,116-ZA-T30,FPQ-14942,SCMS-295800,ASN-33865,South Africa,PMO - US,Direct Drop,DDP,Truck,9/11/14,8/24/15,24-Aug-15,24-Aug-15,24-Aug-15,ARV,Adult,PHARMACY DIRECT,"Lamivudine/Zidovudine 150/300mg, tablets, 60 Tabs",Lamivudine/Zidovudine,Generic,150/300mg,Tablet - FDC,60,24,551.92,23,0.38,"Aurobindo Unit III, India",No,Weight Captured Separately,Freight Included in Commodity Cost,0.57
26121,116-ZA-T30,FPQ-3560,SCMS-49641,ASN-5136,South Africa,PMO - US,Direct Drop,DDP,Truck,5/7/09,7/21/09,5-Aug-09,5-Aug-09,5-Aug-09,ARV,Adult,S. BUYS WHOLESALER,"Efavirenz 600mg, tablets, 30 Tabs",Efavirenz,Generic,600mg,Tablet,30,6715,127912.01,19.05,0.64,"Cipla, Goa, India",No,Weight Captured Separately,Freight Included in Commodity Cost,250.71
26131,110-ZM-T30,FPQ-8315,SCMS-120583,ASN-16493,Zambia,PMO - US,Direct Drop,EXW,Air,8/31/11,9/19/11,17-Oct-12,17-Oct-12,17-Oct-12,HRDT,HIV test,"Trinity Biotech, Plc","HIV 1/2, Uni-Gold HIV Kit, 20 Tests","HIV 1/2, Uni-Gold HIV Kit",Uni-Gold,N/A,Test kit,20,3640,116480,32,1.6,"Trinity Biotech, Plc",Yes,1213,15504.42,192.19
26171,107-RW-T30,FPQ-3859,SCMS-48831,ASN-5800,Rwanda,PMO - US,Direct Drop,CIP,Air,6/30/09,7/16/09,27-Jan-10,27-Jan-10,27-Jan-10,ARV,Adult,Aurobindo Pharma Limited,"Tenofovir Disoproxil Fumarate 300mg, tablets, 30 Tabs",Tenofovir Disoproxil Fumarate,Generic,300mg,Tablet,30,276,2362.56,8.56,0.29,"Aurobindo Unit III, India",Yes,26,2187.01,4.63
26188,109-TZ-T30,FPQ-7909,SCMS-114980,ASN-11930,Tanzania,PMO - US,Direct Drop,EXW,Air,6/24/11,7/18/11,29-Sep-11,29-Sep-11,29-Sep-11,HRDT,HIV test,"Standard Diagnostics, Inc.","HIV 1/2, Bioline 3.0 Kit, Lancets, Capillary pipets, Alcohol swabs included, 25 Tests","HIV 1/2, Bioline 3.0 Kit, Lancets, Capillary pipets, Alcohol swabs included",Bioline,N/A,Test kit,25,10000,200000,20,0.8,"Standard Diagnostics, Korea",Yes,3334,23030.38,330
26192,108-VN-T30,FPQ-15040,SCMS-263630,ASN-31648,Vietnam,PMO - US,Direct Drop,EXW,Air,10/30/14,12/8/14,1-Jun-15,1-Jun-15,1-Jun-15,ARV,Adult,MYLAN LABORATORIES LTD (FORMERLY MATRIX LABORATORIES),"Efavirenz/Lamivudine/Tenofovir Disoproxil Fumarate 600/300/300mg, tablets, 30 Tabs",Efavirenz/Lamivudine/Tenofovir Disoproxil Fumarate,Generic,600/300/300mg,Tablet - FDC,30,18616,188952.4,10.15,0.34,Mylan (formerly Matrix) Nashik,Yes,2101,4384.01,194.24
26208,116-ZA-T30,FPQ-11828,SCMS-183950,ASN-19166,South Africa,South Africa Field Office,Direct Drop,DDP,Truck,3/18/13,Date Not Captured,16-Apr-13,16-Apr-13,16-Apr-13,ARV,Adult,S. BUYS WHOLESALER,"Efavirenz 600mg, tablets, 30 Tabs",Efavirenz,Generic,600mg,Tablet,30,22333,359064.74,16.08,0.54,"Cipla, Goa, India",No,Weight Captured Separately,Freight Included in Commodity Cost,444.16
26250,102-KE-T30,FPQ-3976,SCMS-52791,ASN-4981,Kenya,PMO - US,Direct Drop,EXW,Air,7/20/09,9/3/09,13-Oct-09,13-Oct-09,13-Oct-09,HRDT,HIV test,"Trinity Biotech, Plc","HIV 1/2, Uni-Gold HIV Kit, 20 Tests","HIV 1/2, Uni-Gold HIV Kit",Uni-Gold,N/A,Test kit,20,2000,64000,32,1.6,"Trinity Biotech, Plc",Yes,682,7258.89,125.44
26260,102-BI-T30,FPQ-15492,SCMS-269300,ASN-32092,Burundi,PMO - US,Direct Drop,EXW,Air,12/4/14,1/26/15,7-Jul-15,7-Jul-15,8-Jul-15,HRDT,HIV test,"Orgenics, Ltd","HIV 1/2, Determine Complete HIV Kit, 100 Tests","HIV 1/2, Determine Complete HIV Kit",Determine,N/A,Test kit,100,1582,126560,80,0.8,"Alere Medical Co., Ltd.",Yes,Weight Captured Separately,Invoiced Separately,148.96
26265,103-ZW-T30,FPQ-15220,SCMS-261590,ASN-31188,Zimbabwe,PMO - US,Direct Drop,FCA,Air,10/27/14,10/30/14,7-May-15,7-May-15,7-May-15,ARV,Pediatric,ABBVIE LOGISTICS (FORMERLY ABBOTT LOGISTICS BV),"Lopinavir/Ritonavir 80/20mg/ml [Kaletra], oral solution, cool, Bottle 5 x 60 ml",Lopinavir/Ritonavir,Kaletra,80/20mg/ml,Oral solution,300,2626,80933.32,30.82,0.1,ABBVIE (Abbott) Logis. UK,Yes,2584,20480.64,95.26
26294,116-ZA-T30,FPQ-14942,SCMS-259072,ASN-30376,South Africa,PMO - US,Direct Drop,DDP,Truck,9/11/14,1/26/15,26-Jan-15,26-Jan-15,26-Jan-15,ARV,Adult,PHARMACY DIRECT,"Saquinavir 200mg [Invirase], capsules, 270 Caps",Saquinavir,Invirase,200mg,Capsule,270,27,1498.82,55.51,0.21,Roche Madrid,Yes,Weight Captured Separately,Freight Included in Commodity Cost,1.54
26341,116-ZA-T30,FPQ-11828,SCMS-183950,ASN-19166,South Africa,South Africa Field Office,Direct Drop,DDP,Truck,3/18/13,Date Not Captured,16-Apr-13,16-Apr-13,16-Apr-13,ARV,Adult,S. BUYS WHOLESALER,"Lamivudine 150mg [Epivir], tablets, 60 Tabs",Lamivudine,Epivir,150mg,Tablet,60,3532,41483.17,11.74,0.2,GSK Ware (UK),No,Weight Captured Separately,Freight Included in Commodity Cost,51.31
26345,900-SS-T30,FPQ-11623,SCMS-178030,ASN-19143,South Sudan,PMO - US,Direct Drop,EXW,Air,2/8/13,2/27/13,16-Aug-13,16-Aug-13,16-Aug-13,HRDT,HIV test - Ancillary,"Orgenics, Ltd","Capillary Tubes, for Determine, EDTA, 50uL,100 Pcs","HIV, Capillary Tubes, for Determine, EDTA, 50uL,100 Pcs",Determine,N/A,Test kit - Ancillary,100,214,1712,8,0.08,"Alere Medical Co., Ltd.",Yes,97,2590.24,2.12
26397,127-KE-T30,FPQ-7907,SCMS-115320,ASN-12097,Kenya,PMO - US,Direct Drop,EXW,Air,6/23/11,7/20/11,30-Sep-11,30-Sep-11,30-Sep-11,HRDT,HIV test,"Orgenics, Ltd","HIV 1/2, Determine Complete HIV Kit, 100 Tests","HIV 1/2, Determine Complete HIV Kit",Determine,N/A,Test kit,100,7318,651302,89,0.89,Inverness Japan,Yes,2556,29339.63,1074.65
26410,119-NA-T30,FPQ-4186,SCMS-53270,ASN-5204,Namibia,PMO - US,Direct Drop,EXW,Air,9/3/09,9/11/09,27-Oct-09,27-Oct-09,27-Oct-09,HRDT,HIV test,"Trinity Biotech, Plc","HIV 1/2, Uni-Gold HIV Kit, 20 Tests","HIV 1/2, Uni-Gold HIV Kit",Uni-Gold,N/A,Test kit,20,1000,32000,32,1.6,"Trinity Biotech, Plc",Yes,345,8858.67,62.72
26427,116-ZA-T30,FPQ-12522,SCMS-199283,ASN-27978,South Africa,PMO - US,Direct Drop,DDP,Truck,7/11/13,8/27/14,27-Aug-14,27-Aug-14,27-Aug-14,ARV,Adult,S. BUYS WHOLESALER,"Tenofovir Disoproxil Fumarate 300mg, tablets, 30 Tabs",Tenofovir Disoproxil Fumarate,Generic,300mg,Tablet,30,211,4768.7,22.6,0.75,"Aurobindo Unit III, India",No,Weight Captured Separately,Freight Included in Commodity Cost,5.9
26440,110-ZM-T30,FPQ-6263,SCMS-87290,ASN-8998,Zambia,PMO - US,Direct Drop,EXW,Air,9/8/10,10/7/10,17-Dec-10,17-Dec-10,17-Dec-10,HRDT,HIV test,"Orgenics, Ltd","HIV 1/2, Determine Complete HIV Kit, 100 Tests","HIV 1/2, Determine Complete HIV Kit",Determine,N/A,Test kit,100,2730,218400,80,0.8,Inverness Japan,Yes,1318,21737.72,470.87
26466,123-NG-T30,FPQ-9201,SCMS-144320,ASN-14987,Nigeria,PMO - US,Direct Drop,EXW,Air,3/19/12,5/1/12,5-Jun-12,5-Jun-12,5-Jun-12,ANTM,Malaria,IDA FOUNDATION,"Sulfadoxine/Pyrimethamine 500/25mg, tablets, Blister 10 x 3 Tabs",Sulfadoxine/Pyrimethamine,Generic,500/25mg,Tablet - FDC + blister,30,1200,1836,1.53,0.05,"Micro Labs Ltd. (Brown & Burk), India",Yes,52,428.66,2.57
26505,102-ML-T30,FPQ-13391,SCMS-221920,ASN-24156,Mali,PMO - US,Direct Drop,EXW,Air,12/16/13,1/22/14,12-Feb-14,12-Feb-14,20-Feb-14,HRDT,HIV test,Orasure Technologies Inc.,"HIV 1/2, OraQuick Advance HIV Rapid Antibody Kit, 100 Tests","HIV 1/2, OraQuick Advance HIV Rapid Antibody Kit",OraQuick,N/A,Test kit,100,4,1400,350,3.5,"Pacific Biotech, Thailand",Yes,11,1195.24,1.44
26558,123-NG-T30,FPQ-7742,SCMS-111230,ASN-11793,Nigeria,PMO - US,Direct Drop,EXW,Air,5/31/11,6/21/11,13-Sep-11,13-Sep-11,13-Sep-11,ANTM,Malaria,IDA FOUNDATION,"Sulfadoxine/Pyrimethamine 500/25mg, tablets, Blister 10 x 3 Tabs",Sulfadoxine/Pyrimethamine,Generic,500/25mg,Tablet - FDC + blister,30,300,330,1.1,0.04,"Remedica, Limassol, Cyprus",Yes,13,365.48,0.54
26571,144-BW-T30,FPQ-4167,SCMS-54170,ASN-5725,Botswana,PMO - US,Direct Drop,EXW,Air,9/9/09,9/30/09,5-Feb-10,5-Feb-10,5-Feb-10,HRDT,HIV test - Ancillary,Orasure Technologies Inc.,"#109435**HIV, OraQuick Controls Kit, 3 Vials","HIV, OraQuick Controls Kit, 3 Vials",OraQuick,N/A,Test kit - Ancillary,3,10,250,25,8.33,"Orasure Technologies, Inc USA",Yes,6,322.12,0.49
26576,116-ZA-T30,FPQ-14942,SCMS-259072,ASN-30376,South Africa,PMO - US,Direct Drop,DDP,Truck,9/11/14,1/26/15,26-Jan-15,26-Jan-15,26-Jan-15,ARV,Pediatric,PHARMACY DIRECT,"Atazanavir 150mg [Reyataz], capsules, 60 Caps",Atazanavir,Reyataz,150mg,Capsule,60,6,95.4,15.9,0.26,"BMS Evansville, US",No,Weight Captured Separately,Freight Included in Commodity Cost,0.1
26590,116-ZA-T30,FPQ-12522,SCMS-199289,ASN-28036,South Africa,PMO - US,Direct Drop,DDP,Truck,7/11/13,8/29/14,29-Aug-14,29-Aug-14,29-Aug-14,ARV,Adult,S. BUYS WHOLESALER,"Didanosine 400mg, delayed-release capsules, 30 Caps",Didanosine,Generic,400mg,Delayed-release capsules,30,31,672.87,21.71,0.72,"Aurobindo Unit III, India",No,Weight Captured Separately,Freight Included in Commodity Cost,0.83
26591,161-ZA-T30,FPQ-5303,SCMS-68860,ASN-6932,South Africa,PMO - US,Direct Drop,DDP,Air,3/18/10,3/19/10,1-Jun-10,4-Jun-10,4-Jun-10,ARV,Adult,Aurobindo Pharma Limited,"Efavirenz 600mg, tablets, 30 Tabs",Efavirenz,Generic,600mg,Tablet,30,53954,251965.18,4.67,0.16,"Aurobindo Unit III, India",Yes,4564,6105.79,543.24
26612,108-VN-T30,FPQ-13524,SCMS-226260,ASN-26927,Vietnam,PMO - US,Direct Drop,EXW,Air,2/6/14,3/10/14,13-Aug-14,13-Aug-14,25-Aug-14,ARV,Adult,HETERO LABS LIMITED,"Lamivudine 150mg, tablets, 60 Tabs",Lamivudine,Generic,150mg,Tablet,60,18600,34410,1.85,0.03,Hetero Unit III Hyderabad IN,Yes,2175,4354.8,35.37
26617,114-UG-T30,FPQ-9365,SCMS-142240,ASN-14834,Uganda,PMO - US,Direct Drop,CIP,Air,3/15/12,4/4/12,21-May-12,21-May-12,21-May-12,ARV,Adult,MERCK SHARP & DOHME IDEA GMBH (FORMALLY MERCK SHARP & DOHME B.V.),"Raltegravir 400mg [Isentress], tablets, 60 Tabs",Raltegravir,Isentress,400mg,Tablet,60,189,10489.5,55.5,0.92,"MSD, Haarlem, NL",Yes,19,710,14.71
26619,105-SS-T30,FPQ-15569,SCMS-272160,ASN-31337,South Sudan,PMO - US,Direct Drop,EXW,Air,12/29/14,2/20/15,3-Jun-15,3-Jun-15,5-Jun-15,HRDT,HIV test - Ancillary,"Orgenics, Ltd","Chase Buffer, Determine, 100 Tests, 2.5ml x 1 Vial","Chase Buffer, Determine, 100 Tests, 2.5ml x 1 Vial",Determine,N/A,Test kit - Ancillary,1,45,225,5,5,"Alere Medical Co., Ltd.",Yes,Weight Captured Separately,Invoiced Separately,0.26
26655,116-ZA-T30,FPQ-13973,SCMS-238554,ASN-28627,South Africa,PMO - US,Direct Drop,DDP,Truck,4/30/14,10/3/14,3-Oct-14,3-Oct-14,3-Oct-14,ARV,Adult,PHARMACY DIRECT,"Nevirapine 200mg, tablets, 60 Tabs",Nevirapine,Generic,200mg,Tablet,60,12,212.96,17.75,0.3,"Aurobindo Unit III, India",No,Weight Captured Separately,Freight Included in Commodity Cost,0.22
26686,102-BW-T30,FPQ-10435,SCMS-155770,ASN-15983,Botswana,PMO - US,Direct Drop,EXW,Air,7/27/12,8/2/12,27-Aug-12,27-Aug-12,27-Aug-12,HRDT,HIV test,"Trinity Biotech, Plc","HIV 1/2, Uni-Gold HIV Kit, 20 Tests","HIV 1/2, Uni-Gold HIV Kit",Uni-Gold,N/A,Test kit,20,4000,128000,32,1.6,"Trinity Biotech, Plc",Yes,1315,13179.8,179.46
26718,108-VN-T30,FPQ-11418,SCMS-176190,ASN-19193,Vietnam,PMO - US,Direct Drop,EXW,Air,1/29/13,2/5/13,24-May-13,24-May-13,24-May-13,ARV,Pediatric,Aurobindo Pharma Limited,"Zidovudine 10mg/ml, oral solution w/syringe, Bottle, 240 ml",Zidovudine,Generic,10mg/ml,Oral solution,240,179,375.9,2.1,0.01,"Aurobindo Unit III, India",No,See ASN-19193 (ID#:14265),See ASN-19193 (ID#:14265),0.46
26741,103-SS-T30,FPQ-11382,SCMS-173330,ASN-18684,South Sudan,PMO - US,Direct Drop,EXW,Air,1/4/13,1/22/13,9-May-13,9-May-13,9-May-13,HRDT,HIV test,"Orgenics, Ltd","HIV 1/2, Determine Complete HIV Kit, 100 Tests","HIV 1/2, Determine Complete HIV Kit",Determine,N/A,Test kit,100,544,48416,89,0.89,"Alere Medical Co., Ltd.",Yes,226,5613.63,59.89
26786,116-ZA-T30,FPQ-11828,SCMS-183950,ASN-19166,South Africa,South Africa Field Office,Direct Drop,DDP,Truck,3/18/13,Date Not Captured,15-Apr-13,16-Apr-13,16-Apr-13,ARV,Pediatric,S. BUYS WHOLESALER,"Lamivudine 10mg/ml, oral solution, Bottle, 240 ml",Lamivudine,Generic,10mg/ml,Oral solution,240,43,317.79,7.39,0.03,"Cipla, Goa, India",No,Weight Captured Separately,Freight Included in Commodity Cost,0.39
26791,116-ZA-T30,FPQ-13214,SCMS-215410,ASN-23875,South Africa,PMO - US,Direct Drop,DDP,Truck,11/14/13,12/2/13,13-Jan-14,13-Jan-14,13-Jan-14,ARV,Adult,S. BUYS WHOLESALER,"Lamivudine 150mg [Epivir], tablets, 60 Tabs",Lamivudine,Epivir,150mg,Tablet,60,2314,26605.58,11.5,0.19,GSK Cape Town Factory (South Africa),No,Weight Captured Separately,Freight Included in Commodity Cost,27.35
26800,133-NG-T30,FPQ-16329,SCMS-289130,ASN-32958,Nigeria,PMO - US,Direct Drop,EXW,Air,5/7/15,5/26/15,14-Jul-15,9-Jul-15,9-Jul-15,HRDT,HIV test,"Orgenics, Ltd","HIV 1/2, Determine Complete HIV Kit, 100 Tests","HIV 1/2, Determine Complete HIV Kit",Determine,N/A,Test kit,100,6392,568888,89,0.89,"Alere Medical Co., Ltd.",Yes,2592,Freight Included in Commodity Cost,669.58
26821,109-TZ-T30,FPQ-4157,SCMS-52774,ASN-5621,Tanzania,PMO - US,Direct Drop,EXW,Air,8/27/09,9/3/09,11-Dec-09,11-Dec-09,11-Dec-09,HRDT,HIV test,"Orgenics, Ltd","HIV 1/2, Determine HIV Kit, without Lancets, 100 Tests","HIV 1/2, Determine HIV Kit, without Lancets",Determine,N/A,Test kit,100,950,66500,70,0.7,Inverness Japan,Yes,216,3744.18,130.34
26829,161-ZA-T30,FPQ-5303,SCMS-68750,ASN-8702,South Africa,PMO - US,Direct Drop,DDP,Air,3/18/10,3/19/10,13-Oct-10,29-Nov-10,29-Nov-10,ARV,Adult,CIPLA LIMITED,"Tenofovir Disoproxil Fumarate 300mg, tablets, 30 Tabs",Tenofovir Disoproxil Fumarate,Generic,300mg,Tablet,30,44717,349686.94,7.82,0.26,"Cipla, Goa, India",Yes,3071,3646.13,753.93
26841,111-MZ-T30,FPQ-4740,SCMS-62330,ASN-6688,Mozambique,PMO - US,Direct Drop,CIP,Air,12/23/09,1/25/10,20-Apr-10,20-Apr-10,20-Apr-10,ARV,Adult,INTERNATIONAL HEALTHCARE DISTRIBUTORS,"Ritonavir 100mg [Norvir], capsules, cool, 84 Caps",Ritonavir,Norvir,100mg,Capsule,84,620,6417,10.35,0.12,ABBVIE (Abbott) Logis. UK,Yes,Weight Captured Separately,Freight Included in Commodity Cost,13.84
26843,102-SD-T30,FPQ-8261,SCMS-120463,ASN-12332,Sudan,PMO - US,Direct Drop,EXW,Air,8/29/11,9/7/11,11-Jan-12,11-Jan-12,11-Jan-12,HRDT,HIV test,"Trinity Biotech, Plc","HIV 1/2, Uni-Gold HIV Kit, 20 Tests","HIV 1/2, Uni-Gold HIV Kit",Uni-Gold,N/A,Test kit,20,11,352,32,1.6,"Trinity Biotech, Plc",Yes,5,578.73,0.58
26849,161-ZA-T30,FPQ-5648,SCMS-75660,ASN-8694,South Africa,PMO - US,Direct Drop,DDP,Ocean,6/2/10,6/17/10,12-Oct-10,15-Dec-10,15-Dec-10,ARV,Adult,Aurobindo Pharma Limited,"Efavirenz 600mg, tablets, 30 Tabs",Efavirenz,Generic,600mg,Tablet,30,108211,488031.61,4.51,0.15,"Aurobindo Unit III, India",Yes,Weight Captured Separately,Freight Included in Commodity Cost,1052.2
26879,161-ZA-T30,FPQ-6262,SCMS-83790,ASN-9477,South Africa,PMO - US,Direct Drop,DDP,Ocean,8/31/10,9/24/10,6-Jan-11,10-Mar-11,10-Mar-11,ARV,Pediatric,Aurobindo Pharma Limited,"Nevirapine 10mg/ml, oral suspension w/syringe, Bottle, 240 ml",Nevirapine,Generic,10mg/ml,Oral suspension,240,10233,21693.96,2.12,0.01,"Aurobindo Unit III, India",Yes,3542,6660.05,46.77
26895,901-CM-T30,FPQ-12837,SCMS-204290,ASN-23339,Cameroon,PMO - US,Direct Drop,EXW,Air,8/19/13,8/23/13,8-Jan-14,8-Jan-14,10-Jan-14,ARV,Adult,Aurobindo Pharma Limited,"Efavirenz/Lamivudine/Tenofovir Disoproxil Fumarate 600/300/300mg, tablets, 30 Tabs",Efavirenz/Lamivudine/Tenofovir Disoproxil Fumarate,Generic,600/300/300mg,Tablet - FDC,30,1531,17070.65,11.15,0.37,"Aurobindo Unit VII, IN",Yes,Weight Captured Separately,Invoiced Separately,21.12
26898,106-HT-T30,FPQ-11065,SCMS-169350,ASN-18782,Haiti,PMO - US,Direct Drop,EXW,Air,11/26/12,12/12/12,25-Apr-13,25-Apr-13,25-Apr-13,HRDT,HIV test,"SHANGHAI KEHUA BIOENGINEERING CO.,LTD.  (KHB)","HIV 1/2, SKB Colloidal Gold, Diagnostic Kit, Antibody, 50 Tests","HIV 1/2, Colloidal Gold, Diagnostic Kit, Antibody",Colloidal Gold,N/A,Test kit,1,250,6125,24.5,24.5,"KHB Test Kit Facility, Shanghai China",Yes,164,2179.49,7.58
26917,117-ET-T30,FPQ-6608,SCMS-92100,ASN-9295,Ethiopia,PMO - US,Direct Drop,EXW,Air,11/9/10,11/24/10,13-Jan-11,13-Jan-11,13-Jan-11,HRDT,HIV test,"SHANGHAI KEHUA BIOENGINEERING CO.,LTD.  (KHB)","HIV 1/2, SKB Colloidal Gold, Diagnostic Kit, Antibody, 50 Tests","HIV 1/2, Colloidal Gold, Diagnostic Kit, Antibody",Colloidal Gold,N/A,Test kit,1,990,22770,23,23,"KHB Test Kit Facility, Shanghai China",Yes,718,6161.42,37.57
26927,116-ZA-T30,FPQ-13035,SCMS-215370,ASN-24415,South Africa,PMO - US,Direct Drop,DDP,Truck,10/8/13,12/2/13,6-Feb-14,6-Feb-14,6-Feb-14,ARV,Adult,S. BUYS WHOLESALER,"Zidovudine 300mg, tablets, 60 Tabs",Zidovudine,Generic,300mg,Tablet,60,62,1448.18,23.36,0.39,"Aurobindo Unit III, India",No,Weight Captured Separately,Freight Included in Commodity Cost,1.79
26961,106-HT-T30,FPQ-14083,SCMS-240110,ASN-27824,Haiti,PMO - US,Direct Drop,FCA,Air,5/11/14,5/28/14,26-Sep-14,26-Sep-14,6-Oct-14,ARV,Adult,ABBVIE LOGISTICS (FORMERLY ABBOTT LOGISTICS BV),"Lopinavir/Ritonavir 200/50mg [Aluvia], tablets, 120 Tabs",Lopinavir/Ritonavir,Aluvia,200/50mg,Tablet,120,1008,18809.28,18.66,0.16,ABBVIE Ludwigshafen Germany,Yes,406,2562.6,19.34
26965,114-UG-T30,FPQ-14325,SCMS-244370,ASN-29012,Uganda,PMO - US,Direct Drop,FCA,Air,5/26/14,6/23/14,8-Nov-14,8-Nov-14,12-Nov-14,ARV,Adult,ABBVIE LOGISTICS (FORMERLY ABBOTT LOGISTICS BV),"Ritonavir 100mg [Norvir], film coated tablets, 60 Tabs",Ritonavir,Norvir,100mg,Tablet,60,579,3966.15,6.85,0.11,ABBVIE Ludwigshafen Germany,Yes,83,800,4.08
26985,108-VN-T30,FPQ-10811,SCMS-164660,ASN-18971,Vietnam,PMO - US,Direct Drop,EXW,Air,10/15/12,11/7/12,16-May-13,16-May-13,16-May-13,ARV,Pediatric,STRIDES ARCOLAB LIMITED,"Lamivudine/Nevirapine/Zidovudine 30/50/60mg, dispersible tablets, 60 Tabs",Lamivudine/Nevirapine/Zidovudine,Generic,30/50/60mg,Chewable/dispersible tablet - FDC,60,3881,15524,4,0.07,"Strides, Bangalore, India.",No,See ASN-18971 (ID#:16186),See ASN-18971 (ID#:16186),19.2
26996,116-ZA-T30,FPQ-14942,SCMS-259071,ASN-29597,South Africa,PMO - US,Direct Drop,DDP,Truck,9/11/14,11/28/14,28-Nov-14,28-Nov-14,28-Nov-14,ARV,Adult,PHARMACY DIRECT,"Nevirapine 200mg, tablets, 60 Tabs",Nevirapine,Generic,200mg,Tablet,60,22,282.13,12.82,0.21,"Aurobindo Unit III, India",No,Weight Captured Separately,Freight Included in Commodity Cost,0.29
27015,104-CI-T30,FPQ-10636,SCMS-162550,ASN-18558,Côte d'Ivoire,PMO - US,Direct Drop,EXW,Air,9/19/12,10/12/12,21-Mar-13,21-Mar-13,21-Mar-13,ARV,Adult,MYLAN LABORATORIES LTD (FORMERLY MATRIX LABORATORIES),"Atazanavir/Ritonavir 300/100mg, tablets, 30 Tabs",Atazanavir/Ritonavir,Generic,300/100mg,Tablet,30,1400,31500,22.5,0.75,Mylan (formerly Matrix) Nashik,Yes,364,4171.65,44.16
27026,161-ZA-T30,FPQ-5303,SCMS-68720,ASN-7537,South Africa,PMO - US,Direct Drop,DDP,Air,3/18/10,3/19/10,19-Jul-10,29-Jul-10,29-Jul-10,ARV,Adult,CIPLA LIMITED,"Tenofovir Disoproxil Fumarate 300mg, tablets, 30 Tabs",Tenofovir Disoproxil Fumarate,Generic,300mg,Tablet,30,2016,15765.12,7.82,0.26,"Cipla, Goa, India",Yes,136,1881.24,33.99
27049,105-GH-T30,FPQ-13809,SCMS-234100,ASN-27344,Ghana,PMO - US,Direct Drop,EXW,Air,3/7/14,4/14/14,8-Sep-14,8-Sep-14,10-Sep-14,ARV,Adult,HETERO LABS LIMITED,"Lamivudine/Tenofovir Disoproxil Fumarate 300/300mg, tablets, 30 Tabs",Lamivudine/Tenofovir Disoproxil Fumarate,Generic,300/300mg,Tablet - FDC,30,17447,80605.14,4.62,0.15,Hetero Unit III Hyderabad IN,Yes,1825,10790.63,82.86
27067,133-NG-T30,FPQ-12458,SCMS-196570,ASN-21226,Nigeria,PMO - US,Direct Drop,EXW,Air,6/10/13,7/10/13,27-Aug-13,27-Aug-13,27-Aug-13,HRDT,HIV test,"CHEMBIO DIAGNOSTIC SYSTEMS, INC.","HIV 1/2, Stat-Pak HIV, Kit, 20 Tests","HIV 1/2, Stat-Pak HIV, Kit",Stat-Pak,N/A,Test kit,20,202,6464,32,1.6,Chembio Diagnostics Sys. Inc.,Yes,60,624.92,8
27092,114-UG-T30,FPQ-11141,SCMS-173430,ASN-20630,Uganda,PMO - US,Direct Drop,FCA,Air,12/13/12,2/4/13,26-Jul-13,26-Jul-13,26-Jul-13,ARV,Pediatric,ABBVIE LOGISTICS (FORMERLY ABBOTT LOGISTICS BV),"Lopinavir/Ritonavir 100/25mg [Aluvia], tablets, 60 Tabs",Lopinavir/Ritonavir,Generic,100/25mg,Tablet,60,2565,15236.1,5.94,0.1,ABBVIE Ludwigshafen Germany,Yes,304,2808.12,18.85
27118,133-NG-T30,FPQ-12812,SCMS-210351,ASN-23950,Nigeria,PMO - US,Direct Drop,EXW,Air,8/13/13,11/1/13,18-Feb-14,14-Feb-14,19-Mar-14,HRDT,HIV test,"Orgenics, Ltd","HIV 1/2, Determine Complete HIV Kit, 100 Tests","HIV 1/2, Determine Complete HIV Kit",Determine,N/A,Test kit,100,9241,822449,89,0.89,"Alere Medical Co., Ltd.",Yes,3744,57484.06,1017.37
27177,106-HT-T30,FPQ-8801,SCMS-130210,ASN-13748,Haiti,PMO - US,Direct Drop,EXW,Air,12/7/11,1/9/12,5-Mar-12,5-Mar-12,5-Mar-12,HRDT,HIV test,"SHANGHAI KEHUA BIOENGINEERING CO.,LTD.  (KHB)","HIV 1/2, SKB Colloidal Gold, Diagnostic Kit, Antibody, 50 Tests","HIV 1/2, Colloidal Gold, Diagnostic Kit, Antibody",Colloidal Gold,N/A,Test kit,1,505,12372.5,24.5,24.5,"KHB Test Kit Facility, Shanghai China",Yes,367,3638.86,17.35
27185,116-ZA-T30,FPQ-7176,SCMS-104360,ASN-11044,South Africa,PMO - US,Direct Drop,DDP,Ocean,3/10/11,4/1/11,2-Sep-11,2-Sep-11,2-Sep-11,ARV,Pediatric,Aurobindo Pharma Limited,"Efavirenz 200mg, capsule, 90 Caps",Efavirenz,Generic,200mg,Capsule,90,300,2451,8.17,0.09,"Aurobindo Unit III, India",Yes,40,422.84,4.04
27186,116-ZA-T30,FPQ-4054,SCMS-51250,ASN-5057,South Africa,PMO - US,Direct Drop,DDP,Truck,7/29/09,8/7/09,31-Aug-09,31-Aug-09,31-Aug-09,ARV,Adult,S. BUYS WHOLESALER,"Tenofovir Disoproxil Fumarate 300mg [Viread], tablets, 30 Tabs",Tenofovir Disoproxil Fumarate,Viread,300mg,Tablet,30,100,2733.35,27.33,0.91,"Aspen-OSD, Port Elizabeth, SA",Yes,Weight Captured Separately,Freight Included in Commodity Cost,5.36
27200,161-ZA-T30,FPQ-7175,SCMS-103720,ASN-11563,South Africa,PMO - US,Direct Drop,DDP,Air,3/10/11,3/23/11,2-Sep-11,2-Sep-11,2-Sep-11,ARV,Adult,HETERO LABS LIMITED,"Efavirenz 600mg, tablets, 30 Tabs",Efavirenz,Generic,600mg,Tablet,30,92500,435675,4.71,0.16,Hetero Unit III Hyderabad IN,Yes,8025,9706.85,718.86
27234,107-RW-T30,FPQ-14813,SCMS-261770,ASN-29892,Rwanda,PMO - US,Direct Drop,EXW,Air,10/9/14,12/15/14,15-Jan-15,15-Jan-15,24-Feb-15,ARV,Pediatric,Aurobindo Pharma Limited,"Lopinavir/Ritonavir 100/25mg, tablets, 60 Tabs",Lopinavir/Ritonavir,Generic,100/25mg,Tablet,60,607,4880.28,8.04,0.13,"Aurobindo Unit III, India",Yes,66,1026.4,5.02
27236,106-HT-T30,FPQ-11443,SCMS-180960,ASN-20434,Haiti,PMO - US,Direct Drop,EXW,Air,2/7/13,3/22/13,14-Aug-13,14-Aug-13,14-Aug-13,ARV,Adult,MICRO LABS LIMITED,"Lamivudine 150mg, tablets, 60 Tabs",Lamivudine,Generic,150mg,Tablet,60,1260,2318.4,1.84,0.03,"Micro labs, Verna, Goa, India",No,See ASN-20434 (ID#:13874),See ASN-20434 (ID#:13874),2.87
27238,102-SD-T30,FPQ-8261,SCMS-120470,ASN-13278,Sudan,PMO - US,Direct Drop,EXW,Air,8/29/11,9/7/11,7-Feb-12,7-Feb-12,7-Feb-12,HRDT,HIV test,"Trinity Biotech, Plc","HIV 1/2, Uni-Gold HIV Kit, 20 Tests","HIV 1/2, Uni-Gold HIV Kit",Uni-Gold,N/A,Test kit,20,53,1696,32,1.6,"Trinity Biotech, Plc",Yes,18,569.11,2.8
27267,108-VN-T30,FPQ-10286,SCMS-156130,ASN-17075,Vietnam,PMO - US,Direct Drop,EXW,Air,7/25/12,8/14/12,29-Nov-12,29-Nov-12,29-Nov-12,ARV,Adult,Aurobindo Pharma Limited,"Lamivudine/Nevirapine/Zidovudine 150/200/300mg, tablets, 60 Tabs",Lamivudine/Nevirapine/Zidovudine,Generic,150/300/200mg,Tablet - FDC,60,37215,320049,8.6,0.14,"Aurobindo Unit III, India",No,See ASN-17075 (ID#:20697),See ASN-17075 (ID#:20697),448.71
27269,107-RW-T30,FPQ-13852,SCMS-236481,ASN-27963,Rwanda,PMO - US,Direct Drop,FCA,Air,3/19/14,8/6/14,16-Sep-14,16-Sep-14,25-Sep-14,ARV,Adult,ABBVIE LOGISTICS (FORMERLY ABBOTT LOGISTICS BV),"Ritonavir 100mg [Norvir], film coated tablets, 60 Tabs",Ritonavir,Norvir,100mg,Tablet,60,1514,10370.9,6.85,0.11,ABBVIE Ludwigshafen Germany,Yes,204,1949.64,10.66
27297,105-GY-T30,FPQ-16480,SCMS-293560,ASN-33483,Guyana,PMO - US,Direct Drop,EXW,Air,6/24/15,7/17/15,28-Aug-15,28-Aug-15,28-Aug-15,HRDT,HIV test,"Trinity Biotech, Plc","HIV 1/2, Uni-Gold HIV Kit, 20 Tests","HIV 1/2, Uni-Gold HIV Kit",Uni-Gold,N/A,Test kit,20,1543,49376,32,1.6,"Trinity Biotech, Plc",Yes,Weight Captured Separately,Invoiced Separately,58.12
27300,107-RW-T30,FPQ-6341,SCMS-84991,ASN-10790,Rwanda,PMO - US,Direct Drop,EXW,Air,9/3/10,9/28/10,17-Jun-11,17-Jun-11,17-Jun-11,ARV,Adult,HETERO LABS LIMITED,"Efavirenz 600mg, tablets, 30 Tabs",Efavirenz,Generic,600mg,Tablet,30,43657,180303.41,4.13,0.14,Hetero Unit III Hyderabad IN,Yes,3720,35499.58,388.73
27327,133-NG-T30,FPQ-12456,SCMS-196560,ASN-21222,Nigeria,PMO - US,Direct Drop,EXW,Air,6/10/13,7/10/13,18-Sep-13,24-Sep-13,24-Sep-13,HRDT,HIV test,"Orgenics, Ltd","HIV 1/2, Determine Complete HIV Kit, 100 Tests","HIV 1/2, Determine Complete HIV Kit",Determine,N/A,Test kit,100,3023,269047,89,0.89,"Alere Medical Co., Ltd.",Yes,1221,12793.7,332.81
27400,110-ZM-T30,FPQ-12634,SCMS-201910,ASN-21478,Zambia,PMO - US,Direct Drop,EXW,Air,7/17/13,8/6/13,18-Sep-13,18-Sep-13,18-Sep-13,HRDT,HIV test,"Trinity Biotech, Plc","HIV 1/2, Uni-Gold HIV Kit, 20 Tests","HIV 1/2, Uni-Gold HIV Kit",Uni-Gold,N/A,Test kit,20,3000,96000,32,1.6,"Trinity Biotech, Plc",Yes,880,7616.19,118.75
27421,109-TZ-T30,FPQ-10809,SCMS-162860,ASN-17469,Tanzania,PMO - US,Direct Drop,EXW,Air,10/11/12,10/18/12,31-Dec-12,31-Dec-12,31-Dec-12,HRDT,HIV test,"Orgenics, Ltd","HIV 1/2, Determine Complete HIV Kit, 100 Tests","HIV 1/2, Determine Complete HIV Kit",Determine,N/A,Test kit,100,762,60960,80,0.8,"Alere Medical Co., Ltd.",Yes,362,7060.97,75.41
27430,116-ZA-T30,FPQ-14942,SCMS-259075,ASN-32138,South Africa,PMO - US,Direct Drop,DDP,Truck,9/11/14,5/11/15,12-May-15,12-May-15,12-May-15,ARV,Adult,PHARMACY DIRECT,"Didanosine 250mg, delayed-release capsules, 30 Caps",Didanosine,Generic,250mg,Delayed-release capsules,30,3,33.05,11.02,0.37,"Aurobindo Unit III, India",No,Weight Captured Separately,Freight Included in Commodity Cost,0.03
27460,108-VN-T30,FPQ-13524,SCMS-226220,ASN-26923,Vietnam,PMO - US,Direct Drop,EXW,Air,2/6/14,3/10/14,29-Jul-14,29-Jul-14,6-Aug-14,ARV,Adult,HETERO LABS LIMITED,"Abacavir 300mg, tablets, 60 Tabs",Abacavir,Generic,300mg,Tablet,60,1600,18320,11.45,0.19,Hetero Unit III Hyderabad IN,No,See ASN-26923 (ID#:13027),See ASN-26923 (ID#:13027),18.83
27461,116-ZA-T30,FPQ-14942,SCMS-259071,ASN-29596,South Africa,PMO - US,Direct Drop,DDP,Truck,9/11/14,11/28/14,28-Nov-14,28-Nov-14,28-Nov-14,ARV,Adult,PHARMACY DIRECT,"Raltegravir 400mg [Isentress], tablets, 60 Tabs",Raltegravir,Isentress,400mg,Tablet,60,45,2752.41,61.16,1.02,"MSD, Haarlem, NL",Yes,Weight Captured Separately,Freight Included in Commodity Cost,2.83
27462,105-GY-T30,FPQ-12057,SCMS-188860,ASN-21852,Guyana,PMO - US,Direct Drop,FCA,Air,4/15/13,5/23/13,29-Oct-13,29-Oct-13,29-Oct-13,ARV,Pediatric,ABBVIE LOGISTICS (FORMERLY ABBOTT LOGISTICS BV),"Lopinavir/Ritonavir 80/20mg/ml [Kaletra], oral solution, cool, Bottle 5 x 60 ml",Lopinavir/Ritonavir,Kaletra,80/20mg/ml,Oral solution,300,12,729.84,60.82,0.2,ABBVIE (Abbott) Logis. UK,Yes,48,749.36,0.9
27474,102-SD-T30,FPQ-5292,SCMS-69260,ASN-6585,Sudan,PMO - US,Direct Drop,EXW,Air,3/15/10,3/24/10,7-May-10,7-May-10,7-May-10,HRDT,HIV test,"Trinity Biotech, Plc","HIV 1/2, Uni-Gold HIV Kit, 20 Tests","HIV 1/2, Uni-Gold HIV Kit",Uni-Gold,N/A,Test kit,20,160,5120,32,1.6,"Trinity Biotech, Plc",Yes,53,1310.92,11.04
27553,116-ZA-T30,FPQ-5535,SCMS-71490,ASN-7428,South Africa,PMO - US,Direct Drop,DDP,Truck,4/19/10,4/21/10,11-Jun-10,11-Jun-10,11-Jun-10,ARV,Pediatric,S. BUYS WHOLESALER,"Lopinavir/Ritonavir 80/20mg/ml [Kaletra], oral solution, cool, Bottle 5 x 60 ml",Lopinavir/Ritonavir,Kaletra,80/20mg/ml,Oral solution,300,120,4978.94,41.49,0.14,ABBVIE (Abbott) Logis. UK,Yes,Weight Captured Separately,Freight Included in Commodity Cost,10.73
27563,161-ZA-T30,FPQ-6262,SCMS-83730,ASN-9193,South Africa,PMO - US,Direct Drop,DDP,Ocean,8/31/10,9/24/10,29-Dec-10,29-Dec-10,29-Dec-10,ARV,Adult,Aurobindo Pharma Limited,"Tenofovir Disoproxil Fumarate 300mg, tablets, 30 Tabs",Tenofovir Disoproxil Fumarate,Generic,300mg,Tablet,30,28330,188394.5,6.65,0.22,"Aurobindo Unit III, India",Yes,2645,5112.92,406.18
27574,101-KE-T30,FPQ-10314,SCMS-153912,ASN-17292,Kenya,PMO - US,Direct Drop,CIP,Air,7/12/12,11/21/12,10-Dec-12,10-Dec-12,10-Dec-12,HRDT,HIV test,"Orgenics, Ltd","HIV 1/2, Determine Complete HIV Kit, 100 Tests","HIV 1/2, Determine Complete HIV Kit",Determine,N/A,Test kit,100,1005,89445,89,0.89,"Alere Medical Co., Ltd.",Yes,Weight Captured Separately,Freight Included in Commodity Cost,125.4
27586,105-SS-T30,FPQ-9807,SCMS-147641,ASN-16730,South Sudan,PMO - US,Direct Drop,EXW,Air,5/18/12,6/20/12,30-Nov-12,30-Nov-12,30-Nov-12,HRDT,HIV test - Ancillary,"Orgenics, Ltd","Capillary Tubes, for Determine, EDTA, 50uL,100 Pcs","HIV, Capillary Tubes, for Determine, EDTA, 50uL,100 Pcs",Determine,N/A,Test kit - Ancillary,100,173,1384,8,0.08,"Alere Medical Co., Ltd.",Yes,201,5124.22,1.94
27604,107-RW-T30,FPQ-15065,SCMS-263320,ASN-30383,Rwanda,PMO - US,Direct Drop,EXW,Air,10/15/14,12/16/14,25-Feb-15,25-Feb-15,25-Feb-15,HRDT,HIV test,"Orgenics, Ltd","HIV 1/2, Determine Complete HIV Kit, 100 Tests","HIV 1/2, Determine Complete HIV Kit",Determine,N/A,Test kit,100,1144,91520,80,0.8,"Alere Medical Co., Ltd.",Yes,468,8806.76,94.08
27614,101-CD-T30,FPQ-14654,SCMS-253260,ASN-28279,"Congo, DRC",PMO - US,Direct Drop,EXW,Air,8/11/14,8/27/14,4-Nov-14,4-Nov-14,20-Nov-14,HRDT,HIV test,"Trinity Biotech, Plc","HIV 1/2, Uni-Gold HIV Kit, 20 Tests","HIV 1/2, Uni-Gold HIV Kit",Uni-Gold,N/A,Test kit,20,47,1504,32,1.6,"Trinity Biotech, Plc",No,See ASN-28279 (ID#:13547),See ASN-28279 (ID#:13547),1.55
27634,107-RW-T30,FPQ-13851,SCMS-239020,ASN-27336,Rwanda,PMO - US,Direct Drop,EXW,Air,3/10/14,5/16/14,22-Aug-14,22-Aug-14,26-Aug-14,ARV,Adult,MYLAN LABORATORIES LTD (FORMERLY MATRIX LABORATORIES),"Atazanavir/Ritonavir 300/100mg, tablets, 30 Tabs",Atazanavir/Ritonavir,Generic,300/100mg,Tablet,30,3000,60000,20,0.67,Mylan (formerly Matrix) Nashik,Yes,405,3484.48,61.68
27664,901-GH-T30,FPQ-14101,SCMS-245430,ASN-28552,Ghana,PMO - US,Direct Drop,EXW,Air,4/30/14,7/8/14,3-Nov-14,3-Nov-14,12-Nov-14,ARV,Adult,HETERO LABS LIMITED,"Lamivudine/Tenofovir Disoproxil Fumarate 300/300mg, tablets, 30 Tabs",Lamivudine/Tenofovir Disoproxil Fumarate,Generic,300/300mg,Tablet - FDC,30,45632,210819.84,4.62,0.15,Hetero Unit III Hyderabad IN,Yes,4539,22271.36,216.72
27670,114-UG-T30,FPQ-12273,SCMS-198550,ASN-21516,Uganda,PMO - US,Direct Drop,EXW,Air,7/8/13,8/12/13,30-Sep-13,30-Sep-13,30-Sep-13,HRDT,HIV test,BIO-RAD LABORATORIES (FRANCE),"HIV 1/2, Genie III Kit, 50 Tests","HIV 1/2, Genie III Kit",Genie,N/A,Test kit,50,15,1363.65,90.91,1.82,Bio-Rad Laboratories,Yes,8,855.41,1.69
27675,102-SD-T30,FPQ-7321,SCMS-107770,ASN-10900,Sudan,PMO - US,Direct Drop,EXW,Air,3/29/11,5/2/11,24-Jun-11,24-Jun-11,24-Jun-11,HRDT,HIV test - Ancillary,"Standard Diagnostics, Inc.","HIV 1/2, Bioline 3.0 Diluent, 25 Tests, Bottle x 5 ml","HIV 1/2, Bioline 3.0 Diluent, 25 Tests",Bioline,N/A,Test kit - Ancillary,1,13,11.7,0.9,0.9,"Standard Diagnostics, Korea",Yes,2,1193.15,0.02
27697,106-HT-T30,FPQ-14895,SCMS-261011,ASN-32761,Haiti,PMO - US,Direct Drop,EXW,Air,9/24/14,11/14/14,23-Jul-15,23-Jul-15,28-Jul-15,ARV,Adult,EMCURE PHARMACEUTICALS LTD,"Atazanavir/Ritonavir 300/100mg, tablets, 30 Tabs",Atazanavir/Ritonavir,Generic,300/100mg,Tablet,30,1052,18936,18,0.6,"Emcure Plot No.P-2, I.T-B.T. Park, Phase II, MIDC, Hinjwadi, Pune, India",Yes,138,1719.78,19.47
27708,104-CI-T30,FPQ-9554,SCMS-142490,ASN-14433,Côte d'Ivoire,PMO - US,Direct Drop,EXW,Air,3/19/12,3/27/12,25-Apr-12,25-Apr-12,25-Apr-12,HRDT,HIV test,"Orgenics, Ltd","HIV 1/2, Determine Complete HIV Kit, 100 Tests","HIV 1/2, Determine Complete HIV Kit",Determine,N/A,Test kit,100,596,47680,80,0.8,"Alere Medical Co., Ltd.",Yes,287,7024.86,66.85
27765,114-UG-T30,FPQ-14407,SCMS-244520,ASN-26987,Uganda,PMO - US,Direct Drop,EXW,Air,6/11/14,6/19/14,1-Aug-14,1-Aug-14,4-Aug-14,ARV,Adult,STRIDES ARCOLAB LIMITED,"Efavirenz 600mg, tablets, 30 Tabs",Efavirenz,Generic,600mg,Tablet,30,61150,195068.5,3.19,0.11,"Strides, Bangalore, India.",Yes,3858,20553.85,200.53
27777,117-ET-T30,FPQ-9098,SCMS-133600,ASN-15705,Ethiopia,PMO - US,Direct Drop,EXW,Air,1/10/12,1/23/12,31-Jul-12,31-Jul-12,31-Jul-12,HRDT,HIV test,"SHANGHAI KEHUA BIOENGINEERING CO.,LTD.  (KHB)","HIV 1/2, SKB Colloidal Gold, Diagnostic Kit, Antibody, 50 Tests","HIV 1/2, Colloidal Gold, Diagnostic Kit, Antibody",Colloidal Gold,N/A,Test kit,1,1362,33369,24.5,24.5,"KHB Test Kit Facility, Shanghai China",Yes,950,8859.91,46.78
27781,116-ZA-T30,FPQ-14942,SCMS-259072,ASN-30377,South Africa,PMO - US,Direct Drop,DDP,Truck,9/11/14,1/26/15,26-Jan-15,26-Jan-15,26-Jan-15,ARV,Adult,PHARMACY DIRECT,"Abacavir 300mg, tablets, 60 Tabs",Abacavir,Generic,300mg,Tablet,60,53,2642.19,49.85,0.83,"Aurobindo Unit III, India",No,Weight Captured Separately,Freight Included in Commodity Cost,2.72
27798,117-ET-T30,FPQ-4731,SCMS-59590,ASN-6042,Ethiopia,PMO - US,Direct Drop,EXW,Air,12/10/09,12/18/09,15-Feb-10,15-Feb-10,15-Feb-10,ARV,Adult,MYLAN LABORATORIES LTD (FORMERLY MATRIX LABORATORIES),"Efavirenz 600mg, tablets, 30 Tabs",Efavirenz,Generic,600mg,Tablet,30,7197,32314.53,4.49,0.15,Mylan (formerly Matrix) Nashik,Yes,530,1860.69,69.67
27804,106-HT-T30,FPQ-15038,SCMS-262890,ASN-32716,Haiti,PMO - US,Direct Drop,FCA,Air,10/22/14,1/30/15,7-Jul-15,7-Jul-15,7-Jul-15,ARV,Adult,ABBVIE LOGISTICS (FORMERLY ABBOTT LOGISTICS BV),"Lopinavir/Ritonavir 200/50mg [Aluvia], tablets, 120 Tabs",Lopinavir/Ritonavir,Aluvia,200/50mg,Tablet,120,6050,111743.5,18.47,0.15,ABBVIE Ludwigshafen Germany,No,See ASN-32716 (ID#:22417),See ASN-32716 (ID#:22417),114.87
27820,114-UG-T30,FPQ-7617,SCMS-109060,ASN-11530,Uganda,PMO - US,Direct Drop,DDP,Air,4/29/11,5/12/11,22-Jul-11,22-Jul-11,22-Jul-11,ARV,Adult,ASPEN PHARMACARE,"Etravirine 100mg [Intelence], tablets, 120 Tabs",Etravirine,Intelence,100mg,Tablet,120,93,7839.9,84.3,0.7,"Janssen-Cilag, Latina, IT",Yes,22,140,12.94
27829,105-SS-T30,FPQ-14470,SCMS-245250,ASN-27328,South Sudan,PMO - US,Direct Drop,EXW,Air,6/17/14,6/30/14,3-Oct-14,3-Oct-14,12-Nov-14,HRDT,HIV test - Ancillary,"Orgenics, Ltd","Capillary Tubes, for Determine, EDTA, 50uL,100 Pcs","HIV, Capillary Tubes, for Determine, EDTA, 50uL,100 Pcs",Determine,N/A,Test kit - Ancillary,100,115,920,8,0.08,"Alere Medical Co., Ltd.",Yes,173,4594.07,0.95
27833,108-VN-T30,FPQ-11560,SCMS-177630,ASN-20042,Vietnam,PMO - US,Direct Drop,EXW,Air,2/7/13,2/13/13,13-Jul-13,13-Jul-13,13-Jul-13,ARV,Adult,MYLAN LABORATORIES LTD (FORMERLY MATRIX LABORATORIES),"Efavirenz/Lamivudine/Tenofovir Disoproxil Fumarate 600/300/300mg, tablets, 30 Tabs",Efavirenz/Lamivudine/Tenofovir Disoproxil Fumarate,Generic,600/300/300mg,Tablet - FDC,30,42699,490611.51,11.49,0.38,Mylan (formerly Matrix) Nashik,Yes,4806,18700.09,606.89
27842,114-UG-T30,FPQ-13816,SCMS-231310,ASN-25464,Uganda,PMO - US,Direct Drop,EXW,Air,2/27/14,3/20/14,13-May-14,13-May-14,13-May-14,HRDT,HIV test,"Trinity Biotech, Plc","HIV 1/2, Uni-Gold HIV Kit, 20 Tests","HIV 1/2, Uni-Gold HIV Kit",Uni-Gold,N/A,Test kit,20,2481,79392,32,1.6,"Trinity Biotech, Plc",Yes,780,5024.15,81.61
27875,108-VN-T30,FPQ-10811,SCMS-166140,ASN-17572,Vietnam,PMO - US,Direct Drop,EXW,Air,10/15/12,11/9/12,9-Jan-13,9-Jan-13,9-Jan-13,ARV,Pediatric,Aurobindo Pharma Limited,"Zidovudine 10mg/ml, oral solution w/syringe, Bottle, 240 ml",Zidovudine,Generic,10mg/ml,Oral solution,240,309,648.9,2.1,0.01,"Aurobindo Unit III, India",No,See ASN-17572 (ID#:19630),See ASN-17572 (ID#:19630),0.8
27881,109-TZ-T30,FPQ-6795,SCMS-103291,ASN-11005,Tanzania,PMO - US,Direct Drop,FCA,Air,1/27/11,4/14/11,14-Jul-11,14-Jul-11,14-Jul-11,ARV,Adult,LAWRENCE LABORATORIES (SUBSIDIARY OF BRISTOL MYERS SQUIBB),"Didanosine EC 250mg [Videx EC], delayed-release capsules, Blister 3 x 10 Caps",Didanosine EC,Videx EC,250mg,Delayed-release capsules - blister,30,6357,116587.38,18.34,0.61,Bristol-Myers Squibb Anagni IT,Yes,1272,10816.49,192.37
27936,116-ZA-T30,FPQ-14942,SCMS-259075,ASN-32121,South Africa,PMO - US,Direct Drop,DDP,Truck,9/11/14,5/11/15,12-May-15,12-May-15,12-May-15,ARV,Adult,PHARMACY DIRECT,"Raltegravir 400mg [Isentress], tablets, 60 Tabs",Raltegravir,Isentress,400mg,Tablet,60,1,61.16,61.16,1.02,"MSD, Haarlem, NL",Yes,Weight Captured Separately,Freight Included in Commodity Cost,0.06
27938,110-ZM-T30,FPQ-8315,SCMS-120581,ASN-12827,Zambia,PMO - US,Direct Drop,EXW,Air,8/31/11,9/19/11,30-Nov-11,30-Nov-11,30-Nov-11,HRDT,HIV test,"Trinity Biotech, Plc","HIV 1/2, Uni-Gold HIV Kit, 20 Tests","HIV 1/2, Uni-Gold HIV Kit",Uni-Gold,N/A,Test kit,20,5920,189440,32,1.6,"Trinity Biotech, Plc",Yes,1896,25136.39,312.58
27942,103-AO-T30,FPQ-11074,SCMS-171780,ASN-17959,Angola,PMO - US,Direct Drop,FCA,Air,12/7/12,1/3/13,25-Apr-13,25-Apr-13,25-Apr-13,ARV,Pediatric,ABBVIE LOGISTICS (FORMERLY ABBOTT LOGISTICS BV),"Lopinavir/Ritonavir 80/20mg/ml [Kaletra], oral solution, cool, Bottle 5 x 60 ml",Lopinavir/Ritonavir,Kaletra,80/20mg/ml,Oral solution,300,480,14793.6,30.82,0.1,ABBVIE (Abbott) Logis. UK,Yes,492,4281.43,18.3
27964,106-HT-T30,FPQ-15038,SCMS-263080,ASN-31775,Haiti,PMO - US,Direct Drop,EXW,Air,10/22/14,1/28/15,13-May-15,13-May-15,15-May-15,ARV,Adult,JANSSEN SCIENCES IRELAND UC (FORMERLY JANSSEN R&D IRELAND),"Etravirine 100mg [Intelence], tablets, 120 Tabs",Etravirine,Intelence,100mg,Tablet,120,140,5040,36,0.3,"Janssen-Cilag, Latina, IT",Yes,Weight Captured Separately,Invoiced Separately,5.18
27969,116-ZA-T30,FPQ-13973,SCMS-238555,ASN-29255,South Africa,PMO - US,Direct Drop,DDP,Truck,4/30/14,11/4/14,5-Nov-14,5-Nov-14,5-Nov-14,ARV,Adult,PHARMACY DIRECT,"Darunavir 600mg [Prezista], tablets, 60 Tabs",Darunavir,Prezista,600mg,Tablet,60,15,978.47,65.23,1.09,"Janssen-Cilag, Latina, IT",No,Weight Captured Separately,Freight Included in Commodity Cost,1.01
28001,133-NG-T30,FPQ-10765,SCMS-162440,ASN-18173,Nigeria,PMO - US,Direct Drop,EXW,Air,10/5/12,10/16/12,9-Jan-13,26-Feb-13,26-Feb-13,HRDT,HIV test,"Orgenics, Ltd","HIV 1/2, Determine Complete HIV Kit, 100 Tests","HIV 1/2, Determine Complete HIV Kit",Determine,N/A,Test kit,100,2853,253917,89,0.89,"Alere Medical Co., Ltd.",Yes,1294,Freight Included in Commodity Cost,355.99
28031,108-VN-T30,FPQ-5066,SCMS-65040,ASN-6209,Vietnam,PMO - US,Direct Drop,EXW,Air,2/10/10,2/10/10,30-Mar-10,30-Mar-10,30-Mar-10,ARV,Adult,Aurobindo Pharma Limited,"Didanosine 250mg, delayed-release capsules, 30 Caps",Didanosine,Generic,250mg,Delayed-release capsules,30,84,1092,13,0.43,"Aurobindo Unit III, India",Yes,6,363.96,2.35
28039,105-GY-T30,FPQ-10268,SCMS-154460,ASN-16986,Guyana,PMO - US,Direct Drop,FCA,Air,7/16/12,7/30/12,18-Jan-13,18-Jan-13,18-Jan-13,ARV,Pediatric,ABBVIE LOGISTICS (FORMERLY ABBOTT LOGISTICS BV),"Lopinavir/Ritonavir 80/20mg/ml [Kaletra], oral solution, cool, Bottle 5 x 60 ml",Lopinavir/Ritonavir,Kaletra,80/20mg/ml,Oral solution,300,21,1277.22,60.82,0.2,ABBVIE (Abbott) Logis. UK,Yes,52,1097.08,1.79
28085,108-VN-T30,FPQ-8428,SCMS-123520,ASN-13475,Vietnam,PMO - US,Direct Drop,EXW,Air,9/21/11,10/4/11,1-Mar-12,1-Mar-12,1-Mar-12,ARV,Adult,Aurobindo Pharma Limited,"Abacavir 300mg, tablets, 60 Tabs",Abacavir,Generic,300mg,Tablet,60,388,5606.6,14.45,0.24,"Aurobindo Unit III, India",No,See ASN-13475 (ID#:15772),See ASN-13475 (ID#:15772),9.25
28086,116-ZA-T30,FPQ-14942,SCMS-259072,ASN-30377,South Africa,PMO - US,Direct Drop,DDP,Truck,9/11/14,1/26/15,26-Jan-15,26-Jan-15,26-Jan-15,ARV,Adult,PHARMACY DIRECT,"Zidovudine 300mg, tablets, 60 Tabs",Zidovudine,Generic,300mg,Tablet,60,12,216.37,18.03,0.3,"Aurobindo Unit III, India",No,Weight Captured Separately,Freight Included in Commodity Cost,0.22
28158,116-ZA-T30,FPQ-13035,SCMS-215370,ASN-24415,South Africa,PMO - US,Direct Drop,DDP,Truck,10/8/13,12/2/13,6-Feb-14,6-Feb-14,6-Feb-14,ARV,Adult,S. BUYS WHOLESALER,"Emtricitabine/Tenofovir Disoproxil Fumarate 200/300mg, tablets, 30 Tabs",Emtricitabine/Tenofovir Disoproxil Fumarate,Generic,200/300mg,Tablet - FDC,30,12,339.36,28.28,0.94,"Aurobindo Unit III, India",No,Weight Captured Separately,Freight Included in Commodity Cost,0.42
28160,116-ZA-T30,FPQ-14942,SCMS-259083,ASN-33330,South Africa,PMO - US,Direct Drop,DDP,Truck,9/11/14,7/14/15,14-Jul-15,14-Jul-15,14-Jul-15,ARV,Pediatric,PHARMACY DIRECT,"Lopinavir/Ritonavir 80/20mg/ml [Kaletra], oral solution, cool, Bottle 5 x 60 ml",Lopinavir/Ritonavir,Kaletra,80/20mg/ml,Oral solution,300,4,68.56,17.14,0.06,ABBVIE (Abbott) Logis. UK,Yes,Weight Captured Separately,Freight Included in Commodity Cost,0.07
28181,161-ZA-T30,FPQ-7175,SCMS-103880,ASN-11458,South Africa,PMO - US,Direct Drop,DDP,Ocean,3/10/11,3/28/11,3-Nov-11,3-Nov-11,3-Nov-11,ARV,Adult,STRIDES ARCOLAB LIMITED,"Lamivudine 150mg, tablets, 60 Tabs",Lamivudine,Generic,150mg,Tablet,60,356876,867208.68,2.43,0.04,"Strides, Bangalore, India.",Yes,16391,20258.29,1430.89
28190,161-ZA-T30,FPQ-7175,SCMS-103350,ASN-11471,South Africa,PMO - US,Direct Drop,DDP,Ocean,3/10/11,3/24/11,5-Sep-11,5-Sep-11,5-Sep-11,ARV,Adult,Aurobindo Pharma Limited,"Zidovudine 300mg, tablets, 60 Tabs",Zidovudine,Generic,300mg,Tablet,60,100000,730000,7.3,0.12,"Aurobindo Unit III, India",Yes,5177,10405.58,1204.5
28192,107-RW-T30,FPQ-6185,SCMS-84411,ASN-9660,Rwanda,PMO - US,Direct Drop,CIP,Air,9/3/10,9/27/10,9-Feb-11,9-Feb-11,9-Feb-11,ARV,Adult,CIPLA LIMITED,"Lopinavir/Ritonavir 200/50mg, tablets, 120 Tabs",Lopinavir/Ritonavir,Generic,200/50mg,Tablet,120,11440,392392,34.3,0.29,Cipla Ltd A-42 MIDC Mahar. IN,No,Weight Captured Separately,Freight Included in Commodity Cost,846
28204,161-ZA-T30,FPQ-5648,SCMS-75980,ASN-8698,South Africa,PMO - US,Direct Drop,DDP,Ocean,6/2/10,6/17/10,20-Dec-10,20-Dec-10,20-Dec-10,ARV,Adult,Aurobindo Pharma Limited,"Tenofovir Disoproxil Fumarate 300mg, tablets, 30 Tabs",Tenofovir Disoproxil Fumarate,Generic,300mg,Tablet,30,88289,610076.99,6.91,0.23,"Aurobindo Unit III, India",Yes,7540,5460.48,1315.33
28210,900-TZ-T30,FPQ-10394,SCMS-156500,ASN-16217,Tanzania,PMO - US,Direct Drop,EXW,Air,7/26/12,8/9/12,9-Oct-12,9-Oct-12,9-Oct-12,ARV,Adult,Aurobindo Pharma Limited,"Efavirenz 600mg, tablets, 30 Tabs",Efavirenz,Generic,600mg,Tablet,30,64980,214434,3.3,0.11,"Aurobindo Unit III, India",Yes,5578,18826.62,300.64
28230,111-MZ-T30,FPQ-4738,SCMS-62180,ASN-6178,Mozambique,PMO - US,Direct Drop,EXW,Air,12/10/09,1/5/10,17-Mar-10,17-Mar-10,17-Mar-10,HRDT,HIV test,"Orgenics, Ltd","HIV 1/2, Determine HIV Kit, without Lancets, 100 Tests","HIV 1/2, Determine HIV Kit, without Lancets",Determine,N/A,Test kit,100,5200,364000,70,0.7,Inverness Japan,Yes,1179,14110.84,784.78
28231,116-ZA-T30,FPQ-14942,SCMS-259071,ASN-29597,South Africa,PMO - US,Direct Drop,DDP,Truck,9/11/14,11/28/14,28-Nov-14,28-Nov-14,28-Nov-14,ARV,Adult,PHARMACY DIRECT,"Lamivudine 150mg, tablets, 60 Tabs",Lamivudine,Generic,150mg,Tablet,60,161,1063.65,6.61,0.11,"Aurobindo Unit III, India",No,Weight Captured Separately,Freight Included in Commodity Cost,1.09
28240,200-ZW-T30,FPQ-6488,SCMS-90630,ASN-9386,Zimbabwe,PMO - US,Direct Drop,FCA,Air,10/26/10,11/10/10,17-Mar-11,17-Mar-11,17-Mar-11,ARV,Pediatric,ABBVIE LOGISTICS (FORMERLY ABBOTT LOGISTICS BV),"Lopinavir/Ritonavir 80/20mg/ml [Kaletra], oral solution, cool, Bottle 5 x 60 ml",Lopinavir/Ritonavir,Kaletra,80/20mg/ml,Oral solution,300,2166,78322.56,36.16,0.12,ABBVIE (Abbott) Logis. UK,Yes,2480,18756.25,168.86
28241,108-VN-T30,FPQ-12051,SCMS-188581,ASN-21551,Vietnam,PMO - US,Direct Drop,FCA,Air,5/3/13,8/27/13,7-Oct-13,7-Oct-13,7-Oct-13,ARV,Adult,ABBVIE LOGISTICS (FORMERLY ABBOTT LOGISTICS BV),"Lopinavir/Ritonavir 200/50mg [Aluvia], tablets, 120 Tabs",Lopinavir/Ritonavir,Aluvia,200/50mg,Tablet,120,8566,520984.12,60.82,0.51,ABBVIE Ludwigshafen Germany,Yes,2042,6969.82,644.46
28262,161-ZA-T30,FPQ-7175,SCMS-103840,ASN-10874,South Africa,PMO - US,Direct Drop,DDP,Ocean,3/10/11,3/28/11,14-Jul-11,14-Jul-11,14-Jul-11,ARV,Adult,CIPLA LIMITED,"Tenofovir Disoproxil Fumarate 300mg, tablets, 30 Tabs",Tenofovir Disoproxil Fumarate,Generic,300mg,Tablet,30,48000,310560,6.47,0.22,"Cipla, Goa, India",Yes,3247,7180.16,512.42
28265,102-BI-T30,FPQ-11512,SCMS-176910,ASN-19033,Burundi,PMO - US,Direct Drop,EXW,Air,1/29/13,2/14/13,3-May-13,3-May-13,3-May-13,HRDT,HIV test,"Orgenics, Ltd","HIV 1/2, Determine Complete HIV Kit, 100 Tests","HIV 1/2, Determine Complete HIV Kit",Determine,N/A,Test kit,100,1560,124800,80,0.8,"Alere Medical Co., Ltd.",Yes,676,14189.02,154.38
28268,116-ZA-T30,FPQ-15269,SCMS-267090,ASN-29761,South Africa,PMO - US,Direct Drop,DDP,Truck,10/29/14,12/10/14,10-Dec-14,10-Dec-14,10-Dec-14,ARV,Pediatric,S. BUYS WHOLESALER,"Lopinavir/Ritonavir 80/20mg/ml [Kaletra], oral solution, cool, Bottle 5 x 60 ml",Lopinavir/Ritonavir,Kaletra,80/20mg/ml,Oral solution,300,3,62.04,20.68,0.07,ABBVIE (Abbott) Logis. UK,Yes,Weight Captured Separately,Freight Included in Commodity Cost,0.07
28282,103-CM-T30,FPQ-16210,SCMS-289290,ASN-33318,Cameroon,PMO - US,Direct Drop,FCA,Air,4/28/15,5/29/15,22-Jul-15,22-Jul-15,22-Jul-15,ARV,Pediatric,ABBVIE LOGISTICS (FORMERLY ABBOTT LOGISTICS BV),"Lopinavir/Ritonavir 100/25mg [Aluvia], tablets, 60 Tabs",Lopinavir/Ritonavir,Generic,100/25mg,Tablet,60,8800,52272,5.94,0.1,ABBVIE Ludwigshafen Germany,Yes,1485,10334.23,61.52
28302,116-ZA-T30,FPQ-14942,SCMS-259079,ASN-33852,South Africa,PMO - US,Direct Drop,DDP,Truck,9/11/14,10/9/14,24-Aug-15,24-Aug-15,24-Aug-15,ARV,Adult,PHARMACY DIRECT,"Efavirenz 600mg, tablets, 30 Tabs",Efavirenz,Generic,600mg,Tablet,30,44,532.12,12.09,0.4,"Aurobindo Unit III, India",No,Weight Captured Separately,Freight Included in Commodity Cost,0.55
28306,105-SS-T30,FPQ-11754,SCMS-181401,ASN-20649,South Sudan,PMO - US,Direct Drop,EXW,Air,2/22/13,4/1/13,13-Sep-13,13-Sep-13,13-Sep-13,HRDT,HIV test,"Orgenics, Ltd","HIV 1/2, Determine Complete HIV Kit, 100 Tests","HIV 1/2, Determine Complete HIV Kit",Determine,N/A,Test kit,100,90,8010,89,0.89,"Alere Medical Co., Ltd.",Yes,39,1405.56,9.91
28309,116-ZA-T30,FPQ-13973,SCMS-238570,ASN-30715,South Africa,PMO - US,Direct Drop,DDP,Truck,4/30/14,5/8/14,16-Feb-15,16-Feb-15,16-Feb-15,ARV,Pediatric,PHARMACY DIRECT,"Lopinavir/Ritonavir 80/20mg/ml [Kaletra], oral solution, cool, Bottle 5 x 60 ml",Lopinavir/Ritonavir,Kaletra,80/20mg/ml,Oral solution,300,3,66.2,22.07,0.07,ABBVIE (Abbott) Logis. UK,Yes,Weight Captured Separately,Freight Included in Commodity Cost,0.07
28318,105-DO-T30,FPQ-11295,SCMS-172500,ASN-18884,Dominican Republic,PMO - US,Direct Drop,EXW,Air,12/17/12,1/15/13,1-Apr-13,1-Apr-13,1-Apr-13,HRDT,HIV test,"Orgenics, Ltd","HIV 1/2, Determine Complete HIV Kit, 100 Tests","HIV 1/2, Determine Complete HIV Kit",Determine,N/A,Test kit,100,1775,163300,92,0.92,"Alere Medical Co., Ltd.",Yes,791,12643.47,202
28322,109-TZ-T30,FPQ-12540,SCMS-198770,ASN-21559,Tanzania,PMO - US,Direct Drop,EXW,Air,7/3/13,7/16/13,4-Oct-13,4-Oct-13,4-Oct-13,ARV,Adult,CIPLA LIMITED,"Lamivudine/Nevirapine/Zidovudine 150/200/300mg, tablets, 60 Tabs",Lamivudine/Nevirapine/Zidovudine,Generic,150/300/200mg,Tablet - FDC,60,150000,1215000,8.1,0.13,"Cipla, Goa, India",Yes,21674,90677.04,1502.96
28331,102-KE-T30,FPQ-9100,SCMS-133470,ASN-13946,Kenya,PMO - US,Direct Drop,EXW,Air,1/9/12,2/1/12,22-Mar-12,22-Mar-12,22-Mar-12,HRDT,HIV test,"Orgenics, Ltd","HIV 1/2, Determine Complete HIV Kit, 100 Tests","HIV 1/2, Determine Complete HIV Kit",Determine,N/A,Test kit,100,7018,624602,89,0.89,"Alere Medical Co., Ltd.",Yes,2305,24428.55,875.69
28333,133-NG-T30,FPQ-16330,SCMS-288770,ASN-32400,Nigeria,PMO - US,Direct Drop,DDP,Air,5/11/15,5/22/15,25-May-15,25-May-15,26-May-15,HRDT,HIV test,ACOUNS NIGERIA LTD,"HIV 1/2, Determine HIV Kit, without Lancets, 100 Tests","HIV 1/2, Determine HIV Kit, without Lancets",Determine,N/A,Test kit,100,6107,407642.25,66.75,0.67,"Alere Medical Co., Ltd.",Yes,Weight Captured Separately,Freight Included in Commodity Cost,479.79
28335,102-KE-T30,FPQ-4250,SCMS-55902,ASN-5660,Kenya,PMO - US,Direct Drop,EXW,Air,9/16/09,10/23/09,18-Jan-10,18-Jan-10,18-Jan-10,HRDT,HIV test,"Orgenics, Ltd","HIV 1/2, Determine Complete HIV Kit, 100 Tests","HIV 1/2, Determine Complete HIV Kit",Determine,N/A,Test kit,100,3750,300000,80,0.8,Inverness Japan,Yes,1065,10075.76,588
28418,900-TZ-T30,FPQ-10394,SCMS-156500,ASN-16219,Tanzania,PMO - US,Direct Drop,EXW,Air,7/26/12,8/9/12,9-Oct-12,12-Oct-12,12-Oct-12,ARV,Adult,Aurobindo Pharma Limited,"Efavirenz 600mg, tablets, 30 Tabs",Efavirenz,Generic,600mg,Tablet,30,25741,84945.3,3.3,0.11,"Aurobindo Unit III, India",Yes,2210,9452.02,119.09
28439,133-NG-T30,FPQ-16329,SCMS-289130,ASN-32954,Nigeria,PMO - US,Direct Drop,EXW,Air,5/7/15,5/26/15,14-Jul-15,14-Jul-15,14-Jul-15,HRDT,HIV test,"Orgenics, Ltd","HIV 1/2, Determine Complete HIV Kit, 100 Tests","HIV 1/2, Determine Complete HIV Kit",Determine,N/A,Test kit,100,6380,567820,89,0.89,"Alere Medical Co., Ltd.",Yes,2587,Freight Included in Commodity Cost,668.32
28471,133-NG-T30,FPQ-10349,SCMS-155320,ASN-16928,Nigeria,PMO - US,Direct Drop,EXW,Air,7/17/12,8/13/12,6-Nov-12,9-Nov-12,9-Nov-12,HRDT,HIV test,"Orgenics, Ltd","HIV 1/2, Determine Complete HIV Kit, 100 Tests","HIV 1/2, Determine Complete HIV Kit",Determine,N/A,Test kit,100,2835,252315,89,0.89,"Alere Medical Co., Ltd.",Yes,1352,31284.02,353.75
28493,151-NG-T30,FPQ-4949,SCMS-65000,ASN-6271,Nigeria,PMO - US,Direct Drop,FCA,Air,1/25/10,2/10/10,15-Mar-10,15-Mar-10,15-Mar-10,ARV,Adult,ABBVIE LOGISTICS (FORMERLY ABBOTT LOGISTICS BV),"Ritonavir 100mg [Norvir], capsules, cool, 4 x 84 Caps",Ritonavir,Norvir,100mg,Capsule,336,194,7441.84,38.36,0.11,ABBVIE (Abbott) Logis. UK,Yes,390,2818.79,16.04
28506,108-VN-T30,FPQ-12051,SCMS-188700,ASN-21668,Vietnam,PMO - US,Direct Drop,EXW,Air,5/3/13,5/15/13,25-Sep-13,25-Sep-13,25-Sep-13,ARV,Adult,HETERO LABS LIMITED,"Zidovudine 300mg, tablets, 60 Tabs",Zidovudine,Generic,300mg,Tablet,60,503,2892.25,5.75,0.1,Hetero Unit III Hyderabad IN,No,See ASN-21668 (ID#:17501),See ASN-21668 (ID#:17501),3.58
28515,161-ZA-T30,FPQ-6262,SCMS-83790,ASN-9179,South Africa,PMO - US,Direct Drop,DDP,Ocean,8/31/10,9/24/10,6-Jan-11,31-Jan-11,31-Jan-11,ARV,Pediatric,Aurobindo Pharma Limited,"Nevirapine 10mg/ml, oral suspension w/syringe, Bottle, 240 ml",Nevirapine,Generic,10mg/ml,Oral suspension,240,14065,29817.8,2.12,0.01,"Aurobindo Unit III, India",Yes,6196,1220.84,64.29
28532,111-MZ-T30,FPQ-7270,SCMS-103140,ASN-11114,Mozambique,PMO - US,Direct Drop,EXW,Air,3/4/11,3/30/11,12-Jul-11,12-Jul-11,12-Jul-11,HRDT,HIV test,"Orgenics, Ltd","HIV 1/2, Determine HIV Kit, without Lancets, 100 Tests","HIV 1/2, Determine HIV Kit, without Lancets",Determine,N/A,Test kit,100,2769,215151.3,77.7,0.78,Inverness Japan,Yes,628,7580.09,355
28534,104-CI-T30,FPQ-3835,SCMS-48250,ASN-4789,Côte d'Ivoire,PMO - US,Direct Drop,CIP,Air,6/15/09,6/29/09,30-Sep-09,30-Sep-09,30-Sep-09,ARV,Adult,MERCK SHARP & DOHME IDEA GMBH (FORMALLY MERCK SHARP & DOHME B.V.),"Efavirenz/Emtricitabine/Tenofovir Disoproxil Fumarate 600/200/300mg [Atripla], tablets, 30 Tabs",Efavirenz/Emtricitabine/Tenofovir Disoproxil Fumarate,Atripla,600/200/300mg,Tablet - FDC,30,6120,308448,50.4,1.68,"MSD, Haarlem, NL",Yes,Weight Captured Separately,Freight Included in Commodity Cost,604.56
28542,161-ZA-T30,FPQ-6262,SCMS-83770,ASN-9945,South Africa,PMO - US,Direct Drop,DDP,Ocean,8/31/10,9/24/10,7-Apr-11,26-Apr-11,26-Apr-11,ARV,Adult,Aurobindo Pharma Limited,"Zidovudine 300mg, tablets, 60 Tabs",Zidovudine,Generic,300mg,Tablet,60,17470,128055.1,7.33,0.12,"Aurobindo Unit III, India",Yes,7765,4835.17,276.09
28544,108-VN-T30,FPQ-15040,SCMS-263650,ASN-30556,Vietnam,PMO - US,Direct Drop,EXW,Air,10/30/14,12/8/14,26-Mar-15,26-Mar-15,26-Mar-15,ARV,Adult,MYLAN LABORATORIES LTD (FORMERLY MATRIX LABORATORIES),"Lamivudine/Zidovudine 150/300mg, tablets, 60 Tabs",Lamivudine/Zidovudine,Generic,150/300mg,Tablet - FDC,60,5700,36993,6.49,0.11,Mylan (formerly Matrix) Nashik,Yes,498,1477.34,38.03
28545,144-BW-T30,FPQ-4207,SCMS-41860,ASN-5606,Botswana,PMO - US,Direct Drop,EXW,Air,3/10/09,3/25/09,5-Feb-10,5-Feb-10,5-Feb-10,HRDT,HIV test,Orasure Technologies Inc.,"HIV 1/2, OraQuick Advance HIV Rapid Antibody Kit, 100 Tests","HIV 1/2, OraQuick Advance HIV Rapid Antibody Kit",OraQuick,N/A,Test kit,100,20,7000,350,3.5,"Pacific Biotech, Thailand",Yes,48,1716.47,13.72
28553,161-ZA-T30,FPQ-7175,SCMS-103880,ASN-11459,South Africa,PMO - US,Direct Drop,DDP,Ocean,3/10/11,3/28/11,3-Nov-11,3-Nov-11,3-Nov-11,ARV,Adult,STRIDES ARCOLAB LIMITED,"Lamivudine 150mg, tablets, 60 Tabs",Lamivudine,Generic,150mg,Tablet,60,158124,384241.32,2.43,0.04,"Strides, Bangalore, India.",Yes,7467,20258.28,634
28566,100-ZM-T30,FPQ-12180,SCMS-190740,ASN-20353,Zambia,PMO - US,Direct Drop,EXW,Air,5/14/13,5/22/13,23-Aug-13,23-Aug-13,23-Aug-13,HRDT,HIV test,"Orgenics, Ltd","HIV 1/2, Determine Complete HIV Kit, 100 Tests","HIV 1/2, Determine Complete HIV Kit",Determine,N/A,Test kit,100,2730,218400,80,0.8,"Alere Medical Co., Ltd.",Yes,1184,17657.02,270.16
28577,109-TZ-T30,FPQ-6203,SCMS-82760,ASN-8626,Tanzania,PMO - US,Direct Drop,EXW,Air,8/18/10,8/25/10,6-Dec-10,6-Dec-10,6-Dec-10,ARV,Adult,MYLAN LABORATORIES LTD (FORMERLY MATRIX LABORATORIES),"Efavirenz/Emtricitabine/Tenofovir Disoproxil Fumarate 600/200/300mg, tablets, 30 Tabs",Efavirenz/Emtricitabine/Tenofovir Disoproxil Fumarate,Generic,600/200/300mg,Tablet - FDC,30,53149,1057665.1,19.9,0.66,Mylan (formerly Matrix) Nashik,Yes,5808,28514.49,2280.33
28595,108-VN-T30,FPQ-13976,SCMS-236060,ASN-27812,Vietnam,PMO - US,Direct Drop,EXW,Air,4/8/14,4/30/14,22-Sep-14,22-Sep-14,4-Nov-14,ARV,Adult,HETERO LABS LIMITED,"Efavirenz/Lamivudine/Tenofovir Disoproxil Fumarate 600/300/300mg, tablets, 30 Tabs",Efavirenz/Lamivudine/Tenofovir Disoproxil Fumarate,Generic,600/300/300mg,Tablet - FDC,30,8640,90720,10.5,0.35,Hetero Unit III Hyderabad IN,No,See ASN-27812 (ID#:25926),See ASN-27812 (ID#:25926),93.26
28601,106-HT-T30,FPQ-13494,SCMS-225424,ASN-30187,Haiti,PMO - US,Direct Drop,EXW,Air,1/21/14,2/19/14,20-Feb-15,20-Feb-15,23-Feb-15,HRDT,HIV test,"SHANGHAI KEHUA BIOENGINEERING CO.,LTD.  (KHB)","HIV 1/2, SKB Colloidal Gold, Diagnostic Kit, Antibody, 50 Tests","HIV 1/2, Colloidal Gold, Diagnostic Kit, Antibody",Colloidal Gold,N/A,Test kit,1,400,9800,24.5,24.5,"KHB Test Kit Facility, Shanghai China",Yes,253,3087.68,10.07
28617,104-CI-T30,FPQ-8209,SCMS-124120,ASN-12957,Côte d'Ivoire,PMO - US,Direct Drop,EXW,Air,8/11/11,10/5/11,14-Dec-11,14-Dec-11,14-Dec-11,HRDT,HIV test,"Orgenics, Ltd","HIV 1/2, Determine Complete HIV Kit, 100 Tests","HIV 1/2, Determine Complete HIV Kit",Determine,N/A,Test kit,100,1384,110720,80,0.8,"Alere Medical Co., Ltd.",Yes,661,13740.74,182.69
28656,105-GY-T30,FPQ-5600,SCMS-72750,ASN-6942,Guyana,PMO - US,Direct Drop,EXW,Air,4/28/10,5/5/10,31-May-10,31-May-10,31-May-10,ARV,Adult,CIPLA LIMITED,"Lopinavir/Ritonavir 200/50mg, tablets, 120 Tabs",Lopinavir/Ritonavir,Generic,200/50mg,Tablet,120,691,25567,37,0.31,Cipla Ltd A-42 MIDC Mahar. IN,Yes,191,1703.62,55.12
28664,111-MZ-T30,FPQ-7054,SCMS-98420,ASN-10816,Mozambique,PMO - US,Direct Drop,FCA,Air,1/21/11,2/8/11,24-May-11,24-May-11,24-May-11,ARV,Adult,Hoffmann-La Roche ltd Basel,"Saquinavir 200mg [Invirase], capsules, 270 Caps",Saquinavir,Invirase,200mg,Capsule,270,420,43478.98,103.52,0.38,Roche Basel,Yes,446,5017.18,71.74
28673,161-ZA-T30,FPQ-7175,SCMS-123590,ASN-13166,South Africa,PMO - US,Direct Drop,DDP,Ocean,3/10/11,9/30/11,16-Jan-12,23-Jan-12,23-Jan-12,ARV,Adult,Aurobindo Pharma Limited,"Efavirenz 600mg, tablets, 30 Tabs",Efavirenz,Generic,600mg,Tablet,30,119251,508009.26,4.26,0.14,"Aurobindo Unit III, India",Yes,9461,7292.27,838.22
28676,105-GY-T30,FPQ-12235,SCMS-190760,ASN-20054,Guyana,PMO - US,Direct Drop,EXW,Air,5/6/13,5/22/13,1-Jul-13,1-Jul-13,1-Jul-13,HRDT,HIV test,"Trinity Biotech, Plc","HIV 1/2, Uni-Gold HIV Kit, 20 Tests","HIV 1/2, Uni-Gold HIV Kit",Uni-Gold,N/A,Test kit,20,3140,100480,32,1.6,"Trinity Biotech, Plc",Yes,1024,10304.62,124.29
28689,116-ZA-T30,FPQ-3560,SCMS-50940,ASN-5424,South Africa,PMO - US,Direct Drop,DDP,Truck,5/7/09,8/3/09,8-Oct-09,8-Oct-09,8-Oct-09,ARV,Pediatric,S. BUYS WHOLESALER,"Efavirenz 50mg, capsule, 30 Caps",Efavirenz,Generic,50mg,Capsule,30,5049,19974.44,3.96,0.13,"Aurobindo Unit III, India",Yes,Weight Captured Separately,Freight Included in Commodity Cost,39.15
28691,116-ZA-T30,FPQ-12522,SCMS-199283,ASN-27979,South Africa,PMO - US,Direct Drop,DDP,Truck,7/11/13,8/27/14,27-Aug-14,27-Aug-14,27-Aug-14,ARV,Adult,S. BUYS WHOLESALER,"Lopinavir/Ritonavir 200/50mg [Aluvia], tablets, 120 Tabs",Lopinavir/Ritonavir,Aluvia,200/50mg,Tablet,120,31,798.55,25.76,0.21,ABBVIE Ludwigshafen Germany,No,Weight Captured Separately,Freight Included in Commodity Cost,0.99
28703,111-MZ-T30,FPQ-6132,SCMS-82710,ASN-8226,Mozambique,PMO - US,Direct Drop,EXW,Air,8/12/10,8/23/10,30-Nov-10,30-Nov-10,30-Nov-10,HRDT,HIV test,"Trinity Biotech, Plc","HIV 1/2, Uni-Gold HIV Kit, 20 Tests","HIV 1/2, Uni-Gold HIV Kit",Uni-Gold,N/A,Test kit,20,4445,142240,32,1.6,"Trinity Biotech, Plc",Yes,1112,18669.96,306.67
28724,116-ZA-T30,FPQ-14942,SCMS-259079,ASN-33852,South Africa,PMO - US,Direct Drop,DDP,Truck,9/11/14,10/9/14,24-Aug-15,24-Aug-15,24-Aug-15,ARV,Adult,PHARMACY DIRECT,"Nevirapine 200mg, tablets, 60 Tabs",Nevirapine,Generic,200mg,Tablet,60,24,329.7,13.74,0.23,"Aurobindo Unit III, India",No,Weight Captured Separately,Freight Included in Commodity Cost,0.34
28773,106-HT-T30,FPQ-7040,SCMS-98580,ASN-10062,Haiti,PMO - US,Direct Drop,FCA,Air,1/14/11,2/2/11,6-Apr-11,6-Apr-11,6-Apr-11,HRDT,HIV test,"Orgenics, Ltd","HIV 1/2, Determine HIV Kit, without Lancets, 100 Tests","HIV 1/2, Determine HIV Kit, without Lancets",Determine,N/A,Test kit,100,2000,195360,97.68,0.98,Inverness Japan,Yes,453,7030.94,322.34
28777,106-HT-T30,FPQ-13494,SCMS-225423,ASN-28600,Haiti,PMO - US,Direct Drop,EXW,Air,1/21/14,2/19/14,3-Nov-14,3-Nov-14,19-Nov-14,HRDT,HIV test,"SHANGHAI KEHUA BIOENGINEERING CO.,LTD.  (KHB)","HIV 1/2, SKB Colloidal Gold, Diagnostic Kit, Antibody, 50 Tests","HIV 1/2, Colloidal Gold, Diagnostic Kit, Antibody",Colloidal Gold,N/A,Test kit,1,400,9800,24.5,24.5,"KHB Test Kit Facility, Shanghai China",Yes,253,3145.85,10.07
28778,110-ZM-T30,FPQ-11570,SCMS-181170,ASN-19516,Zambia,PMO - US,Direct Drop,EXW,Air,2/13/13,3/14/13,11-Jul-13,11-Jul-13,11-Jul-13,ARV,Pediatric,CIPLA LIMITED,"Abacavir/Lamivudine 60/30mg, dispersible tablets, 60 Tabs",Abacavir/Lamivudine,Generic,60/30mg,Chewable/dispersible tablet - FDC,60,40000,240000,6,0.1,"Cipla, Patalganga, India",Yes,3533,20188.13,296.88
28802,117-ET-T30,FPQ-4716,SCMS-59510,ASN-5721,Ethiopia,PMO - US,Direct Drop,EXW,Air,12/9/09,12/10/09,24-Dec-09,24-Dec-09,24-Dec-09,ARV,Adult,Aurobindo Pharma Limited,"Lamivudine 150mg, tablets, 60 Tabs",Lamivudine,Generic,150mg,Tablet,60,15000,35700,2.38,0.04,"Aurobindo Unit III, India",Yes,780,2949.1,76.97
28825,107-RW-T30,FPQ-3859,SCMS-48851,ASN-4860,Rwanda,PMO - US,Direct Drop,CIP,Air,6/30/09,7/16/09,8-Sep-09,8-Sep-09,8-Sep-09,ARV,Adult,HETERO LABS LIMITED,"Nevirapine 200mg, tablets, 60 Tabs",Nevirapine,Generic,200mg,Tablet,60,12000,37080,3.09,0.05,Hetero Unit III Hyderabad IN,Yes,708,3891.2,72.68
28838,161-ZA-T30,FPQ-5648,SCMS-75560,ASN-8147,South Africa,PMO - US,Direct Drop,DDP,Ocean,6/2/10,6/17/10,4-Nov-10,4-Nov-10,4-Nov-10,ARV,Adult,STRIDES ARCOLAB LIMITED,"Lamivudine 150mg, tablets, 60 Tabs",Lamivudine,Generic,150mg,Tablet,60,150000,373500,2.49,0.04,"Strides, Bangalore, India.",Yes,7670,8256.97,805.27
28844,116-ZA-T30,FPQ-14942,SCMS-259077,ASN-33477,South Africa,PMO - US,Direct Drop,DDP,Truck,9/11/14,10/9/14,24-Jul-15,24-Jul-15,24-Jul-15,ARV,Pediatric,PHARMACY DIRECT,"Efavirenz 200mg, capsule, 90 Caps",Efavirenz,Generic,200mg,Capsule,90,10,170.44,17.04,0.19,"Aurobindo Unit III, India",No,Weight Captured Separately,Freight Included in Commodity Cost,0.18
28862,116-ZA-T30,FPQ-3560,SCMS-49642,ASN-5242,South Africa,PMO - US,Direct Drop,DDP,Truck,5/7/09,7/21/09,11-Sep-09,11-Sep-09,11-Sep-09,ARV,Adult,S. BUYS WHOLESALER,"Lopinavir/Ritonavir 200/50mg [Aluvia], tablets, 120 Tabs",Lopinavir/Ritonavir,Aluvia,200/50mg,Tablet,120,8000,375880.98,46.99,0.39,ABBVIE Ludwigshafen Germany,Yes,Weight Captured Separately,Freight Included in Commodity Cost,736.73
28888,102-ML-T30,FPQ-13391,SCMS-221931,ASN-24573,Mali,PMO - US,Direct Drop,EXW,Air,12/16/13,1/22/14,25-Mar-14,25-Mar-14,28-Mar-14,HRDT,HIV test,"Orgenics, Ltd","HIV 1/2, ImmunoComb II BiSpot EIA Kit, 36 Tests","HIV 1/2, ImmunoComb II BiSpot EIA Kit",ImmunoComb,N/A,Test kit,36,58,4930,85,2.36,"Alere Medical Co., Ltd.",Yes,23,1148.65,5.07
28908,161-ZA-T30,FPQ-5303,SCMS-68981,ASN-8441,South Africa,PMO - US,Direct Drop,DDP,Air,3/18/10,3/19/10,8-Dec-10,8-Dec-10,8-Dec-10,ARV,Adult,Aurobindo Pharma Limited,"Nevirapine 200mg, tablets, 60 Tabs",Nevirapine,Generic,200mg,Tablet,60,26369,76997.48,2.92,0.05,"Aurobindo Unit III, India",Yes,3110,5159.33,166.01
28913,114-UG-T30,FPQ-13122,SCMS-212360,ASN-23076,Uganda,PMO - US,Direct Drop,EXW,Air,10/16/13,10/30/13,15-Jan-14,15-Jan-14,15-Jan-14,ARV,Adult,MYLAN LABORATORIES LTD (FORMERLY MATRIX LABORATORIES),"Atazanavir/Ritonavir 300/100mg, tablets, 30 Tabs",Atazanavir/Ritonavir,Generic,300/100mg,Tablet,30,6000,120000,20,0.67,Mylan (formerly Matrix) Nashik,Yes,811,4139.95,123.36
28918,111-MZ-T30,FPQ-8116,SCMS-118350,ASN-14302,Mozambique,PMO - US,Direct Drop,EXW,Air,8/4/11,3/19/12,25-May-12,25-May-12,25-May-12,HRDT,HIV test,"Trinity Biotech, Plc","HIV 1/2, Uni-Gold HIV Kit, 20 Tests","HIV 1/2, Uni-Gold HIV Kit",Uni-Gold,N/A,Test kit,20,7500,240000,32,1.6,"Trinity Biotech, Plc",Yes,2451,35569.75,396
28923,114-UG-T30,FPQ-11141,SCMS-173470,ASN-19519,Uganda,PMO - US,Direct Drop,EXW,Air,12/13/12,2/4/13,24-May-13,24-May-13,24-May-13,ARV,Adult,EMCURE PHARMACEUTICALS LTD,"Atazanavir 300mg, capsules, 30 Caps",Atazanavir,Generic,300mg,Capsule,30,132,2640,20,0.67,"Emcure Plot No.P-2, I.T-B.T. Park, Phase II, MIDC, Hinjwadi, Pune, India",Yes,12,1025.37,3.27
28928,161-ZA-T30,FPQ-5648,SCMS-75510,ASN-8300,South Africa,PMO - US,Direct Drop,DDP,Air,6/2/10,6/17/10,25-Nov-10,25-Nov-10,25-Nov-10,ARV,Adult,Aurobindo Pharma Limited,"Tenofovir Disoproxil Fumarate 300mg, tablets, 30 Tabs",Tenofovir Disoproxil Fumarate,Generic,300mg,Tablet,30,40319,278604.29,6.91,0.23,"Aurobindo Unit III, India",Yes,3545,5953.38,600.67
28960,116-ZA-T30,FPQ-13035,SCMS-215370,ASN-24415,South Africa,PMO - US,Direct Drop,DDP,Truck,10/8/13,12/2/13,6-Feb-14,6-Feb-14,6-Feb-14,ARV,Adult,S. BUYS WHOLESALER,"Efavirenz 600mg, tablets, 30 Tabs",Efavirenz,Generic,600mg,Tablet,30,1131,17468.66,15.45,0.52,"Aurobindo Unit III, India",No,Weight Captured Separately,Freight Included in Commodity Cost,21.61
28992,107-RW-T30,FPQ-10752,SCMS-162520,ASN-17004,Rwanda,PMO - US,Direct Drop,EXW,Air,10/3/12,10/16/12,29-Nov-12,29-Nov-12,29-Nov-12,ARV,Adult,Aurobindo Pharma Limited,"Didanosine 400mg, delayed-release capsules, 30 Caps",Didanosine,Generic,400mg,Delayed-release capsules,30,1680,33600,20,0.67,"Aurobindo Unit III, India",Yes,131,2004.44,47.11
28996,101-AF-T30,FPQ-15746,SCMS-276460,ASN-31199,Afghanistan,PMO - US,Direct Drop,EXW,Air,1/20/15,2/12/15,18-Aug-15,18-Aug-15,18-Aug-15,ANTM,Malaria,AMSTELFARMA B.V.,"Sulfadoxine/Pyrimethamine 500/25mg, tablets, 1000 Tabs",Sulfadoxine/Pyrimethamine,Generic,500/25mg,Tablet - FDC,1000,26,936,36,0.04,"Micro Labs, Hosur, India",Yes,21,525.56,1.1
28998,108-VN-T30,FPQ-11418,SCMS-176140,ASN-19490,Vietnam,PMO - US,Direct Drop,FCA,Air,1/29/13,2/11/13,3-Jun-13,3-Jun-13,3-Jun-13,ARV,Adult,ABBVIE LOGISTICS (FORMERLY ABBOTT LOGISTICS BV),"Lopinavir/Ritonavir 200/50mg [Aluvia], tablets, 120 Tabs",Lopinavir/Ritonavir,Aluvia,200/50mg,Tablet,120,3885,236285.7,60.82,0.51,ABBVIE Ludwigshafen Germany,Yes,930,8303.48,292.29
29020,200-DO-T30,FPQ-6615,SCMS-93370,ASN-9923,Dominican Republic,PMO - US,Direct Drop,EXW,Air,11/10/10,12/1/10,8-Mar-11,8-Mar-11,8-Mar-11,ARV,Adult,Aurobindo Pharma Limited,"Didanosine 250mg, delayed-release capsules, 30 Caps",Didanosine,Generic,250mg,Delayed-release capsules,30,5100,66300,13,0.43,"Aurobindo Unit III, India",Yes,319,3026.24,109.4
29036,114-UG-T30,FPQ-5772,SCMS-79750,ASN-7957,Uganda,PMO - US,Direct Drop,CIP,Air,6/25/10,7/20/10,7-Sep-10,7-Sep-10,7-Sep-10,ARV,Adult,MERCK SHARP & DOHME IDEA GMBH (FORMALLY MERCK SHARP & DOHME B.V.),"Raltegravir 400mg [Isentress], tablets, 60 Tabs",Raltegravir,Isentress,400mg,Tablet,60,63,5764.5,91.5,1.52,"MSD, Haarlem, NL",Yes,7,360,12.43
29043,106-HT-T30,FPQ-14083,SCMS-240202,ASN-28245,Haiti,PMO - US,Direct Drop,EXW,Ocean,5/11/14,7/31/14,17-Nov-14,17-Nov-14,17-Nov-14,ARV,Pediatric,MYLAN LABORATORIES LTD (FORMERLY MATRIX LABORATORIES),"Lamivudine/Zidovudine 30/60mg, dispersible tablets, 60 Tabs",Lamivudine/Zidovudine,Generic,30/60mg,Chewable/dispersible tablet - FDC,60,2550,5074.5,1.99,0.03,"Mylan,  H-12 & H-13, India",Yes,199,5215.49,5.22
29061,102-SD-T30,FPQ-8261,SCMS-120452,ASN-13273,Sudan,PMO - US,Direct Drop,EXW,Air,8/29/11,9/14/11,3-Feb-12,3-Feb-12,3-Feb-12,HRDT,HIV test,"Orgenics, Ltd","HIV 1/2, Determine Complete HIV Kit, 100 Tests","HIV 1/2, Determine Complete HIV Kit",Determine,N/A,Test kit,100,70,6230,89,0.89,"Alere Medical Co., Ltd.",Yes,33,1255.77,10.28
29071,108-VN-T30,FPQ-9577,SCMS-149040,ASN-16178,Vietnam,PMO - US,Direct Drop,EXW,Air,4/11/12,6/8/12,12-Oct-12,12-Oct-12,12-Oct-12,ARV,Adult,HETERO LABS LIMITED,"Lamivudine/Zidovudine 150/300mg, tablets, 60 Tabs",Lamivudine/Zidovudine,Generic,150/300mg,Tablet - FDC,60,17240,131886,7.65,0.13,Hetero Unit III Hyderabad IN,Yes,1496,2480.22,184.9
29116,116-ZA-T30,FPQ-14942,SCMS-259074,ASN-31070,South Africa,PMO - US,Direct Drop,DDP,Truck,9/11/14,3/9/15,9-Mar-15,9-Mar-15,9-Mar-15,ARV,Adult,PHARMACY DIRECT,"Lamivudine 150mg, tablets, 60 Tabs",Lamivudine,Generic,150mg,Tablet,60,146,964.58,6.61,0.11,"Aurobindo Unit III, India",No,Weight Captured Separately,Freight Included in Commodity Cost,0.99
29125,107-RW-T30,FPQ-6185,SCMS-84410,ASN-9123,Rwanda,PMO - US,Direct Drop,CIP,Air,9/3/10,9/27/10,23-Dec-10,23-Dec-10,23-Dec-10,ARV,Adult,CIPLA LIMITED,"Lopinavir/Ritonavir 200/50mg, tablets, 120 Tabs",Lopinavir/Ritonavir,Generic,200/50mg,Tablet,120,7634,261846.2,34.3,0.29,Cipla Ltd A-42 MIDC Mahar. IN,Yes,2386,1398,564.54
29133,114-UG-T30,FPQ-12477,SCMS-198730,ASN-21532,Uganda,PMO - US,Direct Drop,EXW,Air,7/8/13,7/24/13,14-Sep-13,14-Sep-13,14-Sep-13,ARV,Adult,HETERO LABS LIMITED,"Lamivudine 150mg, tablets, 60 Tabs",Lamivudine,Generic,150mg,Tablet,60,45359,83914.15,1.85,0.03,Hetero Unit III Hyderabad IN,Yes,2773,8723.46,103.8
29140,108-VN-T30,FPQ-12539,SCMS-199730,ASN-22935,Vietnam,PMO - US,Direct Drop,EXW,Air,7/11/13,7/25/13,24-Dec-13,24-Dec-13,23-Dec-13,ARV,Adult,Aurobindo Pharma Limited,"Abacavir 300mg, tablets, 60 Tabs",Abacavir,Generic,300mg,Tablet,60,809,9222.6,11.4,0.19,"Aurobindo Unit III, India",Yes,81,459.72,11.41
29155,106-HT-T30,FPQ-15038,SCMS-263100,ASN-31590,Haiti,PMO - US,Direct Drop,EXW,Air,10/22/14,1/28/15,13-May-15,13-May-15,15-May-15,ARV,Adult,JANSSEN SCIENCES IRELAND UC (FORMERLY JANSSEN R&D IRELAND),"Darunavir 600mg [Prezista], tablets, 60 Tabs",Darunavir,Prezista,600mg,Tablet,60,600,32400,54,0.9,"Janssen-Cilag, Latina, IT",Yes,120,1140.71,33.31
29157,161-ZA-T30,FPQ-6262,SCMS-84210,ASN-9949,South Africa,PMO - US,Direct Drop,DDP,Ocean,8/31/10,9/21/10,5-Apr-11,5-Apr-11,5-Apr-11,ARV,Adult,CIPLA LIMITED,"Nevirapine 200mg, tablets, 60 Tabs",Nevirapine,Generic,200mg,Tablet,60,69125,192858.75,2.79,0.05,"Cipla, Goa, India",Yes,7346,19261.02,415.8
29207,116-ZA-T30,FPQ-12522,SCMS-199283,ASN-27978,South Africa,PMO - US,Direct Drop,DDP,Truck,7/11/13,8/27/14,27-Aug-14,27-Aug-14,27-Aug-14,ARV,Adult,S. BUYS WHOLESALER,"Lamivudine 150mg, tablets, 60 Tabs",Lamivudine,Generic,150mg,Tablet,60,265,2609.69,9.85,0.16,Hetero Unit III Hyderabad IN,No,Weight Captured Separately,Freight Included in Commodity Cost,3.23
29219,116-ZA-T30,FPQ-3560,SCMS-50940,ASN-5424,South Africa,PMO - US,Direct Drop,DDP,Truck,5/7/09,8/3/09,8-Oct-09,8-Oct-09,8-Oct-09,ARV,Pediatric,S. BUYS WHOLESALER,"Stavudine 1mg/ml, powder for oral solution, 200 ml",Stavudine,Generic,1mg/ml,Oral solution,200,300,753.67,2.51,0.01,"Aurobindo Unit III, India",No,Weight Captured Separately,Freight Included in Commodity Cost,1.48
29224,102-SZ-T30,FPQ-9212,SCMS-135090,ASN-14308,Swaziland,PMO - US,Direct Drop,EXW,Air,1/19/12,2/6/12,31-May-12,31-May-12,31-May-12,HRDT,HIV test,"Trinity Biotech, Plc","HIV 1/2, Uni-Gold HIV Kit, 20 Tests","HIV 1/2, Uni-Gold HIV Kit",Uni-Gold,N/A,Test kit,20,160,5120,32,1.6,"Trinity Biotech, Plc",Yes,59,1099.39,7.18
29259,110-ZM-T30,FPQ-12252,SCMS-189240,ASN-20475,Zambia,PMO - US,Direct Drop,EXW,Air,5/2/13,5/22/13,5-Aug-13,5-Aug-13,5-Aug-13,HRDT,HIV test,"Orgenics, Ltd","HIV 1/2, Determine Complete HIV Kit, 100 Tests","HIV 1/2, Determine Complete HIV Kit",Determine,N/A,Test kit,100,2906,232480,80,0.8,"Alere Medical Co., Ltd.",Yes,1204,19587.34,287.58
29274,102-KE-T30,FPQ-3976,SCMS-52790,ASN-5002,Kenya,PMO - US,Direct Drop,EXW,Air,7/20/09,9/3/09,23-Oct-09,23-Oct-09,23-Oct-09,HRDT,HIV test,"Standard Diagnostics, Inc.","HIV 1/2, Bioline 3.0 Kit, (no accessories), 30 Tests","HIV 1/2, Bioline 3.0 Kit (no accessories)",Bioline,N/A,Test kit,30,12000,288000,24,0.8,"Standard Diagnostics, Korea",Yes,3733,29039.18,564.48
29281,127-KE-T30,FPQ-8155,SCMS-119190,ASN-12470,Kenya,PMO - US,Direct Drop,EXW,Air,8/5/11,8/28/11,4-Nov-11,4-Nov-11,4-Nov-11,HRDT,HIV test,"Orgenics, Ltd","HIV 1/2, Determine Complete HIV Kit, 100 Tests","HIV 1/2, Determine Complete HIV Kit",Determine,N/A,Test kit,100,8657,770473,89,0.89,"Alere Medical Co., Ltd.",Yes,4203,44128.81,1271.28
29282,900-TZ-T30,FPQ-10394,SCMS-156530,ASN-16470,Tanzania,PMO - US,Direct Drop,EXW,Air,7/26/12,8/9/12,1-Nov-12,1-Nov-12,1-Nov-12,ARV,Adult,HETERO LABS LIMITED,"Lamivudine/Zidovudine 150/300mg, tablets, 60 Tabs",Lamivudine/Zidovudine,Generic,150/300mg,Tablet - FDC,60,18456,130668.48,7.08,0.12,Hetero Unit III Hyderabad IN,No,See ASN-16470 (ID#:14279),See ASN-16470 (ID#:14279),183.2
29298,108-VN-T30,FPQ-4720,SCMS-62470,ASN-6341,Vietnam,PMO - US,Direct Drop,EXW,Air,1/4/09,1/12/10,1-Apr-10,1-Apr-10,1-Apr-10,ARV,Adult,MYLAN LABORATORIES LTD (FORMERLY MATRIX LABORATORIES),"Abacavir 300mg, tablets, 60 Tabs",Abacavir,Generic,300mg,Tablet,60,800,14000,17.5,0.29,Mylan (formerly Matrix) Nashik,Yes,3002,6808.99,30.18
29317,108-VN-T30,FPQ-12051,SCMS-188671,ASN-24431,Vietnam,PMO - US,Direct Drop,EXW,Air,5/3/13,12/19/13,20-Mar-14,20-Mar-14,20-Mar-14,ARV,Adult,Aurobindo Pharma Limited,"Nevirapine 200mg, tablets, 60 Tabs",Nevirapine,Generic,200mg,Tablet,60,6000,13500,2.25,0.04,"Aurobindo Unit III, India",Yes,594,1113.01,16.7
29347,102-SZ-T30,FPQ-7281,SCMS-109450,ASN-11528,Swaziland,PMO - US,Direct Drop,EXW,Air,3/28/11,6/17/11,8-Aug-11,8-Aug-11,8-Aug-11,HRDT,HIV test - Ancillary,"Orgenics, Ltd","HIV, Lancet, Safety, for HIV Test kits, 100 Pcs","HIV, Lancet, Safety, for HIV Test kits, 100 Pcs",Generic,N/A,Test kit - Ancillary,100,156,780,5,0.05,INVERNESS ANY,Yes,56,1670.06,1.29
29359,116-ZA-T30,FPQ-3596,SCMS-50361,ASN-5447,South Africa,PMO - US,Direct Drop,DDP,Truck,5/7/09,9/22/09,8-Oct-09,8-Oct-09,8-Oct-09,ARV,Adult,S. BUYS WHOLESALER,"Efavirenz 600mg, tablets, 30 Tabs",Efavirenz,Generic,600mg,Tablet,30,10000,173493.01,17.35,0.58,"Aurobindo Unit III, India",Yes,Weight Captured Separately,Freight Included in Commodity Cost,340.05
29391,116-ZA-T30,FPQ-13973,SCMS-238556,ASN-31854,South Africa,PMO - US,Direct Drop,DDP,Truck,4/30/14,4/28/15,28-Apr-15,28-Apr-15,28-Apr-15,ARV,Adult,PHARMACY DIRECT,"Nevirapine 200mg, tablets, 60 Tabs",Nevirapine,Generic,200mg,Tablet,60,10,177.47,17.75,0.3,"Aurobindo Unit III, India",No,Weight Captured Separately,Freight Included in Commodity Cost,0.18
29427,108-VN-T30,FPQ-6384,SCMS-87760,ASN-9568,Vietnam,PMO - US,Direct Drop,EXW,Air,9/30/10,10/14/10,28-Feb-11,28-Feb-11,28-Feb-11,ARV,Adult,MYLAN LABORATORIES LTD (FORMERLY MATRIX LABORATORIES),"Tenofovir Disoproxil Fumarate 300mg, tablets, 30 Tabs",Tenofovir Disoproxil Fumarate,Generic,300mg,Tablet,30,3696,24948,6.75,0.22,Mylan (formerly Matrix) Nashik,Yes,314,4885.33,53.79
29479,108-VN-T30,FPQ-14516,SCMS-249041,ASN-29769,Vietnam,PMO - US,Direct Drop,EXW,Air,7/9/14,11/24/14,5-Feb-15,5-Feb-15,24-Feb-15,ARV,Adult,MYLAN LABORATORIES LTD (FORMERLY MATRIX LABORATORIES),"Abacavir 300mg, tablets, 60 Tabs",Abacavir,Generic,300mg,Tablet,60,900,9981,11.09,0.18,Mylan (formerly Matrix) Nashik,Yes,100,2504.65,10.26
29538,106-HT-T30,FPQ-14895,SCMS-261120,ASN-30810,Haiti,PMO - US,Direct Drop,EXW,Air,9/24/14,11/14/14,27-Mar-15,26-Mar-15,30-Mar-15,ARV,Adult,MYLAN LABORATORIES LTD (FORMERLY MATRIX LABORATORIES),"Lamivudine/Nevirapine/Zidovudine 150/200/300mg, tablets, 60 Tabs",Lamivudine/Nevirapine/Zidovudine,Generic,150/300/200mg,Tablet - FDC,60,26608,215524.8,8.1,0.13,Mylan (formerly Matrix) Nashik,Yes,3699,21146.04,221.56
29596,107-RW-T30,FPQ-10223,SCMS-152930,ASN-16792,Rwanda,PMO - US,Direct Drop,EXW,Ocean,7/5/12,7/18/12,10-Dec-12,10-Dec-12,10-Dec-12,ARV,Adult,MICRO LABS LIMITED,"Nevirapine 200mg, tablets, 60 Tabs",Nevirapine,Generic,200mg,Tablet,60,171925,388550.5,2.26,0.04,"Micro labs, Verna, Goa, India",Yes,15683,36173.15,544.75
29608,106-HT-T30,FPQ-4389,SCMS-58010,ASN-5820,Haiti,PMO - US,Direct Drop,CIP,Air,11/3/09,11/24/09,24-Feb-10,24-Feb-10,24-Feb-10,ARV,Pediatric,BRISTOL-MYERS SQUIBB,"Didanosine 50mg [Videx], chewable tablets, 60 Tabs",Didanosine,Videx,50mg,Chewable/dispersible tablet,60,40,380,9.5,0.16,"BMS Meymac, France",Yes,Weight Captured Separately,Freight Included in Commodity Cost,0.82
29616,108-VN-T30,FPQ-16194,SCMS-285500,ASN-33267,Vietnam,PMO - US,Direct Drop,EXW,Air,4/14/15,5/13/15,3-Sep-15,3-Sep-15,3-Sep-15,ARV,Adult,HETERO LABS LIMITED,"Efavirenz/Lamivudine/Tenofovir Disoproxil Fumarate 600/300/300mg, tablets, 30 Tabs",Efavirenz/Lamivudine/Tenofovir Disoproxil Fumarate,Generic,600/300/300mg,Tablet - FDC,30,17952,170544,9.5,0.32,Hetero Unit III Hyderabad IN,Yes,Weight Captured Separately,Invoiced Separately,200.73
29677,108-VN-T30,FPQ-9577,SCMS-145510,ASN-16021,Vietnam,PMO - US,Direct Drop,FCA,Air,4/11/12,6/15/12,29-Nov-12,29-Nov-12,29-Nov-12,ARV,Pediatric,ABBVIE LOGISTICS (FORMERLY ABBOTT LOGISTICS BV),"Lopinavir/Ritonavir 80/20mg/ml [Kaletra], oral solution, cool, Bottle 5 x 60 ml",Lopinavir/Ritonavir,Kaletra,80/20mg/ml,Oral solution,300,300,18246,60.82,0.2,ABBVIE (Abbott) Logis. UK,Yes,275,1015.98,25.58
29706,101-CD-T30,FPQ-16001,SCMS-280210,ASN-31750,"Congo, DRC",PMO - US,Direct Drop,EXW,Air,3/10/15,3/16/15,2-Jul-15,2-Jul-15,30-Jul-15,HRDT,HIV test,"Trinity Biotech, Plc","HIV 1/2, Uni-Gold HIV Kit, 20 Tests","HIV 1/2, Uni-Gold HIV Kit",Uni-Gold,N/A,Test kit,20,423,13536,32,1.6,"Trinity Biotech, Plc",No,See ASN-31750 (ID#:19272),See ASN-31750 (ID#:19272),15.93
29725,106-HT-T30,FPQ-15038,SCMS-262911,ASN-31028,Haiti,PMO - US,Direct Drop,EXW,Ocean,10/22/14,12/31/14,9-May-15,9-May-15,11-May-15,ARV,Adult,Aurobindo Pharma Limited,"Efavirenz/Lamivudine/Tenofovir Disoproxil Fumarate 600/300/300mg, tablets, 30 Tabs",Efavirenz/Lamivudine/Tenofovir Disoproxil Fumarate,Generic,600/300/300mg,Tablet - FDC,30,26010,273105,10.5,0.35,"Aurobindo Unit VII, IN",Yes,3619,10101.17,280.75
29727,106-HT-T30,FPQ-5725,SCMS-74760,ASN-7496,Haiti,PMO - US,Direct Drop,DDU,Truck,5/26/10,6/1/10,28-Jun-10,28-Jun-10,28-Jun-10,HRDT,HIV test,REINBOLD EXPORT IMPORT,"HIV 1/2, Determine Kit without Lancets, Buffer or Caplillary Tubes, 100 Tests","HIV 1/2, Determine Kit without Lancets, Buffer or Capillary Tubes, 100 Tests",Determine,N/A,Test kit,100,1000,125000,125,1.25,INVERNESS ANY,Yes,Weight Captured Separately,Freight Included in Commodity Cost,269.5
29734,106-HT-T30,FPQ-9636,SCMS-148360,ASN-16560,Haiti,PMO - US,Direct Drop,EXW,Ocean,5/14/12,7/3/12,20-Dec-12,20-Dec-12,20-Dec-12,ARV,Pediatric,Aurobindo Pharma Limited,"Zidovudine 100mg, capsules, 100 Caps",Zidovudine,Generic,100mg,Capsule,100,1200,5520,4.6,0.05,"Aurobindo Unit III, India",Yes,6433,7727.85,7.74
29752,108-VN-T30,FPQ-9577,SCMS-145531,ASN-16964,Vietnam,PMO - US,Direct Drop,EXW,Air,4/11/12,6/12/12,26-Nov-12,26-Nov-12,26-Nov-12,ARV,Adult,MYLAN LABORATORIES LTD (FORMERLY MATRIX LABORATORIES),"Efavirenz/Lamivudine/Tenofovir Disoproxil Fumarate 600/300/300mg, tablets, 30 Tabs",Efavirenz/Lamivudine/Tenofovir Disoproxil Fumarate,Generic,600/300/300mg,Tablet - FDC,30,40000,520000,13,0.43,Mylan (formerly Matrix) Nashik,Yes,4233,6878.63,729.04
29833,106-HT-T30,FPQ-13797,SCMS-233970,ASN-27793,Haiti,PMO - US,Direct Drop,EXW,Air,3/20/14,4/30/14,14-Oct-14,14-Oct-14,20-Oct-14,ARV,Pediatric,CIPLA LIMITED,"Lamivudine/Nevirapine/Zidovudine 30/50/60mg, dispersible tablets, 60 Tabs",Lamivudine/Nevirapine/Zidovudine,Generic,30/50/60mg,Chewable/dispersible tablet - FDC,60,1926,6933.6,3.6,0.06,"Cipla, Goa, India",Yes,192,2971.3,7.13
29848,116-ZA-T30,FPQ-11828,SCMS-183950,ASN-19166,South Africa,South Africa Field Office,Direct Drop,DDP,Truck,3/18/13,Date Not Captured,16-Apr-13,16-Apr-13,16-Apr-13,ARV,Adult,S. BUYS WHOLESALER,"Stavudine 20mg [Zerit], capsules, 60 Caps",Stavudine,Zerit,20mg,Capsule,60,4,20.72,5.18,0.09,Bristol-Myers Squibb Anagni IT,No,Weight Captured Separately,Freight Included in Commodity Cost,0.03
29880,108-VN-T30,FPQ-15692,SCMS-274370,ASN-32258,Vietnam,PMO - US,Direct Drop,EXW,Air,1/28/15,2/17/15,13-Jul-15,13-Jul-15,14-Jul-15,ARV,Adult,HETERO LABS LIMITED,"Lamivudine 150mg, tablets, 60 Tabs",Lamivudine,Generic,150mg,Tablet,60,15400,27720,1.8,0.03,Hetero Unit III Hyderabad IN,Yes,2486,3775.5,32.63
29913,101-CD-T30,FPQ-11043,SCMS-168010,ASN-18081,"Congo, DRC",PMO - US,Direct Drop,EXW,Air,11/16/12,12/6/12,29-Jul-13,29-Jul-13,29-Jul-13,HRDT,HIV test,"Trinity Biotech, Plc","HIV 1/2, Uni-Gold HIV Kit, 20 Tests","HIV 1/2, Uni-Gold HIV Kit",Uni-Gold,N/A,Test kit,20,362,11584,32,1.6,"Trinity Biotech, Plc",Yes,134,1941.34,14.33
29925,114-UG-T30,FPQ-12154,SCMS-188330,ASN-20238,Uganda,PMO - US,Direct Drop,EXW,Air,4/23/13,5/9/13,11-Jul-13,11-Jul-13,11-Jul-13,HRDT,HIV test,"Orgenics, Ltd","HIV 1/2, Determine Complete HIV Kit, 100 Tests","HIV 1/2, Determine Complete HIV Kit",Determine,N/A,Test kit,100,2788,223040,80,0.8,"Alere Medical Co., Ltd.",Yes,1215,16337.03,275.9
29932,161-ZA-T30,FPQ-6262,SCMS-83790,ASN-9181,South Africa,PMO - US,Direct Drop,DDP,Ocean,8/31/10,9/24/10,31-Jan-11,31-Jan-11,31-Jan-11,ARV,Adult,Aurobindo Pharma Limited,"Lamivudine 150mg, tablets, 60 Tabs",Lamivudine,Generic,150mg,Tablet,60,238627,565545.99,2.37,0.04,"Aurobindo Unit III, India",Yes,12045,17266.59,1219.32
29938,105-GH-T30,FPQ-13872,SCMS-235800,ASN-26464,Ghana,PMO - US,Direct Drop,EXW,Air,3/24/14,4/23/14,17-Jul-14,24-Jul-14,31-Jul-14,ARV,Adult,STRIDES ARCOLAB LIMITED,"Efavirenz 600mg, tablets, 30 Tabs",Efavirenz,Generic,600mg,Tablet,30,60000,191400,3.19,0.11,"Strides, Bangalore, India.",Yes,3862,31401.36,196.76
29951,114-UG-T30,FPQ-12154,SCMS-188330,ASN-20242,Uganda,PMO - US,Direct Drop,EXW,Air,4/23/13,5/9/13,15-Jul-13,15-Jul-13,15-Jul-13,HRDT,HIV test - Ancillary,"Orgenics, Ltd","Capillary Tubes, for Determine, EDTA, 50uL,100 Pcs","HIV, Capillary Tubes, for Determine, EDTA, 50uL,100 Pcs",Determine,N/A,Test kit - Ancillary,100,1727,13816,8,0.08,"Alere Medical Co., Ltd.",Yes,130,534.86,17.09
29957,116-ZA-T30,FPQ-4359,SCMS-54980,ASN-5373,South Africa,PMO - US,Direct Drop,DDP,Truck,10/8/09,10/15/09,19-Oct-09,19-Oct-09,19-Oct-09,ARV,Pediatric,S. BUYS WHOLESALER,"Zidovudine 10mg/ml [Retrovir], oral solution, Bottle, 200 ml",Zidovudine,Retrovir,10mg/ml,Oral solution,200,500,3894.27,7.79,0.04,GSK Mississauga (Canada),No,Weight Captured Separately,Freight Included in Commodity Cost,7.63
29963,106-HT-T30,FPQ-11442,SCMS-177182,ASN-19520,Haiti,PMO - US,Direct Drop,EXW,Air,1/30/13,3/11/13,10-Jun-13,10-Jun-13,10-Jun-13,ARV,Pediatric,Aurobindo Pharma Limited,"Abacavir 20mg/ml, oral solution w/syringe, Bottle, 240 ml",Abacavir,Generic,20mg/ml,Oral solution,240,255,1741.65,6.83,0.03,"Aurobindo Unit III, India",No,See ASN-19520 (ID#:18405),See ASN-19520 (ID#:18405),2.15
29968,107-RW-T30,FPQ-6417,SCMS-86430,ASN-8406,Rwanda,PMO - US,Direct Drop,EXW,Air,9/20/10,9/21/10,20-Oct-10,20-Oct-10,20-Oct-10,HRDT,HIV test,"Standard Diagnostics, Inc.","HIV 1/2, Bioline 3.0 Kit, (no accessories), 30 Tests","HIV 1/2, Bioline 3.0 Kit (no accessories)",Bioline,N/A,Test kit,30,1700,40800,24,0.8,"Standard Diagnostics, Korea",Yes,604,8823.41,87.96
29979,108-VN-T30,FPQ-6384,SCMS-87750,ASN-9090,Vietnam,PMO - US,Direct Drop,EXW,Air,9/30/10,10/14/10,21-Dec-10,21-Dec-10,21-Dec-10,ARV,Adult,MYLAN LABORATORIES LTD (FORMERLY MATRIX LABORATORIES),"Abacavir 300mg, tablets, 60 Tabs",Abacavir,Generic,300mg,Tablet,60,270,4050,15,0.25,Mylan (formerly Matrix) Nashik,Yes,358,5294.24,8.73
29983,116-ZA-T30,FPQ-13973,SCMS-238550,ASN-30792,South Africa,PMO - US,Direct Drop,DDP,Truck,4/30/14,5/8/14,19-Feb-15,19-Feb-15,19-Feb-15,ARV,Adult,PHARMACY DIRECT,"Emtricitabine/Tenofovir Disoproxil Fumarate 200/300mg, tablets, 30 Tabs",Emtricitabine/Tenofovir Disoproxil Fumarate,Generic,200/300mg,Tablet - FDC,30,3,90.63,30.21,1.01,"Aurobindo Unit III, India",No,Weight Captured Separately,Freight Included in Commodity Cost,0.09
30022,114-UG-T30,FPQ-11141,SCMS-173460,ASN-18714,Uganda,PMO - US,Direct Drop,EXW,Air,12/13/12,2/5/13,28-Mar-13,28-Mar-13,28-Mar-13,ARV,Adult,Aurobindo Pharma Limited,"Didanosine 250mg, delayed-release capsules, 30 Caps",Didanosine,Generic,250mg,Delayed-release capsules,30,677,8801,13,0.43,"Aurobindo Unit III, India",Yes,46,1458.88,10.89
30030,108-VN-T30,FPQ-5899,SCMS-77250,ASN-8909,Vietnam,PMO - US,Direct Drop,EXW,Air,6/23/10,7/1/10,8-Dec-10,8-Dec-10,8-Dec-10,ARV,Adult,Aurobindo Pharma Limited,"Zidovudine 300mg, tablets, 60 Tabs",Zidovudine,Generic,300mg,Tablet,60,168,1218,7.25,0.12,"Aurobindo Unit III, India",No,See ASN-8909 (ID#:19905),See ASN-8909 (ID#:19905),2.63
30065,133-NG-T30,FPQ-6606,SCMS-91790,ASN-8940,Nigeria,PMO - US,Direct Drop,EXW,Air,10/29/10,11/9/10,17-Dec-10,17-Dec-10,17-Dec-10,HRDT,HIV test,"Trinity Biotech, Plc","HIV 1/2, Uni-Gold HIV Kit, 20 Tests","HIV 1/2, Uni-Gold HIV Kit",Uni-Gold,N/A,Test kit,20,3750,120000,32,1.6,"Trinity Biotech, Plc",Yes,1072,16036.98,198
30075,901-CM-T30,FPQ-12528,SCMS-196490,ASN-20983,Cameroon,PMO - US,Direct Drop,EXW,Air,6/21/13,6/28/13,28-Aug-13,28-Aug-13,28-Aug-13,ARV,Adult,CIPLA LIMITED,"Lamivudine/Nevirapine/Zidovudine 150/200/300mg, tablets, 60 Tabs",Lamivudine/Nevirapine/Zidovudine,Generic,150/300/200mg,Tablet - FDC,60,42452,343861.2,8.1,0.13,"Cipla, Goa, India",Yes,5753,49502.92,425.36
30084,116-ZA-T30,FPQ-13035,SCMS-215370,ASN-24415,South Africa,PMO - US,Direct Drop,DDP,Truck,10/8/13,12/2/13,6-Feb-14,6-Feb-14,6-Feb-14,ARV,Adult,S. BUYS WHOLESALER,"Didanosine 250mg, delayed-release capsules, 30 Caps",Didanosine,Generic,250mg,Delayed-release capsules,30,7,105.7,15.1,0.5,"Aurobindo Unit III, India",No,Weight Captured Separately,Freight Included in Commodity Cost,0.13
30103,116-ZA-T30,FPQ-14942,SCMS-259073,ASN-30671,South Africa,PMO - US,Direct Drop,DDP,Truck,9/11/14,2/12/15,12-Feb-15,12-Feb-15,12-Feb-15,ARV,Adult,PHARMACY DIRECT,"Efavirenz 600mg, tablets, 30 Tabs",Efavirenz,Generic,600mg,Tablet,30,154,1735.52,11.27,0.38,"Aurobindo Unit III, India",No,Weight Captured Separately,Freight Included in Commodity Cost,1.78
30112,200-ZW-T30,FPQ-6488,SCMS-90670,ASN-11751,Zimbabwe,PMO - US,Direct Drop,FCA,Air,10/26/10,11/10/10,15-Sep-11,15-Sep-11,15-Sep-11,ARV,Pediatric,ABBVIE LOGISTICS (FORMERLY ABBOTT LOGISTICS BV),"Lopinavir/Ritonavir 80/20mg/ml [Kaletra], oral solution, cool, Bottle 5 x 60 ml",Lopinavir/Ritonavir,Kaletra,80/20mg/ml,Oral solution,300,2502,90472.32,36.16,0.12,ABBVIE (Abbott) Logis. UK,Yes,2364,16956.86,195.06
30119,114-UG-T30,FPQ-11153,SCMS-171910,ASN-18485,Uganda,PMO - US,Direct Drop,FCA,Air,12/13/12,1/11/13,12-Mar-13,12-Mar-13,12-Mar-13,ARV,Adult,ABBVIE LOGISTICS (FORMERLY ABBOTT LOGISTICS BV),"Ritonavir 100mg [Norvir], film coated tablets, 60 Tabs",Ritonavir,Norvir,100mg,Tablet,60,295,2020.75,6.85,0.11,ABBVIE Ludwigshafen Germany,Yes,36,876.99,2.5
30130,109-TZ-T30,FPQ-14049,SCMS-239380,ASN-27718,Tanzania,PMO - US,Direct Drop,FCA,Air,4/11/14,5/16/14,2-Oct-14,2-Oct-14,3-Oct-14,ARV,Pediatric,ABBVIE LOGISTICS (FORMERLY ABBOTT LOGISTICS BV),"Lopinavir/Ritonavir 100/25mg [Aluvia], tablets, 60 Tabs",Lopinavir/Ritonavir,Generic,100/25mg,Tablet,60,546,3243.24,5.94,0.1,ABBVIE Ludwigshafen Germany,No,See ASN-27718 (ID#:24358),See ASN-27718 (ID#:24358),3.33
30159,114-UG-T30,FPQ-12154,SCMS-188330,ASN-20239,Uganda,PMO - US,Direct Drop,EXW,Air,4/23/13,5/9/13,11-Jul-13,11-Jul-13,11-Jul-13,HRDT,HIV test,"Orgenics, Ltd","HIV 1/2, Determine Complete HIV Kit, 100 Tests","HIV 1/2, Determine Complete HIV Kit",Determine,N/A,Test kit,100,2845,227600,80,0.8,"Alere Medical Co., Ltd.",Yes,1239,16337.03,281.54
30164,104-CI-T30,FPQ-3967,SCMS-52690,ASN-5488,Côte d'Ivoire,PMO - US,Direct Drop,CIP,Air,8/21/09,9/14/09,25-Nov-09,25-Nov-09,25-Nov-09,ARV,Pediatric,BRISTOL-MYERS SQUIBB,"Didanosine 50mg [Videx], chewable tablets, 60 Tabs",Didanosine,Videx,50mg,Chewable/dispersible tablet,60,300,2850,9.5,0.16,"BMS Meymac, France",Yes,Weight Captured Separately,Freight Included in Commodity Cost,5.59
30186,108-VN-T30,FPQ-5899,SCMS-77270,ASN-7730,Vietnam,PMO - US,Direct Drop,EXW,Air,6/23/10,6/30/10,3-Nov-10,3-Nov-10,3-Nov-10,ARV,Adult,MYLAN LABORATORIES LTD (FORMERLY MATRIX LABORATORIES),"Abacavir 300mg, tablets, 60 Tabs",Abacavir,Generic,300mg,Tablet,60,200,3148,15.74,0.26,Mylan (formerly Matrix) Nashik,Yes,22,3587.81,6.79
30211,107-RW-T30,FPQ-9217,SCMS-152020,ASN-15941,Rwanda,PMO - US,Direct Drop,EXW,Air,2/13/12,7/4/12,22-Aug-12,22-Aug-12,22-Aug-12,ARV,Adult,Aurobindo Pharma Limited,"Didanosine 400mg, delayed-release capsules, 30 Caps",Didanosine,Generic,400mg,Delayed-release capsules,30,1008,20160,20,0.67,"Aurobindo Unit III, India",Yes,213,3024.36,28.26
30213,107-RW-T30,FPQ-6341,SCMS-84910,ASN-10140,Rwanda,PMO - US,Direct Drop,EXW,Air,9/3/10,9/27/10,8-Apr-11,8-Apr-11,8-Apr-11,ARV,Pediatric,Aurobindo Pharma Limited,"Zidovudine 10mg/ml, oral solution, Bottle, 240 ml",Zidovudine,Generic,10mg/ml,Oral solution,240,1992,4183.2,2.1,0.01,"Aurobindo Unit III, India",Yes,777,6400.44,9.02
30220,106-HT-T30,FPQ-14895,SCMS-261710,ASN-30231,Haiti,PMO - US,Direct Drop,EXW,Air,9/24/14,11/14/14,6-Feb-15,6-Feb-15,6-Feb-15,ARV,Adult,HETERO LABS LIMITED,"Lamivudine 150mg, tablets, 60 Tabs",Lamivudine,Generic,150mg,Tablet,60,1440,2592,1.8,0.03,Hetero Unit III Hyderabad IN,Yes,99,1497.53,2.66
30223,107-RW-T30,FPQ-10223,SCMS-152910,ASN-15895,Rwanda,PMO - US,Direct Drop,EXW,Air,7/5/12,7/16/12,9-Sep-12,9-Sep-12,9-Sep-12,ARV,Adult,Aurobindo Pharma Limited,"Nevirapine 200mg, tablets, 60 Tabs",Nevirapine,Generic,200mg,Tablet,60,26441,59492.25,2.25,0.04,"Aurobindo Unit III, India",Yes,2520,25593.87,83.41
30226,111-MZ-T30,FPQ-9955,SCMS-148180,ASN-16096,Mozambique,PMO - US,Direct Drop,EXW,Air,5/28/12,6/13/12,4-Sep-12,4-Sep-12,4-Sep-12,HRDT,HIV test,"Orgenics, Ltd","HIV 1/2, Determine Complete HIV Kit, 100 Tests","HIV 1/2, Determine Complete HIV Kit",Determine,N/A,Test kit,100,5500,440000,80,0.8,"Alere Medical Co., Ltd.",Yes,14938,43304.68,616.88
30237,114-UG-T30,FPQ-12154,SCMS-188330,ASN-20242,Uganda,PMO - US,Direct Drop,EXW,Air,4/23/13,5/9/13,15-Jul-13,15-Jul-13,15-Jul-13,HRDT,HIV test - Ancillary,"Orgenics, Ltd","HIV, Lancet, Safety, for HIV Test kits, 100 Pcs","HIV, Lancet, Safety, for HIV Test kits, 100 Pcs",Generic,N/A,Test kit - Ancillary,100,864,4320,5,0.05,"Alere Medical Co., Ltd.",No,See ASN-20242 (ID#:29951),See ASN-20242 (ID#:29951),5.34
30248,116-ZA-T30,FPQ-13973,SCMS-238552,ASN-27606,South Africa,PMO - US,Direct Drop,DDP,Truck,4/30/14,8/5/14,5-Aug-14,5-Aug-14,5-Aug-14,ARV,Adult,PHARMACY DIRECT,"Nevirapine 200mg, tablets, 60 Tabs",Nevirapine,Generic,200mg,Tablet,60,12,212.96,17.75,0.3,"Aurobindo Unit III, India",Yes,Weight Captured Separately,Freight Included in Commodity Cost,0.22
30256,108-VN-T30,FPQ-5317,SCMS-69520,ASN-7485,Vietnam,PMO - US,Direct Drop,EXW,Air,3/22/10,3/29/10,3-Aug-10,3-Aug-10,3-Aug-10,ARV,Adult,STRIDES ARCOLAB LIMITED,"Nevirapine 200mg, tablets, 60 Tabs",Nevirapine,Generic,200mg,Tablet,60,4065,10569,2.6,0.04,"Strides, Bangalore, India.",Yes,497,6269.65,22.79
30257,102-ML-T30,FPQ-10104,SCMS-153780,ASN-16454,Mali,PMO - US,Direct Drop,EXW,Air,7/5/12,7/31/12,19-Oct-12,19-Oct-12,19-Oct-12,HRDT,HIV test,"Orgenics, Ltd","HIV 1/2, Determine Complete HIV Kit, 100 Tests","HIV 1/2, Determine Complete HIV Kit",Determine,N/A,Test kit,100,184,14720,80,0.8,"Alere Medical Co., Ltd.",Yes,84,3252.26,20.64
30274,106-HT-T30,FPQ-12041,SCMS-189140,ASN-20329,Haiti,PMO - US,Direct Drop,EXW,Air,4/26/13,5/21/13,17-Jul-13,17-Jul-13,17-Jul-13,HRDT,HIV test,"Orgenics, Ltd","HIV 1/2, Determine Complete HIV Kit, 100 Tests","HIV 1/2, Determine Complete HIV Kit",Determine,N/A,Test kit,100,4000,400000,100,1,"Alere Medical Co., Ltd.",Yes,1740,24069.99,494.8
30320,105-SS-T30,FPQ-9807,SCMS-147640,ASN-15985,South Sudan,PMO - US,Direct Drop,EXW,Air,5/18/12,6/20/12,20-Sep-12,20-Sep-12,20-Sep-12,HRDT,HIV test,"Orgenics, Ltd","HIV 1/2, Determine Complete HIV Kit, 100 Tests","HIV 1/2, Determine Complete HIV Kit",Determine,N/A,Test kit,100,695,61855,89,0.89,"Alere Medical Co., Ltd.",Yes,351,6445.68,86.72
30349,110-ZM-T30,FPQ-12845,SCMS-205510,ASN-21846,Zambia,PMO - US,Direct Drop,EXW,Air,8/20/13,9/11/13,20-Nov-13,20-Nov-13,21-Nov-13,HRDT,HIV test,"Trinity Biotech, Plc","HIV 1/2, Uni-Gold HIV Kit, 20 Tests","HIV 1/2, Uni-Gold HIV Kit",Uni-Gold,N/A,Test kit,20,4500,144000,32,1.6,"Trinity Biotech, Plc",Yes,1353,17507.94,178.13
30363,105-SS-T30,FPQ-15569,SCMS-272160,ASN-31321,South Sudan,PMO - US,Direct Drop,EXW,Air,12/29/14,2/20/15,3-Jun-15,3-Jun-15,5-Jun-15,HRDT,HIV test,"Orgenics, Ltd","HIV 1/2, Determine Complete HIV Kit, 100 Tests","HIV 1/2, Determine Complete HIV Kit",Determine,N/A,Test kit,100,90,8010,89,0.89,"Alere Medical Co., Ltd.",Yes,Weight Captured Separately,Invoiced Separately,9.43
30388,106-HT-T30,FPQ-11442,SCMS-177110,ASN-19116,Haiti,PMO - US,Direct Drop,FCA,Air,1/30/13,2/11/13,3-May-13,3-May-13,3-May-13,ARV,Adult,ABBVIE LOGISTICS (FORMERLY ABBOTT LOGISTICS BV),"Ritonavir 100mg [Norvir], film coated tablets, 60 Tabs",Ritonavir,Norvir,100mg,Tablet,60,240,1644,6.85,0.11,ABBVIE Ludwigshafen Germany,Yes,30,877.61,2.03
30412,102-KE-T30,FPQ-9127,SCMS-134420,ASN-13663,Kenya,PMO - US,Direct Drop,EXW,Air,1/13/12,1/19/12,13-Mar-12,13-Mar-12,13-Mar-12,HRDT,HIV test,Premier Medical Corporation Ltd.,"HIV 1/2/O, First Response HIV 1-2.0, v.3.0 Cards Kit, 30 Tests","HIV 1/2/O, First Response HIV 1-2.0, v.3.0 Cards Kit",First Response,N/A,Test kit,30,50,1170,23.4,0.78,Premier Med. Corp Ltd. India,Yes,18,2644.79,1.64
30462,116-ZA-T30,FPQ-3596,SCMS-50360,ASN-5453,South Africa,PMO - US,Direct Drop,DDP,Truck,5/7/09,9/22/09,28-Oct-09,28-Oct-09,28-Oct-09,ARV,Pediatric,S. BUYS WHOLESALER,"Stavudine 1mg/ml, powder for oral solution, 200 ml",Stavudine,Generic,1mg/ml,Oral solution,200,500,1368.58,2.74,0.01,"Aurobindo Unit III, India",Yes,Weight Captured Separately,Freight Included in Commodity Cost,2.68
30475,102-BW-T30,FPQ-5352,SCMS-75630,ASN-7750,Botswana,PMO - US,Direct Drop,EXW,Air,3/30/10,6/8/10,6-Sep-10,6-Sep-10,6-Sep-10,HRDT,HIV test,"Orgenics, Ltd","HIV 1/2, Determine Complete HIV Kit, 100 Tests","HIV 1/2, Determine Complete HIV Kit",Determine,N/A,Test kit,100,10,800,80,0.8,Inverness Japan,Yes,5,760.22,1.72
30494,110-ZM-T30,FPQ-14827,SCMS-256510,ASN-29094,Zambia,PMO - US,Direct Drop,EXW,Air,8/19/14,9/19/14,11-Mar-15,26-Mar-15,1-Apr-15,HRDT,HIV test,"Orgenics, Ltd","HIV 1/2, Determine Complete HIV Kit, 100 Tests","HIV 1/2, Determine Complete HIV Kit",Determine,N/A,Test kit,100,6314,505120,80,0.8,"Alere Medical Co., Ltd.",Yes,2561,35696.95,519.26
30508,107-RW-T30,FPQ-7520,SCMS-106800,ASN-10852,Rwanda,PMO - US,Direct Drop,EXW,Air,4/3/11,4/28/11,28-Jun-11,28-Jun-11,28-Jun-11,HRDT,HIV test,"Trinity Biotech, Plc","HIV 1/2, Uni-Gold HIV Kit, 20 Tests","HIV 1/2, Uni-Gold HIV Kit",Uni-Gold,N/A,Test kit,20,240,7680,32,1.6,"Trinity Biotech, Plc",Yes,83,1215.46,12.67
30514,116-ZA-T30,FPQ-11828,SCMS-183950,ASN-19166,South Africa,South Africa Field Office,Direct Drop,DDP,Truck,3/18/13,Date Not Captured,16-Apr-13,16-Apr-13,16-Apr-13,ARV,Adult,S. BUYS WHOLESALER,"Abacavir 300mg, tablets, 60 Tabs",Abacavir,Generic,300mg,Tablet,60,45,1175.15,26.11,0.44,"Cipla, Patalganga, India",No,Weight Captured Separately,Freight Included in Commodity Cost,1.45
30519,133-NG-T30,FPQ-10765,SCMS-162430,ASN-17824,Nigeria,PMO - US,Direct Drop,EXW,Air,10/5/12,10/16/12,1-Feb-13,1-Feb-13,1-Feb-13,HRDT,HIV test,"Trinity Biotech, Plc","HIV 1/2, Uni-Gold HIV Kit, 20 Tests","HIV 1/2, Uni-Gold HIV Kit",Uni-Gold,N/A,Test kit,20,24510,784320,32,1.6,"Trinity Biotech, Plc",Yes,8273,94267.77,1099.62
30561,133-NG-T30,FPQ-12812,SCMS-210350,ASN-22882,Nigeria,PMO - US,Direct Drop,EXW,Air,8/13/13,11/1/13,23-Dec-13,16-Dec-13,16-Dec-13,HRDT,HIV test,"Orgenics, Ltd","HIV 1/2, Determine Complete HIV Kit, 100 Tests","HIV 1/2, Determine Complete HIV Kit",Determine,N/A,Test kit,100,9347,831883,89,0.89,"Alere Medical Co., Ltd.",Yes,3090,60185.33,1029.04
30573,900-CM-T30,FPQ-10654,SCMS-161730,ASN-17092,Cameroon,PMO - US,Direct Drop,EXW,Air,9/20/12,10/5/12,25-Dec-12,25-Dec-12,25-Dec-12,ARV,Adult,HETERO LABS LIMITED,"Lamivudine/Tenofovir Disoproxil Fumarate 300/300mg, tablets, 30 Tabs",Lamivudine/Tenofovir Disoproxil Fumarate,Generic,300/300mg,Tablet - FDC,30,38208,179959.68,4.71,0.16,Hetero Unit III Hyderabad IN,Yes,4289,30395.15,252.3
30589,116-ZA-T30,FPQ-14942,SCMS-259078,ASN-33470,South Africa,PMO - US,Direct Drop,DDP,Truck,9/11/14,10/9/14,24-Jul-15,24-Jul-15,24-Jul-15,ARV,Pediatric,PHARMACY DIRECT,"Efavirenz 200mg, capsule, 90 Caps",Efavirenz,Generic,200mg,Capsule,90,10,182.5,18.25,0.2,"Aurobindo Unit III, India",No,Weight Captured Separately,Freight Included in Commodity Cost,0.19
30601,110-ZM-T30,FPQ-4691,SCMS-60711,ASN-6614,Zambia,PMO - US,Direct Drop,EXW,Air,12/16/09,12/22/09,3-May-10,23-Apr-10,23-Apr-10,HRDT,HIV test,"Orgenics, Ltd","HIV 1/2, Determine Complete HIV Kit, 100 Tests","HIV 1/2, Determine Complete HIV Kit",Determine,N/A,Test kit,100,2700,194400,72,0.72,Inverness Japan,Yes,1304,19502.09,419.13
30615,110-ZM-T30,FPQ-8315,SCMS-120570,ASN-13034,Zambia,PMO - US,Direct Drop,EXW,Air,8/31/11,9/22/11,20-Dec-11,20-Dec-11,20-Dec-11,HRDT,HIV test,"Orgenics, Ltd","HIV 1/2, Determine Complete HIV Kit, 100 Tests","HIV 1/2, Determine Complete HIV Kit",Determine,N/A,Test kit,100,2604,208320,80,0.8,"Alere Medical Co., Ltd.",Yes,1239,22650.58,343.73
30618,108-VN-T30,FPQ-9001,SCMS-131700,ASN-14757,Vietnam,PMO - US,Direct Drop,EXW,Air,12/15/11,1/16/12,15-May-12,15-May-12,15-May-12,ARV,Adult,MYLAN LABORATORIES LTD (FORMERLY MATRIX LABORATORIES),"Abacavir 300mg, tablets, 60 Tabs",Abacavir,Generic,300mg,Tablet,60,632,8216,13,0.22,Mylan (formerly Matrix) Nashik,Yes,4669,8334.77,11.52
30629,133-NG-T30,FPQ-10349,SCMS-155320,ASN-16930,Nigeria,PMO - US,Direct Drop,EXW,Air,7/17/12,8/13/12,6-Nov-12,8-Nov-12,8-Nov-12,HRDT,HIV test,"Orgenics, Ltd","HIV 1/2, Determine Complete HIV Kit, 100 Tests","HIV 1/2, Determine Complete HIV Kit",Determine,N/A,Test kit,100,614,54646,89,0.89,"Alere Medical Co., Ltd.",Yes,295,7444.13,76.61
30633,161-ZA-T30,FPQ-5303,SCMS-68940,ASN-8001,South Africa,PMO - US,Direct Drop,DDP,Air,3/18/10,3/19/10,7-Sep-10,15-Oct-10,15-Oct-10,ARV,Adult,Aurobindo Pharma Limited,"Efavirenz 600mg, tablets, 30 Tabs",Efavirenz,Generic,600mg,Tablet,30,40135,187430.45,4.67,0.16,"Aurobindo Unit III, India",Yes,3764,4263.07,404.1
30649,116-ZA-T30,FPQ-4770,SCMS-60170,ASN-5933,South Africa,PMO - US,Direct Drop,DDP,Truck,12/17/09,12/23/09,29-Dec-09,29-Dec-09,29-Dec-09,ARV,Adult,S. BUYS WHOLESALER,"Efavirenz 600mg, tablets, 30 Tabs",Efavirenz,Generic,600mg,Tablet,30,2700,52283.01,19.36,0.65,"Cipla, Goa, India",No,Weight Captured Separately,Freight Included in Commodity Cost,112.72
30717,116-ZA-T30,FPQ-14942,SCMS-259077,ASN-33477,South Africa,PMO - US,Direct Drop,DDP,Truck,9/11/14,10/9/14,24-Jul-15,24-Jul-15,24-Jul-15,ARV,Adult,PHARMACY DIRECT,"Emtricitabine/Tenofovir Disoproxil Fumarate 200/300mg, tablets, 30 Tabs",Emtricitabine/Tenofovir Disoproxil Fumarate,Generic,200/300mg,Tablet - FDC,30,12,261.97,21.83,0.73,"Aurobindo Unit III, India",No,Weight Captured Separately,Freight Included in Commodity Cost,0.27
30720,107-RW-T30,FPQ-8263,SCMS-119630,ASN-12660,Rwanda,PMO - US,Direct Drop,EXW,Air,8/19/11,8/29/11,13-Dec-11,13-Dec-11,13-Dec-11,HRDT,HIV test,"Trinity Biotech, Plc","HIV 1/2, Uni-Gold HIV Kit, 20 Tests","HIV 1/2, Uni-Gold HIV Kit",Uni-Gold,N/A,Test kit,20,873,27936,32,1.6,"Trinity Biotech, Plc",Yes,296,6318.92,46.09
30724,116-ZA-T30,FPQ-12522,SCMS-199289,ASN-28037,South Africa,PMO - US,Direct Drop,DDP,Truck,7/11/13,8/29/14,29-Aug-14,29-Aug-14,29-Aug-14,ARV,Adult,S. BUYS WHOLESALER,"Lamivudine 150mg, tablets, 60 Tabs",Lamivudine,Generic,150mg,Tablet,60,564,5502.98,9.76,0.16,Hetero Unit III Hyderabad IN,No,Weight Captured Separately,Freight Included in Commodity Cost,6.81
30728,116-ZA-T30,FPQ-4770,SCMS-60170,ASN-5934,South Africa,PMO - US,Direct Drop,DDP,Truck,12/17/09,12/23/09,28-Dec-09,28-Dec-09,28-Dec-09,ARV,Pediatric,S. BUYS WHOLESALER,"Efavirenz 200mg, capsule, 90 Caps",Efavirenz,Generic,200mg,Capsule,90,40,1303.06,32.58,0.36,"Aurobindo Unit III, India",No,Weight Captured Separately,Freight Included in Commodity Cost,2.81
30784,200-DO-T30,FPQ-6615,SCMS-93360,ASN-9857,Dominican Republic,PMO - US,Direct Drop,EXW,Air,11/10/10,12/1/10,8-Mar-11,8-Mar-11,8-Mar-11,ARV,Adult,Aurobindo Pharma Limited,"Lopinavir/Ritonavir 200/50mg, tablets, 120 Tabs",Lopinavir/Ritonavir,Generic,200/50mg,Tablet,120,9242,323470,35,0.29,"Aurobindo Unit III, India",Yes,2373,16173.9,533.73
30788,103-ZW-T30,FPQ-12094,SCMS-186820,ASN-21834,Zimbabwe,PMO - US,Direct Drop,FCA,Air,4/19/13,4/25/13,24-Oct-13,24-Oct-13,24-Oct-13,ARV,Pediatric,LAWRENCE LABORATORIES (SUBSIDIARY OF BRISTOL MYERS SQUIBB),"Didanosine 25mg [Videx], chewable tablets, 60 Tabs",Didanosine,Videx,25mg,Chewable/dispersible tablet,60,747,5229,7,0.12,Bristol-Myers Squibb Anagni IT,Yes,169,2387.62,6.47
30819,109-TZ-T30,FPQ-6936,SCMS-100650,ASN-10469,Tanzania,PMO - US,Direct Drop,EXW,Air,12/27/10,3/2/11,1-Jun-11,1-Jun-11,1-Jun-11,HRDT,HIV test,"Orgenics, Ltd","HIV 1/2, Determine Complete HIV Kit, 100 Tests","HIV 1/2, Determine Complete HIV Kit",Determine,N/A,Test kit,100,1250,100000,80,0.8,Inverness Japan,Yes,600,14398.69,165
30842,103-ZW-T30,FPQ-15398,SCMS-264880,ASN-29747,Zimbabwe,PMO - US,Direct Drop,EXW,Air,11/14/14,11/17/14,3-Feb-15,3-Feb-15,24-Feb-15,ARV,Pediatric,MYLAN LABORATORIES LTD (FORMERLY MATRIX LABORATORIES),"Lamivudine/Nevirapine/Zidovudine 30/50/60mg, dispersible tablets, 60 Tabs",Lamivudine/Nevirapine/Zidovudine,Generic,30/50/60mg,Chewable/dispersible tablet - FDC,60,813,2845.5,3.5,0.06,Mylan (formerly Matrix) Nashik,Yes,60,1344.94,3.35
30850,102-SD-T30,FPQ-8261,SCMS-120450,ASN-13276,Sudan,PMO - US,Direct Drop,EXW,Air,8/29/11,9/14/11,3-Feb-12,3-Feb-12,3-Feb-12,HRDT,HIV test,"Orgenics, Ltd","HIV 1/2, Determine Complete HIV Kit, 100 Tests","HIV 1/2, Determine Complete HIV Kit",Determine,N/A,Test kit,100,105,9345,89,0.89,"Alere Medical Co., Ltd.",Yes,49,1768.15,15.42
30904,108-VN-T30,FPQ-15040,SCMS-263650,ASN-30555,Vietnam,PMO - US,Direct Drop,EXW,Air,10/30/14,12/8/14,23-Mar-15,26-Mar-15,26-Mar-15,ARV,Adult,MYLAN LABORATORIES LTD (FORMERLY MATRIX LABORATORIES),"Efavirenz/Lamivudine/Tenofovir Disoproxil Fumarate 600/300/300mg, tablets, 30 Tabs",Efavirenz/Lamivudine/Tenofovir Disoproxil Fumarate,Generic,600/300/300mg,Tablet - FDC,30,22232,225654.8,10.15,0.34,Mylan (formerly Matrix) Nashik,Yes,2510,4363.06,231.97
30915,107-RW-T30,FPQ-14813,SCMS-261782,ASN-33340,Rwanda,PMO - US,Direct Drop,EXW,Air,10/9/14,12/15/14,28-Aug-15,28-Aug-15,30-Aug-15,ARV,Adult,EMCURE PHARMACEUTICALS LTD,"Atazanavir/Ritonavir 300/100mg, tablets, 30 Tabs",Atazanavir/Ritonavir,Generic,300/100mg,Tablet,30,16585,298530,18,0.6,"Emcure Plot No.P-2, I.T-B.T. Park, Phase II, MIDC, Hinjwadi, Pune, India",Yes,Weight Captured Separately,Invoiced Separately,306.89
30942,161-ZA-T30,FPQ-5648,SCMS-75480,ASN-8380,South Africa,PMO - US,Direct Drop,DDP,Air,6/2/10,6/17/10,13-Dec-10,13-Dec-10,13-Dec-10,ARV,Pediatric,Aurobindo Pharma Limited,"Nevirapine 10mg/ml, oral suspension w/syringe, Bottle, 240 ml",Nevirapine,Generic,10mg/ml,Oral suspension,240,9630,30334.5,3.15,0.01,"Aurobindo Unit III, India",Yes,3732,4876.34,65.4
30974,108-VN-T30,FPQ-12051,SCMS-188580,ASN-21380,Vietnam,PMO - US,Direct Drop,FCA,Air,5/3/13,8/19/13,16-Sep-13,16-Sep-13,16-Sep-13,ARV,Adult,ABBVIE LOGISTICS (FORMERLY ABBOTT LOGISTICS BV),"Ritonavir 100mg [Norvir], film coated tablets, 30 Tabs",Ritonavir,Norvir,100mg,Tablet,30,429,9978.54,23.26,0.78,ABBVIE Ludwigshafen Germany,Yes,43,421.24,12.34
30977,114-UG-T30,FPQ-14070,SCMS-237170,ASN-26329,Uganda,PMO - US,Direct Drop,EXW,Air,4/10/14,4/30/14,26-Jun-14,26-Jun-14,26-Jun-14,HRDT,HIV test,BIO-RAD LABORATORIES (FRANCE),"HIV 1/2, Genie III Kit, 50 Tests","HIV 1/2, Genie III Kit",Genie,N/A,Test kit,50,30,2982,99.4,1.99,Bio-Rad Laboratories,Yes,19,846.03,3.07
30982,107-RW-T30,FPQ-8263,SCMS-119641,ASN-13528,Rwanda,PMO - US,Direct Drop,EXW,Air,8/19/11,8/29/11,13-Feb-12,13-Feb-12,13-Feb-12,HRDT,HIV test,"Orgenics, Ltd","HIV 1/2, Determine HIV Kit, without Lancets, 100 Tests","HIV 1/2, Determine HIV Kit, without Lancets",Determine,N/A,Test kit,100,6000,466200,77.7,0.78,Inverness Japan,Yes,1362,62458.88,769.23
30998,102-BW-T30,FPQ-4903,SCMS-64790,ASN-6121,Botswana,PMO - US,Direct Drop,EXW,Air,1/13/10,2/5/10,4-Jun-10,4-Jun-10,4-Jun-10,HRDT,HIV test,"Trinity Biotech, Plc","HIV 1/2, Uni-Gold HIV Kit, 20 Tests","HIV 1/2, Uni-Gold HIV Kit",Uni-Gold,N/A,Test kit,20,25,800,32,1.6,"Trinity Biotech, Plc",Yes,10,559.89,1.72
31041,116-ZA-T30,FPQ-3560,SCMS-50950,ASN-5006,South Africa,PMO - US,Direct Drop,DDP,Truck,5/7/09,8/3/09,3-Sep-09,3-Sep-09,3-Sep-09,ARV,Adult,S. BUYS WHOLESALER,"Tenofovir Disoproxil Fumarate 300mg [Viread], tablets, 30 Tabs",Tenofovir Disoproxil Fumarate,Viread,300mg,Tablet,30,3700,98942.55,26.74,0.89,"Aspen-OSD, Port Elizabeth, SA",No,Weight Captured Separately,Freight Included in Commodity Cost,193.93
31116,108-VN-T30,FPQ-6818,SCMS-97853,ASN-11408,Vietnam,PMO - US,Direct Drop,EXW,Air,1/17/11,2/15/11,27-Jul-11,27-Jul-11,27-Jul-11,ARV,Adult,MYLAN LABORATORIES LTD (FORMERLY MATRIX LABORATORIES),"Lamivudine/Nevirapine/Zidovudine 150/200/300mg, tablets, 60 Tabs",Lamivudine/Nevirapine/Zidovudine,Generic,150/300/200mg,Tablet - FDC,60,18406,202466,11,0.18,Mylan (formerly Matrix) Nashik,Yes,2571,13880.57,334.07
31146,108-VN-T30,FPQ-7898,SCMS-113610,ASN-13013,Vietnam,PMO - US,Direct Drop,EXW,Air,6/27/11,7/8/11,20-Dec-11,20-Dec-11,20-Dec-11,ARV,Adult,STRIDES ARCOLAB LIMITED,"Lamivudine/Nevirapine/Zidovudine 150/200/300mg, tablets, 60 Tabs",Lamivudine/Nevirapine/Zidovudine,Generic,150/300/200mg,Tablet - FDC,60,9030,95718,10.6,0.18,"Strides, Bangalore, India.",Yes,1054,5726.24,157.93
31156,101-CD-T30,FPQ-13548,SCMS-224840,ASN-24721,"Congo, DRC",PMO - US,Direct Drop,EXW,Air,1/22/14,1/28/14,4-Apr-14,4-Apr-14,28-Apr-14,HRDT,HIV test,"Trinity Biotech, Plc","HIV 1/2, Uni-Gold HIV Kit, 20 Tests","HIV 1/2, Uni-Gold HIV Kit",Uni-Gold,N/A,Test kit,20,2,64,32,1.6,"Trinity Biotech, Plc",No,See ASN-24721 (ID#:13708),See ASN-24721 (ID#:13708),0.07
31177,117-ET-T30,FPQ-9096,SCMS-133380,ASN-16134,Ethiopia,PMO - US,Direct Drop,EXW,Air,1/5/12,1/23/12,5-Sep-12,5-Sep-12,5-Sep-12,HRDT,HIV test,"CHEMBIO DIAGNOSTIC SYSTEMS, INC.","HIV 1/2, Stat-Pak HIV, Kit, 20 Tests","HIV 1/2, Stat-Pak HIV, Kit",Stat-Pak,N/A,Test kit,20,44,1276,29,1.45,Chembio Diagnostics Sys. Inc.,Yes,15,218.75,1.79
31203,108-VN-T30,FPQ-9001,SCMS-131700,ASN-14757,Vietnam,PMO - US,Direct Drop,EXW,Air,12/15/11,1/16/12,15-May-12,15-May-12,15-May-12,ARV,Pediatric,MYLAN LABORATORIES LTD (FORMERLY MATRIX LABORATORIES),"Lamivudine/Nevirapine/Zidovudine 30/50/60mg, dispersible tablets, 60 Tabs",Lamivudine/Nevirapine/Zidovudine,Generic,30/50/60mg,Chewable/dispersible tablet - FDC,60,13877,57589.55,4.15,0.07,Mylan (formerly Matrix) Nashik,No,See ASN-14757 (ID#:30618),See ASN-14757 (ID#:30618),80.74
31254,107-RW-T30,FPQ-13852,SCMS-236480,ASN-27662,Rwanda,PMO - US,Direct Drop,FCA,Air,3/19/14,4/24/14,22-Aug-14,22-Aug-14,26-Aug-14,ARV,Adult,ABBVIE LOGISTICS (FORMERLY ABBOTT LOGISTICS BV),"Ritonavir 100mg [Norvir], film coated tablets, 60 Tabs",Ritonavir,Norvir,100mg,Tablet,60,3500,23975,6.85,0.11,ABBVIE Ludwigshafen Germany,Yes,442,6776.8,24.65
31304,105-SS-T30,FPQ-11754,SCMS-181401,ASN-20649,South Sudan,PMO - US,Direct Drop,EXW,Air,2/22/13,4/1/13,13-Sep-13,13-Sep-13,13-Sep-13,HRDT,HIV test - Ancillary,"Orgenics, Ltd","Chase Buffer, Determine, 100 Tests, 2.5ml x 1 Vial","Chase Buffer, Determine, 100 Tests, 2.5ml x 1 Vial",Determine,N/A,Test kit - Ancillary,1,45,225,5,5,"Alere Medical Co., Ltd.",No,See ASN-20649 (ID#:28306),See ASN-20649 (ID#:28306),0.28
31306,116-ZA-T30,FPQ-13973,SCMS-238551,ASN-26882,South Africa,PMO - US,Direct Drop,DDP,Truck,4/30/14,6/25/14,25-Jun-14,25-Jun-14,25-Jun-14,ARV,Pediatric,PHARMACY DIRECT,"Efavirenz 50mg, capsule, 30 Caps",Efavirenz,Generic,50mg,Capsule,30,9,27.05,3.01,0.1,"Aurobindo Unit III, India",No,Weight Captured Separately,Freight Included in Commodity Cost,0.03
31324,106-HT-T30,FPQ-16241,SCMS-288900,ASN-32495,Haiti,PMO - US,Direct Drop,EXW,Ocean,5/5/15,5/27/15,10-Aug-15,10-Aug-15,11-Aug-15,ARV,Adult,HETERO LABS LIMITED,"Efavirenz/Lamivudine/Tenofovir Disoproxil Fumarate 600/300/300mg, tablets, 30 Tabs",Efavirenz/Lamivudine/Tenofovir Disoproxil Fumarate,Generic,600/300/300mg,Tablet - FDC,30,109350,1038825,9.5,0.32,Hetero Unit III Hyderabad IN,Yes,Weight Captured Separately,Invoiced Separately,1222.7
31332,101-CD-T30,FPQ-14569,SCMS-250300,ASN-27786,"Congo, DRC",PMO - US,Direct Drop,EXW,Air,7/23/14,8/4/14,5-Feb-15,5-Feb-15,11-Feb-15,ANTM,Malaria,IMRES B.V.,"Sulfadoxine/Pyrimethamine 500/25mg, tablets, 1000 Tabs",Sulfadoxine/Pyrimethamine,Generic,500/25mg,Tablet - FDC,1000,1370,37401,27.3,0.03,"Guilin OSD site, No 17, China",Yes,1125,9693.68,38.45
31363,116-ZA-T30,FPQ-13035,SCMS-215370,ASN-24415,South Africa,PMO - US,Direct Drop,DDP,Truck,10/8/13,12/2/13,6-Feb-14,6-Feb-14,6-Feb-14,ARV,Pediatric,S. BUYS WHOLESALER,"Lamivudine 10mg/ml, oral solution, Bottle, 240 ml",Lamivudine,Generic,10mg/ml,Oral solution,240,4,27.35,6.84,0.03,"Cipla, Goa, India",No,Weight Captured Separately,Freight Included in Commodity Cost,0.03
31368,901-NA-T30,FPQ-14728,SCMS-252630,ASN-29183,Namibia,PMO - US,Direct Drop,EXW,Air,7/30/14,8/19/14,25-Nov-14,25-Nov-14,26-Nov-14,ARV,Adult,MYLAN LABORATORIES LTD (FORMERLY MATRIX LABORATORIES),"Efavirenz/Emtricitabine/Tenofovir Disoproxil Fumarate 600/200/300mg, tablets, 30 Tabs",Efavirenz/Emtricitabine/Tenofovir Disoproxil Fumarate,Generic,600/200/300mg,Tablet - FDC,30,13000,136500,10.5,0.35,"Mylan,  H-12 & H-13, India",Yes,3575,17969.34,140.32
31430,108-VN-T30,FPQ-13034,SCMS-210020,ASN-24765,Vietnam,PMO - US,Direct Drop,FCA,Air,10/4/13,10/10/13,4-Apr-14,4-Apr-14,8-May-14,ARV,Adult,ABBVIE LOGISTICS (FORMERLY ABBOTT LOGISTICS BV),"Ritonavir 100mg [Norvir], film coated tablets, 30 Tabs",Ritonavir,Norvir,100mg,Tablet,30,100,2326,23.26,0.78,ABBVIE Ludwigshafen Germany,Yes,Weight Captured Separately,Invoiced Separately,2.88
31462,107-RW-T30,FPQ-6185,SCMS-84390,ASN-9365,Rwanda,PMO - US,Direct Drop,CIP,Air,9/3/10,9/27/10,10-Jan-11,10-Jan-11,10-Jan-11,ARV,Adult,Aurobindo Pharma Limited,"Didanosine 250mg, delayed-release capsules, 30 Caps",Didanosine,Generic,250mg,Delayed-release capsules,30,610,8082.5,13.25,0.44,"Aurobindo Unit III, India",Yes,Weight Captured Separately,Freight Included in Commodity Cost,17.43
31473,116-ZA-T30,FPQ-12522,SCMS-199283,ASN-27978,South Africa,PMO - US,Direct Drop,DDP,Truck,7/11/13,8/27/14,27-Aug-14,27-Aug-14,27-Aug-14,ARV,Pediatric,S. BUYS WHOLESALER,"Abacavir 20mg/ml, oral solution w/syringe, Bottle, 240 ml",Abacavir,Generic,20mg/ml,Oral solution,240,35,959.72,27.42,0.11,"Aurobindo Unit III, India",No,Weight Captured Separately,Freight Included in Commodity Cost,1.19
31486,105-SS-T30,FPQ-11754,SCMS-181380,ASN-19391,South Sudan,PMO - US,Direct Drop,EXW,Air,2/22/13,4/1/13,7-Jun-13,7-Jun-13,7-Jun-13,HRDT,HIV test,"Trinity Biotech, Plc","HIV 1/2, Uni-Gold HIV Kit, 20 Tests","HIV 1/2, Uni-Gold HIV Kit",Uni-Gold,N/A,Test kit,20,450,14400,32,1.6,"Trinity Biotech, Plc",Yes,146,2478.87,17.81
31551,116-ZA-T30,FPQ-7176,SCMS-104420,ASN-11259,South Africa,PMO - US,Direct Drop,DDP,Ocean,3/10/11,4/1/11,6-Dec-11,6-Dec-11,6-Dec-11,ARV,Adult,CIPLA LIMITED,"Nevirapine 200mg, tablets, 60 Tabs",Nevirapine,Generic,200mg,Tablet,60,6000,16320,2.72,0.05,"Cipla, Goa, India",Yes,638,654.72,26.93
31561,116-ZA-T30,FPQ-12522,SCMS-199289,ASN-28033,South Africa,PMO - US,Direct Drop,DDP,Truck,7/11/13,8/29/14,29-Aug-14,29-Aug-14,29-Aug-14,ARV,Adult,S. BUYS WHOLESALER,"Zidovudine 300mg, tablets, 60 Tabs",Zidovudine,Generic,300mg,Tablet,60,19,515.11,27.11,0.45,Mylan (formerly Matrix) Nashik,Yes,Weight Captured Separately,Freight Included in Commodity Cost,0.64
31569,161-ZA-T30,FPQ-7175,SCMS-104020,ASN-12188,South Africa,PMO - US,Direct Drop,DDP,Ocean,3/10/11,3/28/11,14-Jul-11,18-Nov-11,18-Nov-11,ARV,Adult,CIPLA LIMITED,"Tenofovir Disoproxil Fumarate 300mg, tablets, 30 Tabs",Tenofovir Disoproxil Fumarate,Generic,300mg,Tablet,30,7610,49236.7,6.47,0.22,"Cipla, Goa, India",Yes,Weight Captured Separately,Freight Included in Commodity Cost,81.24
31574,901-CM-T30,FPQ-12528,SCMS-196500,ASN-21851,Cameroon,PMO - US,Direct Drop,EXW,Air,6/21/13,6/28/13,9-Nov-13,9-Nov-13,19-Nov-13,ARV,Adult,CIPLA LIMITED,"Lamivudine/Tenofovir Disoproxil Fumarate 300/300mg, tablets, 30 Tabs",Lamivudine/Tenofovir Disoproxil Fumarate,Generic,300/300mg,Tablet - FDC,30,39892,183503.2,4.6,0.15,"Cipla, Kurkumbh, India",Yes,4082,51243.69,226.99
31648,107-RW-T30,FPQ-3859,SCMS-49100,ASN-6890,Rwanda,PMO - US,Direct Drop,CIP,Air,6/30/09,7/15/09,29-May-10,29-May-10,29-May-10,ARV,Adult,EMCURE PHARMACEUTICALS LTD,"Efavirenz 600mg, tablets, 30 Tabs",Efavirenz,Generic,600mg,Tablet,30,59609,357057.91,5.99,0.2,"Emcure Plot No.P-2, I.T-B.T. Park, Phase II, MIDC, Hinjwadi, Pune, India",Yes,4227,33008.05,699.83
31662,116-ZA-T30,FPQ-14942,SCMS-259072,ASN-30377,South Africa,PMO - US,Direct Drop,DDP,Truck,9/11/14,1/26/15,26-Jan-15,26-Jan-15,26-Jan-15,ARV,Pediatric,PHARMACY DIRECT,"Efavirenz 200mg, capsule, 90 Caps",Efavirenz,Generic,200mg,Capsule,90,21,357.92,17.04,0.19,"Aurobindo Unit III, India",No,Weight Captured Separately,Freight Included in Commodity Cost,0.37
31670,161-ZA-T30,FPQ-6262,SCMS-83790,ASN-9477,South Africa,PMO - US,Direct Drop,DDP,Ocean,8/31/10,9/24/10,1-Feb-11,10-Mar-11,10-Mar-11,ARV,Pediatric,Aurobindo Pharma Limited,"Efavirenz 200mg, capsule, 90 Caps",Efavirenz,Generic,200mg,Capsule,90,19214,191755.72,9.98,0.11,"Aurobindo Unit III, India",No,See ASN-9477 (ID#:26879),See ASN-9477 (ID#:26879),413.43
31694,107-RW-T30,FPQ-5228,SCMS-66060,ASN-8011,Rwanda,PMO - US,Direct Drop,CIP,Air,2/24/10,3/30/10,27-Sep-10,27-Sep-10,27-Sep-10,ARV,Adult,MYLAN LABORATORIES LTD (FORMERLY MATRIX LABORATORIES),"Lamivudine/Nevirapine/Zidovudine 150/200/300mg, tablets, 60 Tabs",Lamivudine/Nevirapine/Zidovudine,Generic,150/300/200mg,Tablet - FDC,60,61290,698706,11.4,0.19,Mylan (formerly Matrix) Nashik,Yes,7965,65851.29,1506.41
31709,104-CI-T30,FPQ-12150,SCMS-191940,ASN-20868,Côte d'Ivoire,PMO - US,Direct Drop,FCA,Air,4/29/13,6/12/13,1-Aug-13,1-Aug-13,1-Aug-13,ARV,Adult,ABBVIE LOGISTICS (FORMERLY ABBOTT LOGISTICS BV),"Ritonavir 100mg [Norvir], film coated tablets, 60 Tabs",Ritonavir,Norvir,100mg,Tablet,60,760,5206,6.85,0.11,ABBVIE Ludwigshafen Germany,Yes,97,1575.13,6.44
31712,108-VN-T30,FPQ-10287,SCMS-156260,ASN-17696,Vietnam,PMO - US,Direct Drop,EXW,Air,7/25/12,8/15/12,30-Jan-13,30-Jan-13,30-Jan-13,ARV,Pediatric,MICRO LABS LIMITED,"Efavirenz 50mg, capsule, 30 Caps",Efavirenz,Generic,50mg,Capsule,30,1760,3555.2,2.02,0.07,"Micro labs, Verna, Goa, India",Yes,126,798.95,4.98
31740,161-ZA-T30,FPQ-6262,SCMS-83830,ASN-9486,South Africa,PMO - US,Direct Drop,DDP,Ocean,8/31/10,9/24/10,4-Mar-11,4-Mar-11,4-Mar-11,ARV,Pediatric,Aurobindo Pharma Limited,"Lamivudine 10mg/ml, oral solution w/syringe, Bottle, 240 ml",Lamivudine,Generic,10mg/ml,Oral solution,240,6736,13606.72,2.02,0.01,"Aurobindo Unit III, India",No,See ASN-9486 (ID#:24187),See ASN-9486 (ID#:24187),29.34
31750,114-UG-T30,FPQ-14325,SCMS-244380,ASN-28019,Uganda,PMO - US,Direct Drop,CIP,Air,5/26/14,7/9/14,12-Sep-14,12-Sep-14,12-Sep-14,ARV,Adult,ASPEN PHARMACARE,"Darunavir 300mg [Prezista], tablets, 120 Tabs",Darunavir,Prezista,300mg,Tablet,120,807,53746.2,66.6,0.55,"Aspen-OSD, Port Elizabeth, SA",Yes,119,321.94,55.25
31761,116-ZA-T30,FPQ-12522,SCMS-199283,ASN-27980,South Africa,PMO - US,Direct Drop,DDP,Truck,7/11/13,8/27/14,27-Aug-14,27-Aug-14,27-Aug-14,ARV,Adult,S. BUYS WHOLESALER,"Didanosine 250mg, delayed-release capsules, 30 Caps",Didanosine,Generic,250mg,Delayed-release capsules,30,6,102.14,17.02,0.57,"Aurobindo Unit III, India",No,Weight Captured Separately,Freight Included in Commodity Cost,0.13
31805,106-HT-T30,FPQ-14895,SCMS-260970,ASN-31105,Haiti,PMO - US,Direct Drop,EXW,Ocean,9/24/14,11/14/14,25-May-15,25-May-15,26-May-15,ARV,Adult,CIPLA LIMITED,"Efavirenz 600mg, tablets, 30 Tabs",Efavirenz,Generic,600mg,Tablet,30,43309,140321.16,3.24,0.11,"Cipla, Goa, India",Yes,5000,6914.44,144.25
31829,202-GT-T30,FPQ-6977,SCMS-96440,ASN-10408,Guatemala,PMO - US,Direct Drop,EXW,Air,1/3/11,1/7/11,17-Apr-11,17-Apr-11,17-Apr-11,ARV,Pediatric,GLAXOSMITHKLINE EXPORT LIMITED,"Zidovudine 10mg/ml [Retrovir], solution for IV infusion injection, Vial 5 x 20 ml",Zidovudine,Retrovir,10mg/ml,Injection,5,75,5265,70.2,14.04,GSK Barnard Castle UK,Yes,29,209.37,8.69
31847,116-ZA-T30,FPQ-15950,SCMS-277982,ASN-32412,South Africa,PMO - US,Direct Drop,DDP,Truck,2/20/15,5/27/15,27-May-15,27-May-15,27-May-15,ARV,Pediatric,PHARMACY DIRECT,"Ritonavir 80mg/ml [Norvir], oral solution, cool, Bottle, 90 ml",Ritonavir,Norvir,80mg/ml,Oral solution,90,1,4.97,4.97,0.06,ABBVIE (Abbott) France,Yes,Weight Captured Separately,Freight Included in Commodity Cost,0.01
31859,116-ZA-T30,FPQ-12522,SCMS-199283,ASN-27979,South Africa,PMO - US,Direct Drop,DDP,Truck,7/11/13,8/27/14,27-Aug-14,27-Aug-14,27-Aug-14,ARV,Pediatric,S. BUYS WHOLESALER,"Efavirenz 200mg, capsule, 90 Caps",Efavirenz,Generic,200mg,Capsule,90,24,632.85,26.37,0.29,"Aurobindo Unit III, India",No,Weight Captured Separately,Freight Included in Commodity Cost,0.78
31861,108-VN-T30,FPQ-7898,SCMS-113640,ASN-12786,Vietnam,PMO - US,Direct Drop,EXW,Air,6/27/11,7/7/11,23-Nov-11,23-Nov-11,23-Nov-11,ARV,Adult,MYLAN LABORATORIES LTD (FORMERLY MATRIX LABORATORIES),"Abacavir 300mg, tablets, 60 Tabs",Abacavir,Generic,300mg,Tablet,60,292,4231.08,14.49,0.24,Mylan (formerly Matrix) Nashik,Yes,30,4525.05,6.98
31892,117-ET-T30,FPQ-4752,SCMS-61150,ASN-5843,Ethiopia,PMO - US,Direct Drop,EXW,Air,12/23/09,12/29/09,22-Jan-10,22-Jan-10,22-Jan-10,ARV,Adult,STRIDES ARCOLAB LIMITED,"Lamivudine/Stavudine 150/30mg, tablets, 60 Tabs",Lamivudine/Stavudine,Generic,150/30mg,Tablet - FDC,60,39939,134594.43,3.37,0.06,"Strides, Bangalore, India.",Yes,2038,11789.31,290.19
31909,108-VN-T30,FPQ-13034,SCMS-210150,ASN-24571,Vietnam,PMO - US,Direct Drop,EXW,Air,10/4/13,10/10/13,22-Apr-14,22-Apr-14,22-Apr-14,ARV,Adult,HETERO LABS LIMITED,"Efavirenz/Lamivudine/Tenofovir Disoproxil Fumarate 600/300/300mg, tablets, 30 Tabs",Efavirenz/Lamivudine/Tenofovir Disoproxil Fumarate,Generic,600/300/300mg,Tablet - FDC,30,21252,223146,10.5,0.35,Hetero Unit III Hyderabad IN,Yes,2982,8036.88,276.03
31912,114-UG-T30,FPQ-13816,SCMS-231320,ASN-26091,Uganda,PMO - US,Direct Drop,EXW,Air,2/27/14,3/20/14,14-Jun-14,14-Jun-14,14-Jun-14,HRDT,HIV test,"CHEMBIO DIAGNOSTIC SYSTEMS, INC.","HIV 1/2, Stat-Pak Dipstick Assay Kit, 30 Tests","HIV 1/2, Stat-Pak Dipstick Assay Kit",Stat-Pak,N/A,Test kit,30,5424,149702.4,27.6,0.92,Chembio Diagnostics Sys. Inc.,Yes,606,3790.99,153.89
31917,103-ZW-T30,FPQ-13969,SCMS-239230,ASN-27927,Zimbabwe,PMO - US,Direct Drop,CIP,Air,4/8/14,5/16/14,4-Sep-14,4-Sep-14,28-Oct-14,ARV,Pediatric,MYLAN LABORATORIES LTD (FORMERLY MATRIX LABORATORIES),"Lamivudine/Nevirapine/Zidovudine 30/50/60mg, dispersible tablets, 60 Tabs",Lamivudine/Nevirapine/Zidovudine,Generic,30/50/60mg,Chewable/dispersible tablet - FDC,60,164950,593820,3.6,0.06,Mylan (formerly Matrix) Nashik,Yes,9210,7510,610.45
31936,104-CI-T30,FPQ-6897,SCMS-101000,ASN-10407,Côte d'Ivoire,PMO - US,Direct Drop,FCA,Air,1/5/11,3/24/11,30-Jun-11,30-Jun-11,30-Jun-11,ARV,Adult,ABBVIE LOGISTICS (FORMERLY ABBOTT LOGISTICS BV),"Lopinavir/Ritonavir 200/50mg [Aluvia], tablets, 120 Tabs",Lopinavir/Ritonavir,Aluvia,200/50mg,Tablet,120,4809,162063.3,33.7,0.28,ABBVIE Ludwigshafen Germany,Yes,1196,17068.84,267.4
31941,108-VN-T30,FPQ-12051,SCMS-190500,ASN-21652,Vietnam,PMO - US,Direct Drop,EXW,Air,5/3/13,5/21/13,24-Sep-13,24-Sep-13,24-Sep-13,ARV,Adult,HETERO LABS LIMITED,"Efavirenz 600mg, tablets, 30 Tabs",Efavirenz,Generic,600mg,Tablet,30,27186,88082.64,3.24,0.11,"Hetero, Jadcherla, unit 5, IN",Yes,2321,3353.3,108.96
31963,116-ZA-T30,FPQ-11828,SCMS-183950,ASN-19166,South Africa,South Africa Field Office,Direct Drop,DDP,Truck,3/18/13,Date Not Captured,16-Apr-13,16-Apr-13,16-Apr-13,ARV,Adult,S. BUYS WHOLESALER,"Didanosine 250mg, delayed-release capsules, 30 Caps",Didanosine,Generic,250mg,Delayed-release capsules,30,2,30.85,15.42,0.51,"Aurobindo Unit III, India",No,Weight Captured Separately,Freight Included in Commodity Cost,0.04
32026,151-NG-T30,FPQ-7218,SCMS-105110,ASN-10989,Nigeria,PMO - US,Direct Drop,FCA,Air,2/28/11,4/4/11,14-Jun-11,14-Jun-11,14-Jun-11,ARV,Adult,ABBVIE LOGISTICS (FORMERLY ABBOTT LOGISTICS BV),"Ritonavir 100mg [Norvir], film coated tablets, 60 Tabs",Ritonavir,Norvir,100mg,Tablet,60,448,3068.8,6.85,0.11,ABBVIE Ludwigshafen Germany,Yes,68,1123.14,5.06
32029,113-ZW-T30,FPQ-13939,SCMS-240570,ASN-27586,Zimbabwe,PMO - US,Direct Drop,EXW,Air Charter,4/1/14,5/27/14,17-Sep-14,17-Sep-14,19-Sep-14,ARV,Adult,HETERO LABS LIMITED,"Lamivudine/Tenofovir Disoproxil Fumarate 300/300mg, tablets, 30 Tabs",Lamivudine/Tenofovir Disoproxil Fumarate,Generic,300/300mg,Tablet - FDC,30,42192,194927.04,4.62,0.15,Hetero Unit III Hyderabad IN,Yes,4584,25682.65,200.38
32059,101-CD-T30,FPQ-14100,SCMS-239410,ASN-26738,"Congo, DRC",PMO - US,Direct Drop,EXW,Air,4/23/14,5/20/14,5-Sep-14,5-Sep-14,16-Sep-14,HRDT,HIV test,"Trinity Biotech, Plc","HIV 1/2, Uni-Gold HIV Kit, 20 Tests","HIV 1/2, Uni-Gold HIV Kit",Uni-Gold,N/A,Test kit,20,30,960,32,1.6,"Trinity Biotech, Plc",No,See ASN-26738 (ID#:15115),See ASN-26738 (ID#:15115),0.99
32064,104-CI-T30,FPQ-6183,SCMS-83692,ASN-11129,Côte d'Ivoire,PMO - US,Direct Drop,CIP,Air,8/10/10,9/10/10,1-Jul-11,1-Jul-11,1-Jul-11,ARV,Adult,MERCK SHARP & DOHME IDEA GMBH (FORMALLY MERCK SHARP & DOHME B.V.),"Efavirenz/Emtricitabine/Tenofovir Disoproxil Fumarate 600/200/300mg [Atripla], tablets, 30 Tabs",Efavirenz/Emtricitabine/Tenofovir Disoproxil Fumarate,Atripla,600/200/300mg,Tablet - FDC,30,6100,307440,50.4,1.68,"MSD, Haarlem, NL",Yes,928,2093.32,662.84
32077,101-CD-T30,FPQ-13555,SCMS-234260,ASN-26439,"Congo, DRC",PMO - US,Direct Drop,EXW,Air,3/19/14,5/5/14,26-Aug-14,26-Aug-14,16-Sep-14,ARV,Pediatric,Aurobindo Pharma Limited,"Zidovudine 10mg/ml, oral solution, Bottle, 240 ml",Zidovudine,Generic,10mg/ml,Oral solution,240,367,734,2,0.01,"Aurobindo Unit III, India",Yes,161,2038.97,0.75
32094,108-VN-T30,FPQ-4720,SCMS-62470,ASN-6341,Vietnam,PMO - US,Direct Drop,EXW,Air,1/4/09,1/12/10,1-Apr-10,1-Apr-10,1-Apr-10,ARV,Adult,MYLAN LABORATORIES LTD (FORMERLY MATRIX LABORATORIES),"Efavirenz 600mg, tablets, 30 Tabs",Efavirenz,Generic,600mg,Tablet,30,23520,105604.8,4.49,0.15,Mylan (formerly Matrix) Nashik,No,See ASN-6341 (ID#:29298),See ASN-6341 (ID#:29298),227.68
32111,117-ET-T30,FPQ-9210,SCMS-134750,ASN-14234,Ethiopia,PMO - US,Direct Drop,EXW,Air,1/18/12,1/23/12,27-Mar-12,27-Mar-12,27-Mar-12,HRDT,HIV test,"CHEMBIO DIAGNOSTIC SYSTEMS, INC.","HIV 1/2, Stat-Pak HIV, Kit, 20 Tests","HIV 1/2, Stat-Pak HIV, Kit",Stat-Pak,N/A,Test kit,20,121,3509,29,1.45,Chembio Diagnostics Sys. Inc.,Yes,42,354.59,4.92
32135,107-RW-T30,FPQ-15065,SCMS-263330,ASN-30487,Rwanda,PMO - US,Direct Drop,EXW,Air,10/15/14,12/18/14,18-Feb-15,18-Feb-15,19-Feb-15,HRDT,HIV test,"SHANGHAI KEHUA BIOENGINEERING CO.,LTD.  (KHB)","HIV 1/2, SKB Colloidal Gold, Diagnostic Kit, Antibody, 50 Tests","HIV 1/2, Colloidal Gold, Diagnostic Kit, Antibody",Colloidal Gold,N/A,Test kit,1,4050,99225,24.5,24.5,"KHB Test Kit Facility, Shanghai China",Yes,2700,35593.04,102
32150,108-VN-T30,FPQ-15823,SCMS-277270,ASN-33526,Vietnam,PMO - US,Direct Drop,FCA,Air,2/13/15,3/4/15,14-Sep-15,14-Sep-15,14-Sep-15,ARV,Adult,ABBVIE LOGISTICS (FORMERLY ABBOTT LOGISTICS BV),"Lopinavir/Ritonavir 200/50mg [Aluvia], tablets, 120 Tabs",Lopinavir/Ritonavir,Aluvia,200/50mg,Tablet,120,300,18240,60.8,0.51,ABBVIE Ludwigshafen Germany,Yes,Weight Captured Separately,Invoiced Separately,21.47
32189,108-VN-T30,FPQ-15692,SCMS-274390,ASN-32268,Vietnam,PMO - US,Direct Drop,EXW,Air,1/28/15,2/17/15,10-Jul-15,7-Jul-15,7-Jul-15,ARV,Adult,HETERO LABS LIMITED,"Efavirenz/Lamivudine/Tenofovir Disoproxil Fumarate 600/300/300mg, tablets, 30 Tabs",Efavirenz/Lamivudine/Tenofovir Disoproxil Fumarate,Generic,600/300/300mg,Tablet - FDC,30,17760,177600,10,0.33,Hetero Unit III Hyderabad IN,Yes,2523,4784.19,209.04
32193,117-ET-T30,FPQ-13200,SCMS-213980,ASN-23661,Ethiopia,PMO - US,Direct Drop,EXW,Air,10/25/13,11/6/13,14-Jan-14,14-Jan-14,15-Jan-14,HRDT,HIV test,"Trinity Biotech, Plc","HIV 1/2, Uni-Gold HIV Kit, 20 Tests","HIV 1/2, Uni-Gold HIV Kit",Uni-Gold,N/A,Test kit,20,11,352,32,1.6,"Trinity Biotech, Plc",Yes,4,526.44,0.36
32279,116-ZA-T30,FPQ-3560,SCMS-49641,ASN-5157,South Africa,PMO - US,Direct Drop,DDP,Truck,5/7/09,7/21/09,12-Aug-09,12-Aug-09,12-Aug-09,ARV,Adult,S. BUYS WHOLESALER,"Didanosine EC 400mg [Videx EC], delayed-release capsules, Blister 3 x 10 Caps",Didanosine EC,Videx EC,400mg,Delayed-release capsules - blister,30,110,3051.72,27.74,0.92,"BMS Meymac, France",No,Weight Captured Separately,Freight Included in Commodity Cost,5.98
32306,108-VN-T30,FPQ-15040,SCMS-263660,ASN-30941,Vietnam,PMO - US,Direct Drop,EXW,Air,10/30/14,12/8/14,31-Mar-15,31-Mar-15,1-Apr-15,ARV,Adult,HETERO LABS LIMITED,"Efavirenz 600mg, tablets, 30 Tabs",Efavirenz,Generic,600mg,Tablet,30,2800,9800,3.5,0.12,Hetero Unit III Hyderabad IN,Yes,953,1593.67,10.07
32313,107-RW-T30,FPQ-6185,SCMS-84400,ASN-10663,Rwanda,PMO - US,Direct Drop,CIP,Air,9/3/10,9/27/10,25-Apr-11,25-Apr-11,25-Apr-11,ARV,Adult,Aurobindo Pharma Limited,"Didanosine 400mg, delayed-release capsules, 30 Caps",Didanosine,Generic,400mg,Delayed-release capsules,30,595,12048.75,20.25,0.68,"Aurobindo Unit III, India",Yes,87,255,25.98
32316,102-SD-T30,FPQ-8264,SCMS-121842,ASN-12830,Sudan,PMO - US,Direct Drop,EXW,Air,9/7/11,9/14/11,6-Jan-12,6-Jan-12,6-Jan-12,HRDT,HIV test - Ancillary,"Orgenics, Ltd","Capillary Tubes, for Determine, EDTA, 50uL,100 Pcs","HIV, Capillary Tubes, for Determine, EDTA, 50uL,100 Pcs",Determine,N/A,Test kit - Ancillary,100,2,16,8,0.08,"Alere Medical Co., Ltd.",Yes,2,885.49,0.03
32344,100-DO-T30,FPQ-6126,SCMS-83590,ASN-8401,Dominican Republic,PMO - US,Direct Drop,EXW,Truck,8/19/10,9/2/10,22-Oct-10,22-Oct-10,22-Oct-10,ARV,Adult,"ABBVIE, SRL (FORMALLY ABBOTT LABORATORIES INTERNATIONAL CO.)","Ritonavir 100mg [Norvir], capsules, cool, 2 x 84 Caps",Ritonavir,Norvir,100mg,Capsule,168,346,49824,144,0.86,ABBVIE (Abbott) St. P'burg USA,Yes,268,666.66,107.42
32358,161-ZA-T30,FPQ-5303,SCMS-69030,ASN-7804,South Africa,PMO - US,Direct Drop,DDP,Air,3/18/10,3/19/10,20-Sep-10,20-Sep-10,20-Sep-10,ARV,Adult,Aurobindo Pharma Limited,"Zidovudine 300mg, tablets, 60 Tabs",Zidovudine,Generic,300mg,Tablet,60,29402,218456.86,7.43,0.12,"Aurobindo Unit III, India",Yes,1577,1697.9,470.99
32359,102-SD-T30,FPQ-6991,SCMS-100300,ASN-10450,Sudan,PMO - US,Direct Drop,EXW,Air,2/5/11,3/2/11,29-Apr-11,29-Apr-11,29-Apr-11,HRDT,HIV test,"Standard Diagnostics, Inc.","HIV 1/2, Bioline 3.0 Kit, Lancets, Capillary pipets, Alcohol swabs included, 25 Tests","HIV 1/2, Bioline 3.0 Kit, Lancets, Capillary pipets, Alcohol swabs included",Bioline,N/A,Test kit,25,17,340,20,0.8,"Standard Diagnostics, Korea",Yes,244,2701.16,0.56
32362,106-HT-T30,FPQ-6489,SCMS-90450,ASN-10409,Haiti,PMO - US,Direct Drop,CIP,Air,10/20/10,11/4/10,16-Apr-11,16-Apr-11,16-Apr-11,ARV,Pediatric,MERCK SHARP & DOHME IDEA GMBH (FORMALLY MERCK SHARP & DOHME B.V.),"Efavirenz 30mg/ml [Stocrin/Sustiva], oral solution, Bottle, 180 ml",Efavirenz,Stocrin/Sustiva,30mg/ml,Oral solution,180,525,8904,16.96,0.09,"MSD, Haarlem, NL",Yes,159,290,19.2
32372,114-UG-T30,FPQ-11153,SCMS-171900,ASN-18877,Uganda,PMO - US,Direct Drop,FCA,Air,12/13/12,1/11/13,9-Apr-13,9-Apr-13,9-Apr-13,ARV,Pediatric,ABBVIE LOGISTICS (FORMERLY ABBOTT LOGISTICS BV),"Lopinavir/Ritonavir 100/25mg [Aluvia], tablets, 60 Tabs",Lopinavir/Ritonavir,Generic,100/25mg,Tablet,60,6390,37956.6,5.94,0.1,ABBVIE Ludwigshafen Germany,Yes,733,6255.87,46.95
32398,116-ZA-T30,FPQ-12522,SCMS-199280,ASN-24433,South Africa,PMO - US,Direct Drop,DDP,Truck,7/11/13,8/13/13,7-Feb-14,7-Feb-14,7-Feb-14,ARV,Adult,S. BUYS WHOLESALER,"Tenofovir Disoproxil Fumarate 300mg, tablets, 30 Tabs",Tenofovir Disoproxil Fumarate,Generic,300mg,Tablet,30,306,6369.4,20.82,0.69,Hetero Unit III Hyderabad IN,Yes,Weight Captured Separately,Freight Included in Commodity Cost,7.88
32402,901-GH-T30,FPQ-14101,SCMS-245400,ASN-29128,Ghana,PMO - US,Direct Drop,EXW,Air,4/30/14,7/8/14,24-Dec-14,24-Dec-14,2-Jan-15,ARV,Pediatric,Aurobindo Pharma Limited,"Lamivudine 10mg/ml, oral solution, Bottle, 240 ml",Lamivudine,Generic,10mg/ml,Oral solution,240,1905,2724.15,1.43,0.01,"Aurobindo Unit III, India",Yes,786,4304.34,2.8
32405,161-ZA-T30,FPQ-7175,SCMS-103850,ASN-10872,South Africa,PMO - US,Direct Drop,DDP,Ocean,3/10/11,3/28/11,14-Jul-11,14-Jul-11,14-Jul-11,ARV,Adult,CIPLA LIMITED,"Tenofovir Disoproxil Fumarate 300mg, tablets, 30 Tabs",Tenofovir Disoproxil Fumarate,Generic,300mg,Tablet,30,113000,731110,6.47,0.22,"Cipla, Goa, India",Yes,7569,11986.59,1206.33
32422,108-VN-T30,FPQ-13034,SCMS-210120,ASN-24569,Vietnam,PMO - US,Direct Drop,EXW,Air,10/4/13,10/10/13,21-Apr-14,21-Apr-14,22-Apr-14,ARV,Adult,HETERO LABS LIMITED,"Efavirenz/Lamivudine/Tenofovir Disoproxil Fumarate 600/300/300mg, tablets, 30 Tabs",Efavirenz/Lamivudine/Tenofovir Disoproxil Fumarate,Generic,600/300/300mg,Tablet - FDC,30,24556,257838,10.5,0.35,Hetero Unit III Hyderabad IN,Yes,3443,6323.76,318.95
32435,103-MW-T30,FPQ-10790,SCMS-163900,ASN-19497,Malawi,PMO - US,Direct Drop,EXW,Ocean,10/17/12,10/31/12,24-Jul-13,24-Jul-13,24-Jul-13,ARV,Adult,MYLAN LABORATORIES LTD (FORMERLY MATRIX LABORATORIES),"Efavirenz/Lamivudine/Tenofovir Disoproxil Fumarate 600/300/300mg, tablets, 30 Tabs",Efavirenz/Lamivudine/Tenofovir Disoproxil Fumarate,Generic,600/300/300mg,Tablet - FDC,30,190000,2183100,11.49,0.38,Mylan (formerly Matrix) Nashik,Yes,21463,36695.74,2700.49
32438,111-MZ-T30,FPQ-13774,SCMS-229670,ASN-25566,Mozambique,PMO - US,Direct Drop,EXW,Air,2/21/14,2/28/14,2-May-14,2-May-14,2-May-14,HRDT,HIV test,"Orgenics, Ltd","HIV 1/2, Determine Kit without Lancets, Buffer or Caplillary Tubes, 100 Tests","HIV 1/2, Determine Kit without Lancets, Buffer or Capillary Tubes, 100 Tests",Determine,N/A,Test kit,100,229,16522.35,72.15,0.72,"Alere Medical Co., Ltd.",Yes,43,Freight Included in Commodity Cost,16.98
32471,109-TZ-T30,FPQ-3782,SCMS-47770,ASN-5364,Tanzania,PMO - US,Direct Drop,CIP,Air,6/11/09,6/29/09,27-Nov-09,27-Nov-09,27-Nov-09,ARV,Adult,BRISTOL-MYERS SQUIBB,"Didanosine EC 400mg [Videx EC], delayed-release capsules, Blister 3 x 10 Caps",Didanosine EC,Videx EC,400mg,Delayed-release capsules - blister,30,15619,369701.73,23.67,0.79,"BMS Meymac, France",No,See ASN-5364 (ID#:16097),See ASN-5364 (ID#:16097),724.62
32496,108-VN-T30,FPQ-12539,SCMS-199810,ASN-23000,Vietnam,PMO - US,Direct Drop,EXW,Air,7/11/13,8/2/13,23-Dec-13,23-Dec-13,23-Dec-13,ARV,Adult,MYLAN LABORATORIES LTD (FORMERLY MATRIX LABORATORIES),"Lamivudine/Zidovudine 150/300mg, tablets, 60 Tabs",Lamivudine/Zidovudine,Generic,150/300mg,Tablet - FDC,60,4848,31463.52,6.49,0.11,Mylan (formerly Matrix) Nashik,Yes,415,1009.6,38.92
32499,161-ZA-T30,FPQ-7175,SCMS-103470,ASN-11200,South Africa,PMO - US,Direct Drop,DDP,Ocean,3/10/11,3/24/11,2-Sep-11,2-Sep-11,2-Sep-11,ARV,Pediatric,Aurobindo Pharma Limited,"Efavirenz 50mg, capsule, 30 Caps",Efavirenz,Generic,50mg,Capsule,30,50000,122000,2.44,0.08,"Aurobindo Unit III, India",Yes,2953,6409.91,201.3
32505,114-UG-T30,FPQ-11141,SCMS-173410,ASN-19088,Uganda,PMO - US,Direct Drop,FCA,Air,12/13/12,2/4/13,30-Apr-13,30-Apr-13,30-Apr-13,ARV,Pediatric,ABBVIE LOGISTICS (FORMERLY ABBOTT LOGISTICS BV),"Lopinavir/Ritonavir 100/25mg [Aluvia], tablets, 60 Tabs",Lopinavir/Ritonavir,Generic,100/25mg,Tablet,60,2880,17107.2,5.94,0.1,ABBVIE Ludwigshafen Germany,Yes,335,3446.07,21.16
32508,116-ZA-T30,FPQ-14942,SCMS-259073,ASN-30671,South Africa,PMO - US,Direct Drop,DDP,Truck,9/11/14,2/12/15,12-Feb-15,12-Feb-15,12-Feb-15,ARV,Pediatric,PHARMACY DIRECT,"Efavirenz 50mg, capsule, 30 Caps",Efavirenz,Generic,50mg,Capsule,30,9,19.55,2.17,0.07,"Aurobindo Unit III, India",No,Weight Captured Separately,Freight Included in Commodity Cost,0.02
32521,200-DO-T30,FPQ-6615,SCMS-93361,ASN-10226,Dominican Republic,PMO - US,Direct Drop,EXW,Air,11/10/10,12/1/10,4-Apr-11,4-Apr-11,4-Apr-11,ARV,Adult,Aurobindo Pharma Limited,"Lopinavir/Ritonavir 200/50mg, tablets, 120 Tabs",Lopinavir/Ritonavir,Generic,200/50mg,Tablet,120,2508,87780,35,0.29,"Aurobindo Unit III, India",Yes,645,5002.73,144.84
32540,102-GY-T30,FPQ-6983,SCMS-97160,ASN-10064,Guyana,PMO - US,Direct Drop,EXW,Air,1/5/11,2/2/11,12-Apr-11,12-Apr-11,12-Apr-11,HRDT,HIV test,"Orgenics, Ltd","HIV 1/2, Determine Complete HIV Kit, 100 Tests","HIV 1/2, Determine Complete HIV Kit",Determine,N/A,Test kit,100,418,41800,100,1,Inverness Japan,Yes,205,6455.37,68.97
32543,161-ZA-T30,FPQ-7175,SCMS-123580,ASN-12824,South Africa,PMO - US,Direct Drop,DDP,Ocean,3/10/11,9/30/11,22-Dec-11,22-Dec-11,22-Dec-11,ARV,Adult,Aurobindo Pharma Limited,"Efavirenz 600mg, tablets, 30 Tabs",Efavirenz,Generic,600mg,Tablet,30,128887,549058.62,4.26,0.14,"Aurobindo Unit III, India",Yes,10956,16429.12,905.95
32548,102-CD-T30,FPQ-9645,SCMS-145490,ASN-15869,"Congo, DRC",PMO - US,Direct Drop,EXW,Air,4/24/12,5/7/12,17-Dec-12,17-Dec-12,17-Dec-12,HRDT,HIV test,"Orgenics, Ltd","HIV 1/2, DoubleCheck Gold Kit, 20 Tests","HIV 1/2, DoubleCheck Gold Kit",DoubleCheck,N/A,Test kit,20,400,14608,36.52,1.83,"Alere Medical Co., Ltd.",Yes,96,1906.7,20.48
32559,106-HT-T30,FPQ-11304,SCMS-176450,ASN-19219,Haiti,PMO - US,Direct Drop,DAP,Truck,1/22/13,2/12/13,15-Mar-13,15-Mar-13,15-Mar-13,HRDT,HIV test,REINBOLD EXPORT IMPORT,"HIV 1/2, Determine Complete HIV Kit, 100 Tests","HIV 1/2, Determine Complete HIV Kit",Determine,N/A,Test kit,100,25,3125,125,1.25,"Alere Medical Co., Ltd.",Yes,Weight Captured Separately,Freight Included in Commodity Cost,3.87
32594,103-CM-T30,FPQ-10128,SCMS-151600,ASN-16107,Cameroon,PMO - US,Direct Drop,EXW,Air,6/22/12,7/16/12,10-Sep-12,10-Sep-12,10-Sep-12,HRDT,HIV test,"Orgenics, Ltd","HIV 1/2, Determine Kit without Lancets, Buffer or Caplillary Tubes, 100 Tests","HIV 1/2, Determine Kit without Lancets, Buffer or Capillary Tubes, 100 Tests",Determine,N/A,Test kit,100,120,8658,72.15,0.72,"Alere Medical Co., Ltd.",Yes,22,1243.98,12.14
32729,108-VN-T30,FPQ-12539,SCMS-199700,ASN-23138,Vietnam,PMO - US,Direct Drop,FCA,Air,7/11/13,7/30/13,6-Jan-14,6-Jan-14,6-Jan-14,ARV,Adult,ABBVIE LOGISTICS (FORMERLY ABBOTT LOGISTICS BV),"Ritonavir 100mg [Norvir], film coated tablets, 30 Tabs",Ritonavir,Norvir,100mg,Tablet,30,81,1884.06,23.26,0.78,ABBVIE Ludwigshafen Germany,Yes,6,3549.7,2.33
32738,107-RW-T30,FPQ-8742,SCMS-137530,ASN-15140,Rwanda,PMO - US,Direct Drop,EXW,Ocean,12/7/11,4/20/12,23-Aug-12,23-Aug-12,23-Aug-12,ARV,Adult,MYLAN LABORATORIES LTD (FORMERLY MATRIX LABORATORIES),"Efavirenz/Lamivudine/Tenofovir Disoproxil Fumarate 600/300/300mg, tablets, 30 Tabs",Efavirenz/Lamivudine/Tenofovir Disoproxil Fumarate,Generic,600/300/300mg,Tablet - FDC,30,46613,605969,13,0.43,Mylan (formerly Matrix) Nashik,Yes,5245,11186.24,849.57
32742,108-VN-T30,FPQ-6818,SCMS-97850,ASN-11024,Vietnam,PMO - US,Direct Drop,EXW,Air,1/17/11,2/15/11,22-Jun-11,22-Jun-11,22-Jun-11,ARV,Adult,MYLAN LABORATORIES LTD (FORMERLY MATRIX LABORATORIES),"Zidovudine 300mg, tablets, 60 Tabs",Zidovudine,Generic,300mg,Tablet,60,1416,10266,7.25,0.12,Mylan (formerly Matrix) Nashik,No,See ASN-11024 (ID#:15149),See ASN-11024 (ID#:15149),16.94
32743,108-VN-T30,FPQ-13976,SCMS-235620,ASN-28217,Vietnam,PMO - US,Direct Drop,FCA,Air,4/8/14,4/30/14,22-Oct-14,22-Oct-14,22-Oct-14,ARV,Adult,ABBVIE LOGISTICS (FORMERLY ABBOTT LOGISTICS BV),"Lopinavir/Ritonavir 200/50mg [Aluvia], tablets, 120 Tabs",Lopinavir/Ritonavir,Aluvia,200/50mg,Tablet,120,2000,121640,60.82,0.51,ABBVIE Ludwigshafen Germany,Yes,499,1467.82,125.05
32775,106-HT-T30,FPQ-9894,SCMS-147610,ASN-15536,Haiti,PMO - US,Direct Drop,EXW,Air,5/22/12,6/13/12,10-Aug-12,10-Aug-12,10-Aug-12,HRDT,HIV test,"SHANGHAI KEHUA BIOENGINEERING CO.,LTD.  (KHB)","HIV 1/2, SKB Colloidal Gold, Diagnostic Kit, Antibody, 50 Tests","HIV 1/2, Colloidal Gold, Diagnostic Kit, Antibody",Colloidal Gold,N/A,Test kit,1,600,14700,24.5,24.5,"KHB Test Kit Facility, Shanghai China",Yes,434,4209.61,20.61
32837,161-ZA-T30,FPQ-5303,SCMS-68981,ASN-8465,South Africa,PMO - US,Direct Drop,DDP,Air,3/18/10,3/19/10,8-Dec-10,8-Dec-10,8-Dec-10,ARV,Adult,Aurobindo Pharma Limited,"Nevirapine 200mg, tablets, 60 Tabs",Nevirapine,Generic,200mg,Tablet,60,24000,70080,2.92,0.05,"Aurobindo Unit III, India",Yes,2830,5159.34,151.09
32865,101-CD-T30,FPQ-14654,SCMS-253270,ASN-28379,"Congo, DRC",PMO - US,Direct Drop,EXW,Air,8/11/14,8/27/14,31-Dec-14,31-Dec-14,31-Dec-14,HRDT,HIV test,"Orgenics, Ltd","HIV 1/2, Determine Complete HIV Kit, 100 Tests","HIV 1/2, Determine Complete HIV Kit",Determine,N/A,Test kit,100,5359,428720,80,0.8,"Alere Medical Co., Ltd.",Yes,2131,62196.13,440.72
32883,116-ZA-T30,FPQ-13973,SCMS-238555,ASN-29257,South Africa,PMO - US,Direct Drop,DDP,Truck,4/30/14,11/4/14,5-Nov-14,5-Nov-14,5-Nov-14,ARV,Adult,PHARMACY DIRECT,"Lamivudine/Zidovudine 150/300mg, tablets, 60 Tabs",Lamivudine/Zidovudine,Generic,150/300mg,Tablet - FDC,60,19,592.65,31.19,0.52,"Aurobindo Unit III, India",No,Weight Captured Separately,Freight Included in Commodity Cost,0.61
32889,116-ZA-T30,FPQ-11828,SCMS-183950,ASN-19166,South Africa,South Africa Field Office,Direct Drop,DDP,Truck,3/18/13,Date Not Captured,16-Apr-13,16-Apr-13,16-Apr-13,ARV,Adult,S. BUYS WHOLESALER,"Emtricitabine/Tenofovir Disoproxil Fumarate 200/300mg, tablets, 30 Tabs",Emtricitabine/Tenofovir Disoproxil Fumarate,Generic,200/300mg,Tablet - FDC,30,50,1528.18,30.56,1.02,"Aurobindo Unit III, India",No,Weight Captured Separately,Freight Included in Commodity Cost,1.89
32892,111-MZ-T30,FPQ-13395,SCMS-219220,ASN-25453,Mozambique,PMO - US,Direct Drop,EXW,Air,12/11/13,12/17/13,2-May-14,2-May-14,7-May-14,ARV,Adult,HETERO LABS LIMITED,"Lamivudine/Nevirapine/Zidovudine 150/200/300mg, tablets, 60 Tabs",Lamivudine/Nevirapine/Zidovudine,Generic,150/300/200mg,Tablet - FDC,60,33216,269381.76,8.11,0.14,Hetero Unit III Hyderabad IN,Yes,4516,16537.11,276.92
32893,101-CD-T30,FPQ-16001,SCMS-280220,ASN-32231,"Congo, DRC",PMO - US,Direct Drop,EXW,Air,3/10/15,3/17/15,23-Jul-15,23-Jul-15,29-Jul-15,HRDT,HIV test,"Orgenics, Ltd","HIV 1/2, Determine Complete HIV Kit, 100 Tests","HIV 1/2, Determine Complete HIV Kit",Determine,N/A,Test kit,100,17,1360,80,0.8,"Alere Medical Co., Ltd.",No,See ASN-32231 (ID#:13648),See ASN-32231 (ID#:13648),1.6
32903,116-ZA-T30,FPQ-12522,SCMS-199289,ASN-28033,South Africa,PMO - US,Direct Drop,DDP,Truck,7/11/13,8/29/14,29-Aug-14,29-Aug-14,29-Aug-14,ARV,Adult,S. BUYS WHOLESALER,"Tenofovir Disoproxil Fumarate 300mg, tablets, 30 Tabs",Tenofovir Disoproxil Fumarate,Generic,300mg,Tablet,30,486,10116.11,20.82,0.69,Hetero Unit III Hyderabad IN,No,Weight Captured Separately,Freight Included in Commodity Cost,12.51
32938,116-ZA-T30,FPQ-14942,SCMS-259079,ASN-33854,South Africa,PMO - US,Direct Drop,DDP,Truck,9/11/14,10/9/14,24-Aug-15,24-Aug-15,24-Aug-15,ARV,Adult,PHARMACY DIRECT,"Saquinavir 200mg [Invirase], capsules, 270 Caps",Saquinavir,Invirase,200mg,Capsule,270,1,59.67,59.67,0.22,Roche Madrid,Yes,Weight Captured Separately,Freight Included in Commodity Cost,0.06
32953,107-RW-T30,FPQ-12791,SCMS-205930,ASN-23656,Rwanda,PMO - US,Direct Drop,EXW,Air,8/9/13,9/19/13,31-Jan-14,31-Jan-14,4-Mar-14,ARV,Adult,MYLAN LABORATORIES LTD (FORMERLY MATRIX LABORATORIES),"Abacavir/Lamivudine 600/300mg, tablets, 30 Tabs",Abacavir/Lamivudine,Generic,600/300mg,Tablet - FDC,30,40705,549110.45,13.49,0.45,Mylan (formerly Matrix) Nashik,Yes,3948,24035.49,679.25
32959,144-BW-T30,FPQ-4167,SCMS-54200,ASN-7797,Botswana,PMO - US,Direct Drop,EXW,Air,9/9/09,9/30/09,31-Aug-10,31-Aug-10,31-Aug-10,HRDT,HIV test - Ancillary,Orasure Technologies Inc.,"#109435**HIV, OraQuick Controls Kit, 3 Vials","HIV, OraQuick Controls Kit, 3 Vials",OraQuick,N/A,Test kit - Ancillary,3,10,250,25,8.33,"Orasure Technologies, Inc USA",Yes,6,418.94,0.49
32963,104-CI-T30,FPQ-12806,SCMS-206521,ASN-24427,Côte d'Ivoire,PMO - US,Direct Drop,FCA,Air,8/9/13,12/9/13,17-Mar-14,17-Mar-14,18-Mar-14,ARV,Pediatric,ABBVIE LOGISTICS (FORMERLY ABBOTT LOGISTICS BV),"Lopinavir/Ritonavir 100/25mg [Aluvia], tablets, 60 Tabs",Lopinavir/Ritonavir,Generic,100/25mg,Tablet,60,5900,35046,5.94,0.1,ABBVIE Ludwigshafen Germany,Yes,701,7008.1,43.35
32973,116-ZA-T30,FPQ-14942,SCMS-259078,ASN-33473,South Africa,PMO - US,Direct Drop,DDP,Truck,9/11/14,10/9/14,24-Jul-15,24-Jul-15,24-Jul-15,ARV,Adult,PHARMACY DIRECT,"Raltegravir 400mg [Isentress], tablets, 60 Tabs",Raltegravir,Isentress,400mg,Tablet,60,30,1972.56,65.75,1.1,"MSD, Haarlem, NL",No,Weight Captured Separately,Freight Included in Commodity Cost,2.03
32986,106-HT-T30,FPQ-16241,SCMS-288910,ASN-33289,Haiti,PMO - US,Direct Drop,EXW,Air,5/5/15,5/27/15,10-Aug-15,10-Aug-15,11-Aug-15,ARV,Pediatric,HETERO LABS LIMITED,"Lamivudine 10mg/ml, oral solution, Bottle, 240 ml",Lamivudine,Generic,10mg/ml,Oral solution,240,2292,3506.76,1.53,0.01,Hetero Unit III Hyderabad IN,Yes,Weight Captured Separately,Invoiced Separately,4.13
33019,116-ZA-T30,FPQ-12523,SCMS-199310,ASN-29450,South Africa,PMO - US,Direct Drop,DDP,Truck,7/12/13,8/13/13,19-Nov-14,19-Nov-14,19-Nov-14,ARV,Adult,S. BUYS WHOLESALER,"Darunavir 300mg [Prezista], tablets, 120 Tabs",Darunavir,Prezista,300mg,Tablet,120,76,5844.58,76.9,0.64,"Janssen-Cilag, Latina, IT",Yes,Weight Captured Separately,Freight Included in Commodity Cost,7.23
33050,104-CI-T30,FPQ-13629,SCMS-228890,ASN-30737,Côte d'Ivoire,PMO - US,Direct Drop,FCA,Air,1/31/14,3/3/14,10-Mar-15,10-Mar-15,10-Mar-15,ARV,Pediatric,ABBVIE LOGISTICS (FORMERLY ABBOTT LOGISTICS BV),"Lopinavir/Ritonavir 80/20mg/ml [Kaletra], oral solution, cool, Bottle 5 x 60 ml",Lopinavir/Ritonavir,Kaletra,80/20mg/ml,Oral solution,300,500,15410,30.82,0.1,ABBVIE (Abbott) Logis. UK,Yes,632,7514.75,15.84
33077,161-ZA-T30,FPQ-6262,SCMS-83720,ASN-9714,South Africa,PMO - US,Direct Drop,DDP,Air,8/31/10,9/24/10,23-Mar-11,23-Mar-11,23-Mar-11,ARV,Adult,Aurobindo Pharma Limited,"Abacavir 300mg, tablets, 60 Tabs",Abacavir,Generic,300mg,Tablet,60,7600,121448,15.98,0.27,"Aurobindo Unit III, India",Yes,782,2534.68,261.84
33097,116-ZA-T30,FPQ-11828,SCMS-183950,ASN-19166,South Africa,South Africa Field Office,Direct Drop,DDP,Truck,3/18/13,Date Not Captured,16-Apr-13,16-Apr-13,16-Apr-13,ARV,Pediatric,S. BUYS WHOLESALER,"Nevirapine 10mg/ml [Viramune], oral suspension, Bottle, 240 ml",Nevirapine,Viramune,10mg/ml,Oral suspension,240,212,2720.61,12.83,0.05,Boehringer Ingelheim Roxane US,No,Weight Captured Separately,Freight Included in Commodity Cost,3.37
33116,107-RW-T30,FPQ-10092,SCMS-149431,ASN-15554,Rwanda,PMO - US,Direct Drop,EXW,Air,6/4/12,6/12/12,4-Aug-12,4-Aug-12,4-Aug-12,ARV,Adult,HETERO LABS LIMITED,"Lamivudine/Tenofovir Disoproxil Fumarate 300/300mg, tablets, 30 Tabs",Lamivudine/Tenofovir Disoproxil Fumarate,Generic,300/300mg,Tablet - FDC,30,61209,293191.11,4.79,0.16,Hetero Unit III Hyderabad IN,Yes,9117,98763.02,411.05
33144,108-VN-T30,FPQ-4719,SCMS-62310,ASN-6597,Vietnam,PMO - US,Direct Drop,EXW,Air,1/4/10,1/7/10,20-May-10,20-May-10,20-May-10,ARV,Adult,MYLAN LABORATORIES LTD (FORMERLY MATRIX LABORATORIES),"Tenofovir Disoproxil Fumarate 300mg, tablets, 30 Tabs",Tenofovir Disoproxil Fumarate,Generic,300mg,Tablet,30,4536,34020,7.5,0.25,Mylan (formerly Matrix) Nashik,Yes,266,3678.45,73.35
33168,109-TZ-T30,FPQ-11427,SCMS-175480,ASN-19502,Tanzania,PMO - US,Direct Drop,EXW,Air,1/15/13,2/15/13,18-Jun-13,18-Jun-13,18-Jun-13,ARV,Adult,MYLAN LABORATORIES LTD (FORMERLY MATRIX LABORATORIES),"Atazanavir/Ritonavir 300/100mg, tablets, 30 Tabs",Atazanavir/Ritonavir,Generic,300/100mg,Tablet,30,4779,107527.5,22.5,0.75,Mylan (formerly Matrix) Nashik,Yes,643,4142.07,133.01
33179,114-UG-T30,FPQ-15314,SCMS-264750,ASN-31496,Uganda,PMO - US,Direct Drop,EXW,Air,11/11/14,12/4/14,5-May-15,5-May-15,5-May-15,HRDT,HIV test,"Orgenics, Ltd","HIV 1/2, Determine Complete HIV Kit, 100 Tests","HIV 1/2, Determine Complete HIV Kit",Determine,N/A,Test kit,100,6227,498160,80,0.8,"Alere Medical Co., Ltd.",Yes,2527,20534.4,586.33
33190,116-ZA-T30,FPQ-14942,SCMS-259075,ASN-32138,South Africa,PMO - US,Direct Drop,DDP,Truck,9/11/14,5/11/15,12-May-15,12-May-15,12-May-15,ARV,Adult,PHARMACY DIRECT,"Lamivudine 150mg, tablets, 60 Tabs",Lamivudine,Generic,150mg,Tablet,60,3,19.82,6.61,0.11,"Aurobindo Unit III, India",No,Weight Captured Separately,Freight Included in Commodity Cost,0.02
33218,106-HT-T30,FPQ-14083,SCMS-240190,ASN-26906,Haiti,PMO - US,Direct Drop,EXW,Ocean,5/11/14,6/2/14,20-Oct-14,20-Oct-14,24-Oct-14,ARV,Pediatric,Aurobindo Pharma Limited,"Nevirapine 10mg/ml, oral suspension, Bottle, 240 ml",Nevirapine,Generic,10mg/ml,Oral suspension,240,3300,4983,1.51,0.01,"Aurobindo Unit III, India",Yes,Weight Captured Separately,Invoiced Separately,5.12
33232,114-UG-T30,FPQ-13696,SCMS-231380,ASN-26594,Uganda,PMO - US,Direct Drop,EXW,Air,2/19/14,3/21/14,26-Jun-14,26-Jun-14,27-Jun-14,ARV,Adult,MYLAN LABORATORIES LTD (FORMERLY MATRIX LABORATORIES),"Atazanavir/Ritonavir 300/100mg, tablets, 30 Tabs",Atazanavir/Ritonavir,Generic,300/100mg,Tablet,30,1801,36020,20,0.67,Mylan (formerly Matrix) Nashik,Yes,225,1726.75,37.03
33263,106-HT-T30,FPQ-9621,SCMS-147160,ASN-16866,Haiti,PMO - US,Direct Drop,FCA,Air,4/20/12,8/3/12,8-Nov-12,8-Nov-12,8-Nov-12,ARV,Pediatric,LAWRENCE LABORATORIES (SUBSIDIARY OF BRISTOL MYERS SQUIBB),"Didanosine 2g [Videx], powder for oral solution 10mg/ml, reconstitute to 200 ml",Didanosine,Videx,2g,Powder for oral solution,200,98,1233.82,12.59,0.06,Bristol-Myers Squibb Anagni IT,Yes,22,1662.72,1.73
33296,114-UG-T30,FPQ-6918,SCMS-96910,ASN-10338,Uganda,PMO - US,Direct Drop,DDP,Air,1/6/11,1/21/11,29-Mar-11,29-Mar-11,29-Mar-11,ARV,Adult,ASPEN PHARMACARE,"Darunavir 300mg [Prezista], tablets, 120 Tabs",Darunavir,Prezista,300mg,Tablet,120,95,8780.85,92.43,0.77,"Aspen-OSD, Port Elizabeth, SA",Yes,14,171,14.49
33305,161-ZA-T30,FPQ-7175,SCMS-104030,ASN-12189,South Africa,PMO - US,Direct Drop,DDP,Ocean,3/10/11,3/28/11,18-Nov-11,18-Nov-11,18-Nov-11,ARV,Adult,CIPLA LIMITED,"Tenofovir Disoproxil Fumarate 300mg, tablets, 30 Tabs",Tenofovir Disoproxil Fumarate,Generic,300mg,Tablet,30,113000,731110,6.47,0.22,"Cipla, Goa, India",Yes,7663,9560.03,1206.33
33314,151-NG-T30,FPQ-16553,SCMS-296470,ASN-33749,Nigeria,PMO - US,Direct Drop,EXW,Air,7/7/15,8/4/15,2-Sep-15,2-Sep-15,9-Sep-15,ARV,Pediatric,CIPLA LIMITED,"Abacavir/Lamivudine 60/30mg, dispersible tablets, 60 Tabs",Abacavir/Lamivudine,Generic,60/30mg,Chewable/dispersible tablet - FDC,60,13429,67145,5,0.08,"Cipla, Patalganga, India",Yes,Weight Captured Separately,Invoiced Separately,79.03
33359,114-UG-T30,FPQ-14325,SCMS-250220,ASN-29067,Uganda,PMO - US,Direct Drop,CIP,Air,5/26/14,8/25/14,1-Nov-14,1-Nov-14,2-Nov-14,ARV,Adult,JANSSEN SCIENCES IRELAND UC (FORMERLY JANSSEN R&D IRELAND),"Etravirine 100mg [Intelence], tablets, 120 Tabs",Etravirine,Intelence,100mg,Tablet,120,501,18036,36,0.3,"Janssen-Cilag, Latina, IT",Yes,151,297.25,18.54
33360,106-HT-T30,FPQ-11433,SCMS-178730,ASN-18767,Haiti,PMO - US,Direct Drop,CIP,Air,1/31/13,2/27/13,2-Apr-13,2-Apr-13,2-Apr-13,ARV,Adult,ETHNOR DEL ISTMO S.A.,"Darunavir 300mg [Prezista], tablets, 120 Tabs",Darunavir,Prezista,300mg,Tablet,120,120,7992,66.6,0.55,"Janssen Ortho LLC, Puerto Rico",Yes,26,240,9.89
33379,106-HT-T30,FPQ-14083,SCMS-240202,ASN-28246,Haiti,PMO - US,Direct Drop,EXW,Ocean,5/11/14,7/31/14,17-Nov-14,17-Nov-14,17-Nov-14,ARV,Adult,MYLAN LABORATORIES LTD (FORMERLY MATRIX LABORATORIES),"Lamivudine/Nevirapine/Zidovudine 150/200/300mg, tablets, 60 Tabs",Lamivudine/Nevirapine/Zidovudine,Generic,150/300/200mg,Tablet - FDC,60,33624,272354.4,8.1,0.13,Mylan (formerly Matrix) Nashik,Yes,Weight Captured Separately,Invoiced Separately,279.98
33402,102-ML-T30,FPQ-13391,SCMS-221932,ASN-24648,Mali,PMO - US,Direct Drop,EXW,Air,12/16/13,1/22/14,31-Mar-14,31-Mar-14,14-Apr-14,HRDT,HIV test,"Orgenics, Ltd","HIV 1/2, Clearview Complete Kit, 25 Tests","HIV 1/2, Clearview Complete Kit",Clearview,N/A,Test kit,25,154,14630,95,3.8,Chembio Diagnostics Sys. Inc.,Yes,87,2445.68,15.04
33403,116-ZA-T30,FPQ-3560,SCMS-49631,ASN-5446,South Africa,PMO - US,Direct Drop,DDP,Truck,5/7/09,7/21/09,14-Sep-09,30-Sep-09,30-Sep-09,ARV,Adult,S. BUYS WHOLESALER,"Efavirenz 600mg, tablets, 30 Tabs",Efavirenz,Generic,600mg,Tablet,30,6387,121664.04,19.05,0.64,"Cipla, Goa, India",Yes,Weight Captured Separately,Freight Included in Commodity Cost,238.46
33422,108-VN-T30,FPQ-10811,SCMS-164550,ASN-18970,Vietnam,PMO - US,Direct Drop,EXW,Air,10/15/12,7/11/12,15-May-13,15-May-13,15-May-13,ARV,Adult,STRIDES ARCOLAB LIMITED,"Lamivudine/Nevirapine/Zidovudine 150/200/300mg, tablets, 60 Tabs",Lamivudine/Nevirapine/Zidovudine,Generic,150/300/200mg,Tablet - FDC,60,14142,119075.64,8.42,0.14,"Strides, Bangalore, India.",Yes,1741,3821.49,147.3
33441,108-VN-T30,FPQ-14516,SCMS-251680,ASN-29384,Vietnam,PMO - US,Direct Drop,EXW,Air,7/9/14,8/11/14,24-Dec-14,24-Dec-14,24-Dec-14,ARV,Adult,HETERO LABS LIMITED,"Tenofovir Disoproxil Fumarate 300mg, tablets, 30 Tabs",Tenofovir Disoproxil Fumarate,Generic,300mg,Tablet,30,6000,21300,3.55,0.12,Hetero Unit III Hyderabad IN,Yes,2490,4545.64,21.9
33450,113-ZW-T30,FPQ-7521,SCMS-108020,ASN-13966,Zimbabwe,PMO - US,Direct Drop,EXW,Air,4/7/11,5/5/11,20-Mar-12,20-Mar-12,20-Mar-12,HRDT,HIV test,"Orgenics, Ltd","HIV 1/2, Determine Complete HIV Kit, 100 Tests","HIV 1/2, Determine Complete HIV Kit",Determine,N/A,Test kit,100,1967,157360,80,0.8,Inverness Japan,Yes,1004,18612.64,259.64
33494,108-VN-T30,FPQ-13524,SCMS-226260,ASN-26928,Vietnam,PMO - US,Direct Drop,EXW,Air,2/6/14,3/10/14,30-Jul-14,30-Jul-14,1-Aug-14,ARV,Adult,HETERO LABS LIMITED,"Tenofovir Disoproxil Fumarate 300mg, tablets, 30 Tabs",Tenofovir Disoproxil Fumarate,Generic,300mg,Tablet,30,9300,33015,3.55,0.12,Hetero Unit III Hyderabad IN,No,See ASN-26928 (ID#:23156),See ASN-26928 (ID#:23156),33.94
33522,104-CI-T30,FPQ-9874,SCMS-147590,ASN-17853,Côte d'Ivoire,PMO - US,Direct Drop,EXW,Air,5/11/12,6/13/12,6-Feb-13,6-Feb-13,6-Feb-13,HRDT,HIV test,"Orgenics, Ltd","HIV 1/2, Determine Complete HIV Kit, 100 Tests","HIV 1/2, Determine Complete HIV Kit",Determine,N/A,Test kit,100,2400,192000,80,0.8,"Alere Medical Co., Ltd.",Yes,1043,20882.95,269.18
33544,111-MZ-T30,FPQ-11923,SCMS-187130,ASN-21340,Mozambique,PMO - US,Direct Drop,FCA,Air,4/19/13,4/25/13,30-Sep-13,30-Sep-13,30-Sep-13,ARV,Adult,ABBVIE LOGISTICS (FORMERLY ABBOTT LOGISTICS BV),"Ritonavir 100mg [Norvir], film coated tablets, 60 Tabs",Ritonavir,Norvir,100mg,Tablet,60,168,1150.8,6.85,0.11,ABBVIE Ludwigshafen Germany,Yes,23,851.62,1.42
33615,116-ZA-T30,FPQ-12522,SCMS-199289,ASN-28037,South Africa,PMO - US,Direct Drop,DDP,Truck,7/11/13,8/29/14,29-Aug-14,29-Aug-14,29-Aug-14,ARV,Adult,S. BUYS WHOLESALER,"Nevirapine 200mg, tablets, 60 Tabs",Nevirapine,Generic,200mg,Tablet,60,83,1624.98,19.58,0.33,"Aurobindo Unit III, India",No,Weight Captured Separately,Freight Included in Commodity Cost,2.01
33631,103-ZW-T30,FPQ-12094,SCMS-186830,ASN-22178,Zimbabwe,PMO - US,Direct Drop,FCA,Air,4/19/13,4/25/13,13-Dec-13,13-Dec-13,16-Dec-13,ARV,Pediatric,LAWRENCE LABORATORIES (SUBSIDIARY OF BRISTOL MYERS SQUIBB),"Didanosine 25mg [Videx], chewable tablets, 60 Tabs",Didanosine,Videx,25mg,Chewable/dispersible tablet,60,372,2604,7,0.12,Bristol-Myers Squibb Anagni IT,Yes,95,2265.88,3.22
33634,161-ZA-T30,FPQ-6262,SCMS-83830,ASN-9196,South Africa,PMO - US,Direct Drop,DDP,Ocean,8/31/10,9/24/10,1-Feb-11,1-Feb-11,1-Feb-11,ARV,Adult,Aurobindo Pharma Limited,"Efavirenz 600mg, tablets, 30 Tabs",Efavirenz,Generic,600mg,Tablet,30,96764,438340.92,4.53,0.15,"Aurobindo Unit III, India",Yes,8468,30412.15,945.06
33654,116-ZA-T30,FPQ-13973,SCMS-238551,ASN-26882,South Africa,PMO - US,Direct Drop,DDP,Truck,4/30/14,6/25/14,25-Jun-14,25-Jun-14,25-Jun-14,ARV,Adult,PHARMACY DIRECT,"Lamivudine/Zidovudine 150/300mg, tablets, 60 Tabs",Lamivudine/Zidovudine,Generic,150/300mg,Tablet - FDC,60,18,561.46,31.19,0.52,"Aurobindo Unit III, India",No,Weight Captured Separately,Freight Included in Commodity Cost,0.58
33665,105-GH-T30,FPQ-14050,SCMS-236690,ASN-27495,Ghana,PMO - US,Direct Drop,EXW,Air,4/12/14,5/15/14,11-Sep-14,11-Sep-14,11-Sep-14,ARV,Adult,MYLAN LABORATORIES LTD (FORMERLY MATRIX LABORATORIES),"Efavirenz/Lamivudine/Tenofovir Disoproxil Fumarate 600/300/300mg, tablets, 30 Tabs",Efavirenz/Lamivudine/Tenofovir Disoproxil Fumarate,Generic,600/300/300mg,Tablet - FDC,30,38692,415552.08,10.74,0.36,Mylan (formerly Matrix) Nashik,Yes,4707,32683.47,427.19
33684,104-CI-T30,FPQ-11294,SCMS-173130,ASN-19139,Côte d'Ivoire,PMO - US,Direct Drop,EXW,Air,12/14/12,1/15/13,26-Apr-13,26-Apr-13,26-Apr-13,HRDT,HIV test,"Orgenics, Ltd","HIV 1/2, Determine Complete HIV Kit, 100 Tests","HIV 1/2, Determine Complete HIV Kit",Determine,N/A,Test kit,100,2953,236240,80,0.8,"Alere Medical Co., Ltd.",Yes,1284,23273.76,292.23
33701,116-ZA-T30,FPQ-13035,SCMS-215370,ASN-24415,South Africa,PMO - US,Direct Drop,DDP,Truck,10/8/13,12/2/13,6-Feb-14,6-Feb-14,6-Feb-14,ARV,Adult,S. BUYS WHOLESALER,"Stavudine 20mg [Zerit], capsules, 60 Caps",Stavudine,Zerit,20mg,Capsule,60,8,38.34,4.79,0.08,Bristol-Myers Squibb Anagni IT,No,Weight Captured Separately,Freight Included in Commodity Cost,0.05
33719,116-ZA-T30,FPQ-14942,SCMS-295800,ASN-33865,South Africa,PMO - US,Direct Drop,DDP,Truck,9/11/14,8/24/15,24-Aug-15,24-Aug-15,24-Aug-15,ARV,Pediatric,PHARMACY DIRECT,"Lamivudine 10mg/ml, oral solution, Bottle, 240 ml",Lamivudine,Generic,10mg/ml,Oral solution,240,17,91.92,5.41,0.02,"Aurobindo Unit III, India",No,Weight Captured Separately,Freight Included in Commodity Cost,0.09
33760,108-VN-T30,FPQ-7898,SCMS-113611,ASN-14064,Vietnam,PMO - US,Direct Drop,EXW,Air,6/27/11,7/8/11,29-Mar-12,29-Mar-12,29-Mar-12,ARV,Adult,STRIDES ARCOLAB LIMITED,"Efavirenz 600mg, tablets, 30 Tabs",Efavirenz,Generic,600mg,Tablet,30,18854,77301.4,4.1,0.14,"Strides, Bangalore, India.",Yes,1146,5977.2,127.55
33773,116-ZA-T30,FPQ-14942,SCMS-259077,ASN-33477,South Africa,PMO - US,Direct Drop,DDP,Truck,9/11/14,10/9/14,24-Jul-15,24-Jul-15,24-Jul-15,ARV,Adult,PHARMACY DIRECT,"Lamivudine 150mg, tablets, 60 Tabs",Lamivudine,Generic,150mg,Tablet,60,65,429.44,6.61,0.11,"Aurobindo Unit III, India",No,Weight Captured Separately,Freight Included in Commodity Cost,0.44
33799,109-TZ-T30,FPQ-13048,SCMS-210890,ASN-23967,Tanzania,PMO - US,Direct Drop,FCA,Air,10/3/13,10/31/13,7-Mar-14,7-Mar-14,11-Mar-14,ARV,Pediatric,ABBVIE LOGISTICS (FORMERLY ABBOTT LOGISTICS BV),"Lopinavir/Ritonavir 100/25mg [Aluvia], tablets, 60 Tabs",Lopinavir/Ritonavir,Generic,100/25mg,Tablet,60,1742,10347.48,5.94,0.1,ABBVIE Ludwigshafen Germany,Yes,208,2336.46,12.8
33807,106-HT-T30,FPQ-11287,SCMS-176360,ASN-21068,Haiti,PMO - US,Direct Drop,FCA,Air,1/16/13,2/5/13,11-Sep-13,11-Sep-13,11-Sep-13,ARV,Pediatric,ABBVIE LOGISTICS (FORMERLY ABBOTT LOGISTICS BV),"Lopinavir/Ritonavir 100/25mg [Aluvia], tablets, 60 Tabs",Lopinavir/Ritonavir,Generic,100/25mg,Tablet,60,612,3635.28,5.94,0.1,ABBVIE Ludwigshafen Germany,Yes,76,1259.05,4.5
33810,103-MW-T30,FPQ-10790,SCMS-163880,ASN-17940,Malawi,PMO - US,Direct Drop,EXW,Ocean,10/17/12,10/31/12,21-Jun-13,21-Jun-13,21-Jun-13,ARV,Adult,MYLAN LABORATORIES LTD (FORMERLY MATRIX LABORATORIES),"Efavirenz/Lamivudine/Tenofovir Disoproxil Fumarate 600/300/300mg, tablets, 30 Tabs",Efavirenz/Lamivudine/Tenofovir Disoproxil Fumarate,Generic,600/300/300mg,Tablet - FDC,30,6200,71238,11.49,0.38,Mylan (formerly Matrix) Nashik,Yes,701,3548.81,88.12
33812,116-ZA-T30,FPQ-14942,SCMS-259075,ASN-32138,South Africa,PMO - US,Direct Drop,DDP,Truck,9/11/14,5/11/15,12-May-15,12-May-15,12-May-15,ARV,Pediatric,PHARMACY DIRECT,"Lamivudine 10mg/ml, oral solution, Bottle, 240 ml",Lamivudine,Generic,10mg/ml,Oral solution,240,3,15.5,5.17,0.02,"Aurobindo Unit III, India",No,Weight Captured Separately,Freight Included in Commodity Cost,0.02
33833,161-ZA-T30,FPQ-5379,SCMS-69550,ASN-8303,South Africa,PMO - US,Direct Drop,DDP,Air,3/24/10,3/25/10,1-Jul-10,1-Jul-10,1-Jul-10,ARV,Pediatric,ASPEN PHARMACARE,"Abacavir 20mg/ml [Ziagen], oral solution, Bottle, 240 ml",Abacavir,Ziagen,20mg/ml,Oral solution,240,80884,1219730.72,15.08,0.06,GSK Mississauga (Canada),Yes,Weight Captured Separately,Freight Included in Commodity Cost,2629.74
33848,102-ML-T30,FPQ-11783,SCMS-182790,ASN-19410,Mali,PMO - US,Direct Drop,CIP,Air,3/15/13,4/11/13,17-Jul-13,17-Jul-13,17-Jul-13,HRDT,HIV test - Ancillary,Orasure Technologies Inc.,"HIV, OraQuick Controls Kit, 3 Vials","HIV, OraQuick Controls Kit, 3 Vials",OraQuick,N/A,Test kit - Ancillary,1,41,1025,25,25,"Orasure Technologies, Inc USA",Yes,Weight Captured Separately,Freight Included in Commodity Cost,1.27
33861,116-ZA-T30,FPQ-13973,SCMS-238550,ASN-30792,South Africa,PMO - US,Direct Drop,DDP,Truck,4/30/14,5/8/14,19-Feb-15,19-Feb-15,19-Feb-15,ARV,Adult,PHARMACY DIRECT,"Didanosine 400mg, delayed-release capsules, 30 Caps",Didanosine,Generic,400mg,Delayed-release capsules,30,3,59.03,19.68,0.66,"Aurobindo Unit III, India",No,Weight Captured Separately,Freight Included in Commodity Cost,0.06
33863,901-CM-T30,FPQ-12837,SCMS-204300,ASN-21706,Cameroon,PMO - US,Direct Drop,EXW,Air,8/19/13,8/23/13,18-Oct-13,9-Nov-13,19-Nov-13,ARV,Adult,Aurobindo Pharma Limited,"Lamivudine/Nevirapine/Zidovudine 150/200/300mg, tablets, 60 Tabs",Lamivudine/Nevirapine/Zidovudine,Generic,150/300/200mg,Tablet - FDC,60,38515,313126.95,8.13,0.14,"Aurobindo Unit III, India",Yes,4892,41173.77,387.34
33868,161-ZA-T30,FPQ-6708,SCMS-93520,ASN-9579,South Africa,PMO - US,Direct Drop,DDP,Ocean,11/26/10,12/6/10,26-Jun-11,26-Jun-11,26-Jun-11,ARV,Adult,Aurobindo Pharma Limited,"Tenofovir Disoproxil Fumarate 300mg, tablets, 30 Tabs",Tenofovir Disoproxil Fumarate,Generic,300mg,Tablet,30,70331,467701.15,6.65,0.22,"Aurobindo Unit III, India",Yes,6564,12396.57,771.71
33872,108-VN-T30,FPQ-13524,SCMS-226220,ASN-26924,Vietnam,PMO - US,Direct Drop,EXW,Air,2/6/14,3/10/14,29-Jul-14,29-Jul-14,6-Aug-14,ARV,Adult,HETERO LABS LIMITED,"Efavirenz/Lamivudine/Tenofovir Disoproxil Fumarate 600/300/300mg, tablets, 30 Tabs",Efavirenz/Lamivudine/Tenofovir Disoproxil Fumarate,Generic,600/300/300mg,Tablet - FDC,30,22752,238896,10.5,0.35,Hetero Unit III Hyderabad IN,Yes,3195,5583.11,245.59
33882,161-ZA-T30,FPQ-6708,SCMS-93620,ASN-10110,South Africa,PMO - US,Direct Drop,DDP,Ocean,11/26/10,12/14/10,5-May-11,5-May-11,5-May-11,ARV,Adult,CIPLA LIMITED,"Tenofovir Disoproxil Fumarate 300mg, tablets, 30 Tabs",Tenofovir Disoproxil Fumarate,Generic,300mg,Tablet,30,150000,1029000,6.86,0.23,"Cipla, Goa, India",Yes,10151,19569.93,1697.85
33896,105-GH-T30,FPQ-13809,SCMS-234080,ASN-28229,Ghana,PMO - US,Direct Drop,EXW,Air,3/7/14,4/15/14,21-Nov-14,21-Nov-14,25-Nov-14,ARV,Adult,MYLAN LABORATORIES LTD (FORMERLY MATRIX LABORATORIES),"Lamivudine/Zidovudine 150/300mg, tablets, 60 Tabs",Lamivudine/Zidovudine,Generic,150/300mg,Tablet - FDC,60,25687,166708.63,6.49,0.11,Mylan (formerly Matrix) Nashik,Yes,2184,15041.23,171.38
33909,105-SS-T30,FPQ-14470,SCMS-245240,ASN-29503,South Sudan,PMO - US,Direct Drop,EXW,Air,6/17/14,7/1/14,9-Jan-15,9-Jan-15,19-Jan-15,HRDT,HIV test,"Trinity Biotech, Plc","HIV 1/2, Uni-Gold HIV Kit, 20 Tests","HIV 1/2, Uni-Gold HIV Kit",Uni-Gold,N/A,Test kit,20,25,800,32,1.6,"Trinity Biotech, Plc",No,See ASN-29503 (ID#:13571),See ASN-29503 (ID#:13571),0.82
33948,116-ZA-T30,FPQ-13973,SCMS-238552,ASN-27606,South Africa,PMO - US,Direct Drop,DDP,Truck,4/30/14,8/5/14,5-Aug-14,5-Aug-14,5-Aug-14,ARV,Adult,PHARMACY DIRECT,"Efavirenz 600mg, tablets, 30 Tabs",Efavirenz,Generic,600mg,Tablet,30,60,935.76,15.6,0.52,"Aurobindo Unit III, India",No,Weight Captured Separately,Freight Included in Commodity Cost,0.96
33962,106-HT-T30,FPQ-4337,SCMS-56120,ASN-5630,Haiti,PMO - US,Direct Drop,CIP,Air,10/13/09,11/6/09,21-Dec-09,21-Dec-09,21-Dec-09,ARV,Pediatric,BRISTOL-MYERS SQUIBB,"Didanosine 25mg [Videx], chewable tablets, 60 Tabs",Didanosine,Videx,25mg,Chewable/dispersible tablet,60,120,840,7,0.12,"BMS Meymac, France",Yes,29,260,1.65
33964,901-CM-T30,FPQ-12837,SCMS-204300,ASN-21698,Cameroon,PMO - US,Direct Drop,EXW,Air,8/19/13,8/23/13,18-Oct-13,18-Oct-13,18-Oct-13,ARV,Adult,Aurobindo Pharma Limited,"Zidovudine 300mg, tablets, 60 Tabs",Zidovudine,Generic,300mg,Tablet,60,16820,91332.6,5.43,0.09,"Aurobindo Unit III, India",Yes,2993,28620.2,112.98
33969,109-TZ-T30,FPQ-5446,SCMS-71300,ASN-7529,Tanzania,PMO - US,Direct Drop,EXW,Ocean,4/15/10,4/23/10,21-Sep-10,21-Sep-10,21-Sep-10,ARV,Adult,MYLAN LABORATORIES LTD (FORMERLY MATRIX LABORATORIES),"Efavirenz/Emtricitabine/Tenofovir Disoproxil Fumarate 600/200/300mg, tablets, 30 Tabs",Efavirenz/Emtricitabine/Tenofovir Disoproxil Fumarate,Generic,600/200/300mg,Tablet - FDC,30,57727,1148767.3,19.9,0.66,Mylan (formerly Matrix) Nashik,Yes,6349,27797.6,2476.74
34010,114-UG-T30,FPQ-15303,SCMS-264961,ASN-32047,Uganda,PMO - US,Direct Drop,EXW,Air,11/11/14,11/25/14,26-May-15,26-May-15,1-Jun-15,ARV,Adult,EMCURE PHARMACEUTICALS LTD,"Atazanavir/Ritonavir 300/100mg, tablets, 30 Tabs",Atazanavir/Ritonavir,Generic,300/100mg,Tablet,30,1000,18000,18,0.6,"Emcure Plot No.P-2, I.T-B.T. Park, Phase II, MIDC, Hinjwadi, Pune, India",Yes,132,1329.99,21.19
34028,107-RW-T30,FPQ-4047,SCMS-50840,ASN-7094,Rwanda,PMO - US,Direct Drop,CIP,Air,7/28/09,8/18/09,13-Jun-10,13-Jun-10,13-Jun-10,ARV,Adult,HETERO LABS LIMITED,"Lamivudine 150mg, tablets, 60 Tabs",Lamivudine,Generic,150mg,Tablet,60,4500,11655,2.59,0.04,Hetero Unit III Hyderabad IN,Yes,277,1393.42,22.84
34058,109-TZ-T30,FPQ-13945,SCMS-235400,ASN-31018,Tanzania,PMO - US,Direct Drop,EXW,Air,3/27/14,5/6/14,28-Apr-15,28-Apr-15,28-Apr-15,HRDT,HIV test,"Trinity Biotech, Plc","HIV 1/2, Uni-Gold HIV Kit, 20 Tests","HIV 1/2, Uni-Gold HIV Kit",Uni-Gold,N/A,Test kit,20,84,2688,32,1.6,"Trinity Biotech, Plc",Yes,33,939.38,2.76
34062,108-VN-T30,FPQ-12051,SCMS-188651,ASN-24041,Vietnam,PMO - US,Direct Drop,EXW,Air,5/3/13,11/28/13,30-May-14,30-May-14,31-May-14,ARV,Adult,MYLAN LABORATORIES LTD (FORMERLY MATRIX LABORATORIES),"Lamivudine/Zidovudine 150/300mg, tablets, 60 Tabs",Lamivudine/Zidovudine,Generic,150/300mg,Tablet - FDC,60,9789,66075.75,6.75,0.11,Mylan (formerly Matrix) Nashik,Yes,1585,2965.32,81.74
34103,106-HT-T30,FPQ-13494,SCMS-225422,ASN-27237,Haiti,PMO - US,Direct Drop,EXW,Air,1/21/14,2/19/14,28-Aug-14,28-Aug-14,28-Aug-14,HRDT,HIV test,"SHANGHAI KEHUA BIOENGINEERING CO.,LTD.  (KHB)","HIV 1/2, SKB Colloidal Gold, Diagnostic Kit, Antibody, 50 Tests","HIV 1/2, Colloidal Gold, Diagnostic Kit, Antibody",Colloidal Gold,N/A,Test kit,1,450,11025,24.5,24.5,"KHB Test Kit Facility, Shanghai China",Yes,300,3446.68,11.33
34113,105-SS-T30,FPQ-11539,SCMS-176931,ASN-20331,South Sudan,PMO - US,Direct Drop,EXW,Air,1/24/13,2/26/13,20-Sep-13,20-Sep-13,20-Sep-13,HRDT,HIV test - Ancillary,"Orgenics, Ltd","Chase Buffer, Determine, 100 Tests, 2.5ml x 1 Vial","Chase Buffer, Determine, 100 Tests, 2.5ml x 1 Vial",Determine,N/A,Test kit - Ancillary,1,115,575,5,5,"Alere Medical Co., Ltd.",Yes,115,2660.05,0.71
34119,116-ZA-T30,FPQ-14942,SCMS-259077,ASN-33479,South Africa,PMO - US,Direct Drop,DDP,Truck,9/11/14,10/9/14,24-Jul-15,24-Jul-15,24-Jul-15,ARV,Adult,PHARMACY DIRECT,"Etravirine 100mg [Intelence], tablets, 120 Tabs",Etravirine,Intelence,100mg,Tablet,120,1,27.51,27.51,0.23,"Janssen-Cilag, Latina, IT",Yes,Weight Captured Separately,Freight Included in Commodity Cost,0.03
34122,104-CI-T30,FPQ-13125,SCMS-215031,ASN-24897,Côte d'Ivoire,PMO - US,Direct Drop,EXW,Air,10/25/13,11/21/13,17-Mar-14,17-Mar-14,18-Mar-14,HRDT,HIV test,"Standard Diagnostics, Inc.","HIV 1/2, Bioline 3.0 Kit, Lancets, Capillary pipets, Alcohol swabs included, 25 Tests","HIV 1/2, Bioline 3.0 Kit, Lancets, Capillary pipets, Alcohol swabs included",Bioline,N/A,Test kit,25,2700,55350,20.5,0.82,"Standard Diagnostics, Korea",Yes,900,9024.04,56.9
34140,109-TZ-T30,FPQ-16453,SCMS-293550,ASN-33357,Tanzania,PMO - US,Direct Drop,EXW,Air,6/8/15,6/25/15,24-Aug-15,24-Aug-15,28-Aug-15,HRDT,HIV test,"Orgenics, Ltd","HIV 1/2, Determine Complete HIV Kit, 100 Tests","HIV 1/2, Determine Complete HIV Kit",Determine,N/A,Test kit,100,1900,152000,80,0.8,"Alere Medical Co., Ltd.",Yes,Weight Captured Separately,Invoiced Separately,178.9
34143,116-ZA-T30,FPQ-14942,SCMS-259075,ASN-32122,South Africa,PMO - US,Direct Drop,DDP,Truck,9/11/14,5/11/15,12-May-15,12-May-15,12-May-15,ARV,Pediatric,PHARMACY DIRECT,"Lamivudine 10mg/ml, oral solution, Bottle, 240 ml",Lamivudine,Generic,10mg/ml,Oral solution,240,6,31.01,5.17,0.02,"Aurobindo Unit III, India",No,Weight Captured Separately,Freight Included in Commodity Cost,0.03
34164,102-SZ-T30,FPQ-7281,SCMS-109450,ASN-11528,Swaziland,PMO - US,Direct Drop,EXW,Air,3/28/11,6/17/11,8-Aug-11,8-Aug-11,8-Aug-11,HRDT,HIV test,"Orgenics, Ltd","HIV 1/2, Determine Complete HIV Kit, 100 Tests","HIV 1/2, Determine Complete HIV Kit",Determine,N/A,Test kit,100,90,7200,80,0.8,Inverness Japan,No,See ASN-11528 (ID#:29347),See ASN-11528 (ID#:29347),11.88
34184,108-VN-T30,FPQ-6818,SCMS-98170,ASN-10617,Vietnam,PMO - US,Direct Drop,FCA,Air,1/17/11,2/9/11,10-May-11,10-May-11,10-May-11,ARV,Adult,ABBVIE LOGISTICS (FORMERLY ABBOTT LOGISTICS BV),"Ritonavir 100mg [Norvir], capsules, cool, 4 x 84 Caps",Ritonavir,Norvir,100mg,Capsule,336,36,7434.36,206.51,0.61,ABBVIE (Abbott) Logis. UK,Yes,111,7300.68,12.27
34226,102-SD-T30,FPQ-5295,SCMS-69270,ASN-6658,Sudan,PMO - US,Direct Drop,EXW,Air,3/15/10,3/24/10,18-May-10,18-May-10,18-May-10,HRDT,HIV test,"Orgenics, Ltd","HIV 1/2, Determine Complete HIV Kit, 100 Tests","HIV 1/2, Determine Complete HIV Kit",Determine,N/A,Test kit,100,350,28000,80,0.8,Inverness Japan,Yes,104,2023.76,60.37
34235,116-ZA-T30,FPQ-5535,SCMS-71370,ASN-7373,South Africa,PMO - US,Direct Drop,DDP,Truck,4/19/10,4/21/10,31-May-10,31-May-10,31-May-10,ARV,Adult,S. BUYS WHOLESALER,"Lamivudine 150mg [Epivir], tablets, 60 Tabs",Lamivudine,Epivir,150mg,Tablet,60,2500,14939.06,5.98,0.1,GSK Ware (UK),No,Weight Captured Separately,Freight Included in Commodity Cost,32.21
34267,114-UG-T30,FPQ-13816,SCMS-231330,ASN-25469,Uganda,PMO - US,Direct Drop,EXW,Air,2/27/14,3/19/14,22-Apr-14,22-Apr-14,24-Apr-14,HRDT,HIV test,"Orgenics, Ltd","HIV 1/2, Determine Complete HIV Kit, 100 Tests","HIV 1/2, Determine Complete HIV Kit",Determine,N/A,Test kit,100,5486,438880,80,0.8,"Alere Medical Co., Ltd.",Yes,2224,21346.47,451.17
34280,108-VN-T30,FPQ-5317,SCMS-69520,ASN-7485,Vietnam,PMO - US,Direct Drop,EXW,Air,3/22/10,3/29/10,3-Aug-10,3-Aug-10,3-Aug-10,ARV,Adult,STRIDES ARCOLAB LIMITED,"Lamivudine 150mg, tablets, 60 Tabs",Lamivudine,Generic,150mg,Tablet,60,5600,13160,2.35,0.04,"Strides, Bangalore, India.",No,See ASN-7485 (ID#:30256),See ASN-7485 (ID#:30256),28.37
34319,133-NG-T30,FPQ-14995,SCMS-260700,ASN-29932,Nigeria,PMO - US,Direct Drop,EXW,Air,9/22/14,10/29/14,19-Jan-15,19-Jan-15,22-Jan-15,HRDT,HIV test,"Orgenics, Ltd","HIV 1/2, Determine Complete HIV Kit, 100 Tests","HIV 1/2, Determine Complete HIV Kit",Determine,N/A,Test kit,100,3176,282664,89,0.89,"Alere Medical Co., Ltd.",Yes,1288,16002.97,290.58
34336,116-ZA-T30,FPQ-13973,SCMS-238550,ASN-30792,South Africa,PMO - US,Direct Drop,DDP,Truck,4/30/14,5/8/14,19-Feb-15,19-Feb-15,19-Feb-15,ARV,Adult,PHARMACY DIRECT,"Tenofovir Disoproxil Fumarate 300mg, tablets, 30 Tabs",Tenofovir Disoproxil Fumarate,Generic,300mg,Tablet,30,3,57.36,19.12,0.64,Mylan (formerly Matrix) Nashik,No,Weight Captured Separately,Freight Included in Commodity Cost,0.06
34351,113-ZW-T30,FPQ-4476,SCMS-56180,ASN-5618,Zimbabwe,PMO - US,Direct Drop,EXW,Air,10/27/09,10/29/09,8-Jan-10,8-Jan-10,8-Jan-10,HRDT,HIV test,"Orgenics, Ltd","HIV 1/2, Determine Complete HIV Kit, 100 Tests","HIV 1/2, Determine Complete HIV Kit",Determine,N/A,Test kit,100,1270,91440,72,0.72,Inverness Japan,Yes,635,11835.69,197.14
34360,104-CI-T30,FPQ-6897,SCMS-101010,ASN-10906,Côte d'Ivoire,PMO - US,Direct Drop,EXW,Air,1/5/11,3/11/11,15-Jun-11,15-Jun-11,15-Jun-11,ARV,Adult,MYLAN LABORATORIES LTD (FORMERLY MATRIX LABORATORIES),"Abacavir/Lamivudine/Zidovudine 300/150/300mg, tablets, 60 Tabs",Abacavir/Lamivudine/Zidovudine,Generic,300/150/300mg,Tablet - FDC,60,2432,72960,30,0.5,Mylan (formerly Matrix) Nashik,Yes,403,5714.74,120.38
34380,116-ZA-T30,FPQ-12523,SCMS-199315,ASN-27209,South Africa,PMO - US,Direct Drop,DDP,Truck,7/12/13,7/11/14,11-Jul-14,11-Jul-14,11-Jul-14,ARV,Pediatric,S. BUYS WHOLESALER,"Atazanavir 150mg [Reyataz], capsules, 60 Caps",Atazanavir,Reyataz,150mg,Capsule,60,2,51.37,25.68,0.43,"BMS Evansville, US",Yes,Weight Captured Separately,Freight Included in Commodity Cost,0.06
34456,105-GH-T30,FPQ-13809,SCMS-234070,ASN-26109,Ghana,PMO - US,Direct Drop,EXW,Air,3/7/14,4/14/14,12-Jun-14,12-Jun-14,12-Jun-14,ARV,Adult,STRIDES ARCOLAB LIMITED,"Efavirenz 600mg, tablets, 30 Tabs",Efavirenz,Generic,600mg,Tablet,30,33144,105729.36,3.19,0.11,"Strides, Bangalore, India.",Yes,1874,9507.26,108.69
34459,108-VN-T30,FPQ-9576,SCMS-149030,ASN-16137,Vietnam,PMO - US,Direct Drop,EXW,Air,4/11/12,6/8/12,28-Sep-12,28-Sep-12,28-Sep-12,ARV,Adult,HETERO LABS LIMITED,"Lamivudine/Zidovudine 150/300mg, tablets, 60 Tabs",Lamivudine/Zidovudine,Generic,150/300mg,Tablet - FDC,60,7760,59364,7.65,0.13,Hetero Unit III Hyderabad IN,Yes,675,1587.92,83.23
34505,101-CD-T30,FPQ-14100,SCMS-239410,ASN-26738,"Congo, DRC",PMO - US,Direct Drop,EXW,Air,4/23/14,5/20/14,5-Sep-14,5-Sep-14,16-Sep-14,HRDT,HIV test,"Trinity Biotech, Plc","HIV 1/2, Uni-Gold HIV Kit, 20 Tests","HIV 1/2, Uni-Gold HIV Kit",Uni-Gold,N/A,Test kit,20,5,160,32,1.6,"Trinity Biotech, Plc",No,See ASN-26738 (ID#:15115),See ASN-26738 (ID#:15115),0.16
34526,108-VN-T30,FPQ-16123,SCMS-283040,ASN-33511,Vietnam,PMO - US,Direct Drop,FCA,Air,3/26/15,4/2/15,8-Sep-15,8-Sep-15,8-Sep-15,ARV,Adult,ABBVIE LOGISTICS (FORMERLY ABBOTT LOGISTICS BV),"Ritonavir 100mg [Norvir], film coated tablets, 30 Tabs",Ritonavir,Norvir,100mg,Tablet,30,450,10467,23.26,0.78,ABBVIE Ludwigshafen Germany,Yes,Weight Captured Separately,Invoiced Separately,12.32
34551,133-NG-T30,FPQ-12812,SCMS-210350,ASN-22877,Nigeria,PMO - US,Direct Drop,EXW,Air,8/13/13,11/1/13,23-Dec-13,23-Dec-13,10-Jan-14,HRDT,HIV test,"Orgenics, Ltd","HIV 1/2, Determine Complete HIV Kit, 100 Tests","HIV 1/2, Determine Complete HIV Kit",Determine,N/A,Test kit,100,9335,830815,89,0.89,"Alere Medical Co., Ltd.",Yes,3788,61035.9,1027.72
34563,109-TZ-T30,FPQ-4157,SCMS